<?xml version="1.0" encoding="UTF-8"?>
<!DOCTYPE html PUBLIC "-//W3C//DTD XHTML 1.0 Transitional//EN"
    "http://www.w3.org/TR/xhtml1/DTD/xhtml1-transitional.dtd">
<html xmlns="http://www.w3.org/1999/xhtml" xml:lang="en" lang="en">
 <head>
  <title>
</title>
<meta http-equiv="Content-Type" content="text/html;charset=utf-8" />
  <meta name='ocr-system' content='tesseract 3.04.00' />
  <meta name='ocr-capabilities' content='ocr_page ocr_carea ocr_par ocr_line ocrx_word'/>
</head>
<body>
  <div class='ocr_page' id='page_1' title='image "./patrologiaecurs32goog_0047.png"; bbox 0 0 3784 6000; ppageno 0'>
   <div class='ocr_carea' id='block_1_1' title="bbox 166 245 2108 309">
    <p class='ocr_par' dir='ltr' id='par_1_1' title="bbox 166 245 2108 309">
     <span class='ocr_line' id='line_1_1' title="bbox 166 245 2108 309; baseline 0.01 -20"><span class='ocrx_word' id='word_1_1' title='bbox 166 248 243 309; x_wconf 71' lang='lat'><strong>35</strong></span> <span class='ocrx_word' id='word_1_2' title='bbox 1671 245 2108 309; x_wconf 70' lang='lat' dir='ltr'><strong>sms‘roLAE.</strong></span> 
     </span>
    </p>
   </div>
   <div class='ocr_carea' id='block_1_2' title="bbox 169 379 3596 458">
    <p class='ocr_par' dir='ltr' id='par_1_2' title="bbox 169 379 3596 458">
     <span class='ocr_line' id='line_1_2' title="bbox 169 379 3596 458; baseline 0.001 -19"><span class='ocrx_word' id='word_1_3' title='bbox 169 388 319 439; x_wconf 89' lang='lat' dir='ltr'><strong>tum.</strong></span> <span class='ocrx_word' id='word_1_4' title='bbox 352 381 471 439; x_wconf 87' lang='lat' dir='ltr'><strong>Sed</strong></span> <span class='ocrx_word' id='word_1_5' title='bbox 512 380 573 437; x_wconf 90' lang='lat' dir='ltr'><strong>in</strong></span> <span class='ocrx_word' id='word_1_6' title='bbox 605 381 805 452; x_wconf 87' lang='lat' dir='ltr'><strong>ipsum</strong></span> <span class='ocrx_word' id='word_1_7' title='bbox 844 379 917 437; x_wconf 88' lang='lat' dir='ltr'><strong>dc</strong></span> <span class='ocrx_word' id='word_1_8' title='bbox 953 379 1067 438; x_wconf 88' lang='lat' dir='ltr'><strong>alio</strong></span> <span class='ocrx_word' id='word_1_9' title='bbox 1098 395 1297 454; x_wconf 87' lang='lat' dir='ltr'><strong>regno,</strong></span> <span class='ocrx_word' id='word_1_10' title='bbox 1320 382 1393 439; x_wconf 91' lang='lat' dir='ltr'><strong>de</strong></span> <span class='ocrx_word' id='word_1_11' title='bbox 1423 382 1832 441; x_wconf 70' lang='lat' dir='ltr'><strong>transmarinis</strong></span> <span class='ocrx_word' id='word_1_12' title='bbox 1866 391 1918 454; x_wconf 74' lang='grc' dir='ltr'><strong>Α</strong></span> <span class='ocrx_word' id='word_1_13' title='bbox 1951 383 2145 442; x_wconf 87' lang='lat' dir='ltr'><strong>sulatu</strong></span> <span class='ocrx_word' id='word_1_14' title='bbox 2179 386 2487 443; x_wconf 74' lang='lat' dir='ltr'><strong>reducatur</strong></span> <span class='ocrx_word' id='word_1_15' title='bbox 2514 384 2585 442; x_wconf 91' lang='lat' dir='ltr'><strong>ad</strong></span> <span class='ocrx_word' id='word_1_16' title='bbox 2619 384 2888 454; x_wconf 82' lang='lat' dir='ltr'><strong>formam,</strong></span> <span class='ocrx_word' id='word_1_17' title='bbox 2918 383 3078 458; x_wconf 88' lang='lat' dir='ltr'><strong>quod</strong></span> <span class='ocrx_word' id='word_1_18' title='bbox 3097 384 3415 457; x_wconf 71' lang='lat' dir='ltr'><strong>cujuslibet</strong></span> <span class='ocrx_word' id='word_1_19' title='bbox 3440 385 3596 442; x_wconf 89' lang='lat' dir='ltr'><strong>inso-</strong></span> 
     </span>
    </p>
   </div>
   <div class='ocr_carea' id='block_1_3' title="bbox 168 461 1839 723">
    <p class='ocr_par' dir='ltr' id='par_1_3' title="bbox 168 461 1839 723">
     <span class='ocr_line' id='line_1_3' title="bbox 168 461 1836 543; baseline 0.001 -15"><span class='ocrx_word' id='word_1_20' title='bbox 168 470 468 543; x_wconf 87' lang='lat' dir='ltr'><strong>partibus,</strong></span> <span class='ocrx_word' id='word_1_21' title='bbox 498 469 573 527; x_wconf 91' lang='lat' dir='ltr'><strong>de</strong></span> <span class='ocrx_word' id='word_1_22' title='bbox 596 468 919 541; x_wconf 73' lang='lat' dir='ltr'><strong>longinquo</strong></span> <span class='ocrx_word' id='word_1_23' title='bbox 949 468 1347 527; x_wconf 74' lang='lat' dir='ltr'><strong>sciliectvclut</strong></span> <span class='ocrx_word' id='word_1_24' title='bbox 1375 461 1449 528; x_wconf 85' lang='lat' dir='ltr'><strong>in&#39;</strong></span> <span class='ocrx_word' id='word_1_25' title='bbox 1465 471 1711 529; x_wconf 90' lang='lat' dir='ltr'><strong>occultis</strong></span> <span class='ocrx_word' id='word_1_26' title='bbox 1742 489 1836 529; x_wconf 90' lang='lat' dir='ltr'><strong>sa-</strong></span> 
     </span>
     <span class='ocr_line' id='line_1_4' title="bbox 168 558 1839 635; baseline 0 -18"><span class='ocrx_word' id='word_1_27' title='bbox 168 562 315 635; x_wconf 79' lang='lat' dir='ltr'><strong>gitta</strong></span> <span class='ocrx_word' id='word_1_28' title='bbox 358 559 711 617; x_wconf 84' lang='lat' dir='ltr'><strong>transmissa</strong></span> <span class='ocrx_word' id='word_1_29' title='bbox 737 561 848 627; x_wconf 88' lang='lat' dir='ltr'><strong>est,</strong></span> <span class='ocrx_word' id='word_1_30' title='bbox 879 562 938 616; x_wconf 94' lang='lat' dir='ltr'><strong>et</strong></span> <span class='ocrx_word' id='word_1_31' title='bbox 974 558 1162 617; x_wconf 87' lang='lat' dir='ltr'><strong>bostis</strong></span> <span class='ocrx_word' id='word_1_32' title='bbox 1196 560 1341 616; x_wconf 88' lang='lat' dir='ltr'><strong>dum</strong></span> <span class='ocrx_word' id='word_1_33' title='bbox 1372 561 1675 634; x_wconf 67' lang='lat' dir='ltr'><strong>previderi</strong></span> <span class='ocrx_word' id='word_1_34' title='bbox 1717 577 1839 618; x_wconf 90' lang='lat' dir='ltr'><strong>me-</strong></span> 
     </span>
     <span class='ocr_line' id='line_1_5' title="bbox 170 646 1837 723; baseline 0 -16"><span class='ocrx_word' id='word_1_35' title='bbox 170 649 299 719; x_wconf 84' lang='lat' dir='ltr'><strong>tuit,</strong></span> <span class='ocrx_word' id='word_1_36' title='bbox 330 647 607 723; x_wconf 86' lang='lat' dir='ltr'><strong>gladium</strong></span> <span class='ocrx_word' id='word_1_37' title='bbox 637 646 910 720; x_wconf 87' lang='lat' dir='ltr'><strong>protinus</strong></span> <span class='ocrx_word' id='word_1_38' title='bbox 941 647 1120 720; x_wconf 91' lang='lat' dir='ltr'><strong>capiti</strong></span> <span class='ocrx_word' id='word_1_39' title='bbox 1160 648 1476 707; x_wconf 89' lang='lat' dir='ltr'><strong>nescientis</strong></span> <span class='ocrx_word' id='word_1_40' title='bbox 1506 649 1694 707; x_wconf 88' lang='lat' dir='ltr'><strong>illisit.</strong></span> <span class='ocrx_word' id='word_1_41' title='bbox 1725 650 1837 707; x_wconf 85' lang='lat' dir='ltr'><strong>So-</strong></span> 
     </span>
    </p>
   </div>
   <div class='ocr_carea' id='block_1_4' title="bbox 1945 472 3594 725">
    <p class='ocr_par' dir='ltr' id='par_1_4' title="bbox 1945 472 3594 725">
     <span class='ocr_line' id='line_1_6' title="bbox 1948 472 3593 549; baseline 0.001 -20"><span class='ocrx_word' id='word_1_42' title='bbox 1948 472 2125 531; x_wconf 90' lang='lat' dir='ltr'><strong>lentia</strong></span> <span class='ocrx_word' id='word_1_43' title='bbox 2144 475 2232 532; x_wconf 86' lang='lat' dir='ltr'><strong>vel</strong></span> <span class='ocrx_word' id='word_1_44' title='bbox 2253 473 2545 547; x_wconf 88' lang='lat' dir='ltr'><strong>imperitia</strong></span> <span class='ocrx_word' id='word_1_45' title='bbox 2563 474 2893 549; x_wconf 71' lang='lat' dir='ltr'><strong>denigravit</strong></span> <span class='ocrx_word' id='word_1_46' title='bbox 2916 474 2989 531; x_wconf 90' lang='lat' dir='ltr'><strong>ad</strong></span> <span class='ocrx_word' id='word_1_47' title='bbox 3011 473 3266 547; x_wconf 90' lang='lat' dir='ltr'><strong>culpam.</strong></span> <span class='ocrx_word' id='word_1_48' title='bbox 3290 474 3593 547; x_wconf 83' lang='lat' dir='ltr'><strong>Siquidem</strong></span> 
     </span>
     <span class='ocr_line' id='line_1_7' title="bbox 1945 561 3593 635; baseline -0.001 -15"><span class='ocrx_word' id='word_1_49' title='bbox 1945 564 2102 635; x_wconf 90' lang='lat' dir='ltr'><strong>quod</strong></span> <span class='ocrx_word' id='word_1_50' title='bbox 2151 566 2347 620; x_wconf 88' lang='lat' dir='ltr'><strong>actum</strong></span> <span class='ocrx_word' id='word_1_51' title='bbox 2396 564 2587 620; x_wconf 89' lang='lat' dir='ltr'><strong>fuerat</strong></span> <span class='ocrx_word' id='word_1_52' title='bbox 2643 567 2848 620; x_wconf 78' lang='lat' dir='ltr'><strong>vestrae</strong></span> <span class='ocrx_word' id='word_1_53' title='bbox 2897 562 3174 621; x_wconf 89' lang='lat' dir='ltr'><strong>nimirum</strong></span> <span class='ocrx_word' id='word_1_54' title='bbox 3220 561 3593 621; x_wconf 69' lang='lat' dir='ltr'><strong>discretionis</strong></span> 
     </span>
     <span class='ocr_line' id='line_1_8' title="bbox 1946 652 3594 725; baseline -0.001 -14"><span class='ocrx_word' id='word_1_55' title='bbox 1946 653 2286 711; x_wconf 88' lang='lat' dir='ltr'><strong>auctoritate</strong></span> <span class='ocrx_word' id='word_1_56' title='bbox 2332 656 2651 710; x_wconf 88' lang='lat' dir='ltr'><strong>correctum</strong></span> <span class='ocrx_word' id='word_1_57' title='bbox 2683 656 2793 720; x_wconf 90' lang='lat' dir='ltr'><strong>est,</strong></span> <span class='ocrx_word' id='word_1_58' title='bbox 2827 657 3064 725; x_wconf 88' lang='lat' dir='ltr'><strong>accepto</strong></span> <span class='ocrx_word' id='word_1_59' title='bbox 3117 652 3344 710; x_wconf 89' lang='lat' dir='ltr'><strong>scilicet</strong></span> <span class='ocrx_word' id='word_1_60' title='bbox 3370 652 3444 710; x_wconf 94' lang='lat' dir='ltr'><strong>ab</strong></span> <span class='ocrx_word' id='word_1_61' title='bbox 3482 652 3594 711; x_wconf 89' lang='lat' dir='ltr'><strong>isto</strong></span> 
     </span>
    </p>
   </div>
   <div class='ocr_carea' id='block_1_5' title="bbox 170 735 3590 817">
    <p class='ocr_par' dir='ltr' id='par_1_5' title="bbox 170 735 3590 817">
     <span class='ocr_line' id='line_1_9' title="bbox 170 735 3590 817; baseline 0.001 -22"><span class='ocrx_word' id='word_1_62' title='bbox 170 738 283 797; x_wconf 88' lang='lat' dir='ltr'><strong>lent</strong></span> <span class='ocrx_word' id='word_1_63' title='bbox 314 741 522 811; x_wconf 86' lang='lat' dir='ltr'><strong>patres</strong></span> <span class='ocrx_word' id='word_1_64' title='bbox 551 736 807 794; x_wconf 87' lang='lat' dir='ltr'><strong>filiorum</strong></span> <span class='ocrx_word' id='word_1_65' title='bbox 840 735 1071 794; x_wconf 89' lang='lat' dir='ltr'><strong>delictis</strong></span> <span class='ocrx_word' id='word_1_66' title='bbox 1102 737 1325 811; x_wconf 82' lang='lat' dir='ltr'><strong>virgam</strong></span> <span class='ocrx_word' id='word_1_67' title='bbox 1364 738 1525 812; x_wconf 89' lang='lat' dir='ltr'><strong>prius</strong></span> <span class='ocrx_word' id='word_1_68' title='bbox 1556 739 1834 799; x_wconf 89' lang='lat' dir='ltr'><strong>adbibere</strong></span> <span class='ocrx_word' id='word_1_69' title='bbox 1933 744 2293 815; x_wconf 83' lang='lat' dir='ltr'><strong>juramento,</strong></span> <span class='ocrx_word' id='word_1_70' title='bbox 2353 744 2507 817; x_wconf 90' lang='lat' dir='ltr'><strong>quod</strong></span> <span class='ocrx_word' id='word_1_71' title='bbox 2564 743 2624 799; x_wconf 92' lang='lat' dir='ltr'><strong>in</strong></span> <span class='ocrx_word' id='word_1_72' title='bbox 2679 746 2939 814; x_wconf 84' lang='lat' dir='ltr'><strong>tempore</strong></span> <span class='ocrx_word' id='word_1_73' title='bbox 2994 741 3160 800; x_wconf 85' lang='lat' dir='ltr'><strong>vobis</strong></span> <span class='ocrx_word' id='word_1_74' title='bbox 3216 742 3590 816; x_wconf 88' lang='lat' dir='ltr'><strong>complacito,</strong></span> 
     </span>
    </p>
   </div>
   <div class='ocr_carea' id='block_1_6' title="bbox 172 826 1831 1707">
    <p class='ocr_par' dir='ltr' id='par_1_6' title="bbox 172 826 1831 1707">
     <span class='ocr_line' id='line_1_10' title="bbox 172 826 1831 901; baseline 0 -16"><span class='ocrx_word' id='word_1_75' title='bbox 172 844 351 901; x_wconf 83' lang='lat' dir='ltr'><strong>quam</strong></span> <span class='ocrx_word' id='word_1_76' title='bbox 376 826 684 895; x_wconf 82' lang='lat' dir='ltr'><strong>baculum,</strong></span> <span class='ocrx_word' id='word_1_77' title='bbox 712 829 772 882; x_wconf 86' lang='lat' dir='ltr'><strong>et</strong></span> <span class='ocrx_word' id='word_1_78' title='bbox 800 827 848 883; x_wconf 91' lang='lat' dir='ltr'><strong>si</strong></span> <span class='ocrx_word' id='word_1_79' title='bbox 869 826 1154 884; x_wconf 86' lang='lat' dir='ltr'><strong>correctio</strong></span> <span class='ocrx_word' id='word_1_80' title='bbox 1180 828 1479 885; x_wconf 87' lang='lat' dir='ltr'><strong>moderata</strong></span> <span class='ocrx_word' id='word_1_81' title='bbox 1508 844 1624 886; x_wconf 92' lang='lat' dir='ltr'><strong>non</strong></span> <span class='ocrx_word' id='word_1_82' title='bbox 1656 830 1831 901; x_wconf 85' lang='lat' dir='ltr'><strong>profi-</strong></span> 
     </span>
     <span class='ocr_line' id='line_1_11' title="bbox 172 916 1826 991; baseline 0.001 -17"><span class='ocrx_word' id='word_1_83' title='bbox 172 918 241 975; x_wconf 79' lang='lat' dir='ltr'><strong>cit</strong></span> <span class='ocrx_word' id='word_1_84' title='bbox 276 918 425 990; x_wconf 82' lang='lat'><strong>(39),</strong></span> <span class='ocrx_word' id='word_1_85' title='bbox 456 916 750 975; x_wconf 77' lang='lat' dir='ltr'><strong>severiora</strong></span> <span class='ocrx_word' id='word_1_86' title='bbox 776 918 1154 989; x_wconf 88' lang='lat' dir='ltr'><strong>postmodum</strong></span> <span class='ocrx_word' id='word_1_87' title='bbox 1199 917 1427 991; x_wconf 85' lang='lat' dir='ltr'><strong>flagella</strong></span> <span class='ocrx_word' id='word_1_88' title='bbox 1453 925 1826 978; x_wconf 88' lang='lat' dir='ltr'><strong>consumunt.</strong></span> 
     </span>
     <span class='ocr_line' id='line_1_12' title="bbox 174 1006 1831 1080; baseline 0.001 -15"><span class='ocrx_word' id='word_1_89' title='bbox 174 1008 391 1065; x_wconf 81' lang='lat' dir='ltr'><strong>Utilius</strong></span> <span class='ocrx_word' id='word_1_90' title='bbox 420 1008 616 1064; x_wconf 86' lang='lat' dir='ltr'><strong>fuerat</strong></span> <span class='ocrx_word' id='word_1_91' title='bbox 643 1006 969 1079; x_wconf 71' lang='lat' dir='ltr'><strong>pepercisse</strong></span> <span class='ocrx_word' id='word_1_92' title='bbox 1000 1022 1285 1080; x_wconf 73' lang='lat' dir='ltr'><strong>personis,</strong></span> <span class='ocrx_word' id='word_1_93' title='bbox 1316 1006 1378 1063; x_wconf 92' lang='lat' dir='ltr'><strong>in</strong></span> <span class='ocrx_word' id='word_1_94' title='bbox 1416 1024 1593 1080; x_wconf 88' lang='lat' dir='ltr'><strong>quam</strong></span> <span class='ocrx_word' id='word_1_95' title='bbox 1625 1024 1687 1065; x_wconf 90' lang='lat' dir='ltr'><strong>se</strong></span> <span class='ocrx_word' id='word_1_96' title='bbox 1718 1026 1831 1066; x_wconf 94' lang='lat' dir='ltr'><strong>no-</strong></span> 
     </span>
     <span class='ocr_line' id='line_1_13' title="bbox 174 1095 1830 1170; baseline 0.002 -19"><span class='ocrx_word' id='word_1_97' title='bbox 174 1104 329 1155; x_wconf 81' lang='lat' dir='ltr'><strong>verat</strong></span> <span class='ocrx_word' id='word_1_98' title='bbox 378 1100 563 1154; x_wconf 87' lang='lat' dir='ltr'><strong>totam</strong></span> <span class='ocrx_word' id='word_1_99' title='bbox 603 1095 1009 1154; x_wconf 70' lang='lat' dir='ltr'><strong>scandalizare</strong></span> <span class='ocrx_word' id='word_1_100' title='bbox 1038 1096 1418 1170; x_wconf 87' lang='lat' dir='ltr'><strong>provinciam,</strong></span> <span class='ocrx_word' id='word_1_101' title='bbox 1446 1097 1581 1170; x_wconf 92' lang='lat' dir='ltr'><strong>quia</strong></span> <span class='ocrx_word' id='word_1_102' title='bbox 1608 1098 1681 1155; x_wconf 93' lang='lat' dir='ltr'><strong>ad</strong></span> <span class='ocrx_word' id='word_1_103' title='bbox 1722 1099 1830 1155; x_wconf 89' lang='lat' dir='ltr'><strong>bo-</strong></span> 
     </span>
     <span class='ocr_line' id='line_1_14' title="bbox 174 1183 1828 1258; baseline 0.001 -15"><span class='ocrx_word' id='word_1_104' title='bbox 174 1202 311 1243; x_wconf 90' lang='lat' dir='ltr'><strong>nnm</strong></span> <span class='ocrx_word' id='word_1_105' title='bbox 340 1185 514 1258; x_wconf 90' lang='lat' dir='ltr'><strong>pacis</strong></span> <span class='ocrx_word' id='word_1_106' title='bbox 542 1200 661 1242; x_wconf 90' lang='lat' dir='ltr'><strong>non</strong></span> <span class='ocrx_word' id='word_1_107' title='bbox 700 1188 823 1241; x_wconf 91' lang='lat' dir='ltr'><strong>tam</strong></span> <span class='ocrx_word' id='word_1_108' title='bbox 862 1201 1030 1257; x_wconf 80' lang='lat' dir='ltr'><strong>poena</strong></span> <span class='ocrx_word' id='word_1_109' title='bbox 1068 1183 1248 1242; x_wconf 89' lang='lat' dir='ltr'><strong>unius</strong></span> <span class='ocrx_word' id='word_1_110' title='bbox 1293 1200 1476 1257; x_wconf 90' lang='lat' dir='ltr'><strong>quam</strong></span> <span class='ocrx_word' id='word_1_111' title='bbox 1508 1185 1828 1244; x_wconf 87' lang='lat' dir='ltr'><strong>multorum</strong></span> 
     </span>
     <span class='ocr_line' id='line_1_15' title="bbox 175 1270 1829 1349; baseline 0.001 -18"><span class='ocrx_word' id='word_1_112' title='bbox 175 1274 357 1349; x_wconf 83' lang='lat' dir='ltr'><strong>gratia</strong></span> <span class='ocrx_word' id='word_1_113' title='bbox 404 1272 747 1346; x_wconf 83' lang='lat' dir='ltr'><strong>profuisset.</strong></span> <span class='ocrx_word' id='word_1_114' title='bbox 797 1270 1039 1331; x_wconf 86' lang='lat' dir='ltr'><strong>Videtur</strong></span> <span class='ocrx_word' id='word_1_115' title='bbox 1084 1274 1157 1331; x_wconf 93' lang='lat' dir='ltr'><strong>de</strong></span> <span class='ocrx_word' id='word_1_116' title='bbox 1202 1281 1360 1332; x_wconf 91' lang='lat' dir='ltr'><strong>motu</strong></span> <span class='ocrx_word' id='word_1_117' title='bbox 1409 1274 1590 1331; x_wconf 90' lang='lat' dir='ltr'><strong>animi</strong></span> <span class='ocrx_word' id='word_1_118' title='bbox 1642 1276 1829 1349; x_wconf 88' lang='lat' dir='ltr'><strong>magis</strong></span> 
     </span>
     <span class='ocr_line' id='line_1_16' title="bbox 178 1362 1823 1439; baseline 0.001 -18"><span class='ocrx_word' id='word_1_119' title='bbox 178 1380 343 1439; x_wconf 81' lang='lat' dir='ltr'><strong>quam</strong></span> <span class='ocrx_word' id='word_1_120' title='bbox 386 1362 463 1420; x_wconf 89' lang='lat' dir='ltr'><strong>de</strong></span> <span class='ocrx_word' id='word_1_121' title='bbox 505 1362 787 1420; x_wconf 74' lang='lat' dir='ltr'><strong>charitate</strong></span> <span class='ocrx_word' id='word_1_122' title='bbox 836 1362 1192 1434; x_wconf 86' lang='lat' dir='ltr'><strong>processisse</strong></span> <span class='ocrx_word' id='word_1_123' title='bbox 1239 1366 1395 1436; x_wconf 88' lang='lat' dir='ltr'><strong>quod</strong></span> <span class='ocrx_word' id='word_1_124' title='bbox 1445 1365 1663 1421; x_wconf 85' lang='lat' dir='ltr'><strong>factum</strong></span> <span class='ocrx_word' id='word_1_125' title='bbox 1710 1369 1823 1438; x_wconf 91' lang='lat' dir='ltr'><strong>est,</strong></span> 
     </span>
     <span class='ocr_line' id='line_1_17' title="bbox 178 1451 1823 1528; baseline 0.001 -18"><span class='ocrx_word' id='word_1_126' title='bbox 178 1454 308 1528; x_wconf 81' lang='lat' dir='ltr'><strong>qnia</strong></span> <span class='ocrx_word' id='word_1_127' title='bbox 354 1455 547 1510; x_wconf 80' lang='lat' dir='ltr'><strong>totam</strong></span> <span class='ocrx_word' id='word_1_128' title='bbox 598 1468 663 1511; x_wconf 91' lang='lat' dir='ltr'><strong>se</strong></span> <span class='ocrx_word' id='word_1_129' title='bbox 716 1451 989 1524; x_wconf 82' lang='lat' dir='ltr'><strong>protinus</strong></span> <span class='ocrx_word' id='word_1_130' title='bbox 1035 1454 1107 1510; x_wconf 95' lang='lat' dir='ltr'><strong>ad</strong></span> <span class='ocrx_word' id='word_1_131' title='bbox 1156 1468 1389 1524; x_wconf 86' lang='lat' dir='ltr'><strong>poenam</strong></span> <span class='ocrx_word' id='word_1_132' title='bbox 1448 1455 1823 1528; x_wconf 77' lang='lat' dir='ltr'><strong>irrogandam</strong></span> 
     </span>
     <span class='ocr_line' id='line_1_18' title="bbox 178 1540 1821 1616; baseline 0 -15"><span class='ocrx_word' id='word_1_133' title='bbox 178 1542 426 1616; x_wconf 77' lang='lat' dir='ltr'><strong>potentia</strong></span> <span class='ocrx_word' id='word_1_134' title='bbox 482 1541 861 1614; x_wconf 70' lang='lat' dir='ltr'><strong>presidentis</strong></span> <span class='ocrx_word' id='word_1_135' title='bbox 914 1540 1147 1610; x_wconf 78' lang='lat' dir='ltr'><strong>effudit,</strong></span> <span class='ocrx_word' id='word_1_136' title='bbox 1196 1541 1345 1599; x_wconf 89' lang='lat' dir='ltr'><strong>nibil</strong></span> <span class='ocrx_word' id='word_1_137' title='bbox 1400 1559 1704 1602; x_wconf 73' lang='lat' dir='ltr'><strong>reservans</strong></span> <span class='ocrx_word' id='word_1_138' title='bbox 1761 1545 1821 1601; x_wconf 90' lang='lat' dir='ltr'><strong>in</strong></span> 
     </span>
     <span class='ocr_line' id='line_1_19' title="bbox 178 1631 1818 1707; baseline -0.001 -15"><span class='ocrx_word' id='word_1_139' title='bbox 178 1639 497 1707; x_wconf 81' lang='lat' dir='ltr'><strong>posterum,</strong></span> <span class='ocrx_word' id='word_1_140' title='bbox 517 1632 580 1690; x_wconf 92' lang='lat' dir='ltr'><strong>in</strong></span> <span class='ocrx_word' id='word_1_141' title='bbox 610 1649 728 1705; x_wconf 94' lang='lat' dir='ltr'><strong>quo</strong></span> <span class='ocrx_word' id='word_1_142' title='bbox 766 1631 859 1689; x_wconf 85' lang='lat' dir='ltr'><strong>vel</strong></span> <span class='ocrx_word' id='word_1_143' title='bbox 888 1632 1233 1704; x_wconf 88' lang='lat' dir='ltr'><strong>dispensare</strong></span> <span class='ocrx_word' id='word_1_144' title='bbox 1271 1633 1583 1707; x_wconf 88' lang='lat' dir='ltr'><strong>prudentia</strong></span> <span class='ocrx_word' id='word_1_145' title='bbox 1601 1642 1818 1707; x_wconf 90' lang='lat' dir='ltr'><strong>posset,</strong></span> 
     </span>
    </p>
   </div>
   <div class='ocr_carea' id='block_1_7' title="bbox 1934 831 3592 1708">
    <p class='ocr_par' dir='ltr' id='par_1_7' title="bbox 1934 831 3592 1708">
     <span class='ocr_line' id='line_1_20' title="bbox 1944 831 3592 907; baseline -0.001 -16"><span class='ocrx_word' id='word_1_146' title='bbox 1944 849 2117 907; x_wconf 88' lang='lat' dir='ltr'><strong>super</strong></span> <span class='ocrx_word' id='word_1_147' title='bbox 2144 833 2236 890; x_wconf 88' lang='lat' dir='ltr'><strong>bis</strong></span> <span class='ocrx_word' id='word_1_148' title='bbox 2265 834 2336 891; x_wconf 93' lang='lat' dir='ltr'><strong>de</strong></span> <span class='ocrx_word' id='word_1_149' title='bbox 2363 834 2578 907; x_wconf 88' lang='lat' dir='ltr'><strong>quibus</strong></span> <span class='ocrx_word' id='word_1_150' title='bbox 2604 834 2905 906; x_wconf 87' lang='lat' dir='ltr'><strong>agebatur,</strong></span> <span class='ocrx_word' id='word_1_151' title='bbox 2940 832 3236 890; x_wconf 87' lang='lat' dir='ltr'><strong>mandatis</strong></span> <span class='ocrx_word' id='word_1_152' title='bbox 3252 831 3592 904; x_wconf 85' lang='lat' dir='ltr'><strong>apostolicis</strong></span> 
     </span>
     <span class='ocr_line' id='line_1_21' title="bbox 1942 920 3590 996; baseline -0.001 -17"><span class='ocrx_word' id='word_1_153' title='bbox 1942 924 2226 980; x_wconf 86' lang='lat' dir='ltr'><strong>obediret.</strong></span> <span class='ocrx_word' id='word_1_154' title='bbox 2248 924 2455 981; x_wconf 85' lang='lat' dir='ltr'><strong>Stabat</strong></span> <span class='ocrx_word' id='word_1_155' title='bbox 2485 938 2622 996; x_wconf 88' lang='lat' dir='ltr'><strong>ergo</strong></span> <span class='ocrx_word' id='word_1_156' title='bbox 2647 922 2730 979; x_wconf 83' lang='lat' dir='ltr'><strong>vir</strong></span> <span class='ocrx_word' id='word_1_157' title='bbox 2760 922 3045 979; x_wconf 76' lang='lat' dir='ltr'><strong>innocens</strong></span> <span class='ocrx_word' id='word_1_158' title='bbox 3073 920 3185 978; x_wconf 89' lang='lat' dir='ltr'><strong>sub</strong></span> <span class='ocrx_word' id='word_1_159' title='bbox 3212 921 3390 979; x_wconf 84' lang='lat' dir='ltr'><strong>vestri</strong></span> <span class='ocrx_word' id='word_1_160' title='bbox 3421 936 3590 981; x_wconf 77' lang='grc' dir='ltr'>ιοοιι-</span> 
     </span>
     <span class='ocr_line' id='line_1_22' title="bbox 1941 1010 3588 1086; baseline -0.001 -17"><span class='ocrx_word' id='word_1_161' title='bbox 1941 1029 2044 1069; x_wconf 91' lang='lat' dir='ltr'><strong>rus</strong></span> <span class='ocrx_word' id='word_1_162' title='bbox 2080 1013 2513 1086; x_wconf 82' lang='lat' dir='ltr'><strong>exspectatione</strong></span> <span class='ocrx_word' id='word_1_163' title='bbox 2549 1011 2832 1081; x_wconf 90' lang='lat' dir='ltr'><strong>mandati,</strong></span> <span class='ocrx_word' id='word_1_164' title='bbox 2883 1011 2986 1068; x_wconf 91' lang='lat' dir='ltr'><strong>sed</strong></span> <span class='ocrx_word' id='word_1_165' title='bbox 3044 1012 3330 1084; x_wconf 86' lang='lat' dir='ltr'><strong>posterior</strong></span> <span class='ocrx_word' id='word_1_166' title='bbox 3369 1010 3588 1068; x_wconf 89' lang='lat' dir='ltr'><strong>emissa</strong></span> 
     </span>
     <span class='ocr_line' id='line_1_23' title="bbox 1939 1099 3590 1174; baseline -0.001 -16"><span class='ocrx_word' id='word_1_167' title='bbox 1939 1105 2027 1158; x_wconf 88' lang='lat' dir='ltr'><strong>est</strong></span> <span class='ocrx_word' id='word_1_168' title='bbox 2042 1102 2293 1159; x_wconf 81' lang='lat' dir='ltr'><strong>severior</strong></span> <span class='ocrx_word' id='word_1_169' title='bbox 2321 1101 2560 1174; x_wconf 89' lang='lat' dir='ltr'><strong>quidem</strong></span> <span class='ocrx_word' id='word_1_170' title='bbox 2585 1101 2776 1174; x_wconf 88' lang='lat' dir='ltr'><strong>priore</strong></span> <span class='ocrx_word' id='word_1_171' title='bbox 2796 1099 3106 1168; x_wconf 86' lang='lat' dir='ltr'><strong>sententia,</strong></span> <span class='ocrx_word' id='word_1_172' title='bbox 3129 1099 3410 1173; x_wconf 88' lang='lat' dir='ltr'><strong>nulloque</strong></span> <span class='ocrx_word' id='word_1_173' title='bbox 3425 1116 3590 1156; x_wconf 88' lang='lat' dir='ltr'><strong>man·</strong></span> 
     </span>
     <span class='ocr_line' id='line_1_24' title="bbox 1939 1189 3587 1265; baseline -0.001 -20"><span class='ocrx_word' id='word_1_174' title='bbox 1939 1192 2095 1260; x_wconf 89' lang='lat' dir='ltr'><strong>dato,</strong></span> <span class='ocrx_word' id='word_1_175' title='bbox 2131 1190 2412 1263; x_wconf 87' lang='lat' dir='ltr'><strong>nulloque</strong></span> <span class='ocrx_word' id='word_1_176' title='bbox 2448 1190 2745 1265; x_wconf 67' lang='lat' dir='ltr'><strong>promisso</strong></span> <span class='ocrx_word' id='word_1_177' title='bbox 2782 1189 3106 1261; x_wconf 71' lang='lat' dir='ltr'><strong>cuiuslibet</strong></span> <span class='ocrx_word' id='word_1_178' title='bbox 3133 1189 3455 1246; x_wconf 80' lang='lat' dir='ltr'><strong>vocationis</strong></span> <span class='ocrx_word' id='word_1_179' title='bbox 3485 1192 3587 1245; x_wconf 87' lang='lat' dir='ltr'><strong>ant</strong></span> 
     </span>
     <span class='ocr_line' id='line_1_25' title="bbox 1937 1276 3586 1351; baseline -0.001 -15"><span class='ocrx_word' id='word_1_180' title='bbox 1937 1280 2341 1338; x_wconf 84' lang='lat' dir='ltr'><strong>conventionis</strong></span> <span class='ocrx_word' id='word_1_181' title='bbox 2394 1277 2673 1351; x_wconf 91' lang='lat' dir='ltr'><strong>alloquio,</strong></span> <span class='ocrx_word' id='word_1_182' title='bbox 2731 1277 2792 1334; x_wconf 90' lang='lat' dir='ltr'><strong>in</strong></span> <span class='ocrx_word' id='word_1_183' title='bbox 2860 1279 3016 1335; x_wconf 90' lang='lat' dir='ltr'><strong>idem</strong></span> <span class='ocrx_word' id='word_1_184' title='bbox 3083 1276 3411 1347; x_wconf 83' lang='lat' dir='ltr'><strong>vinculum,</strong></span> <span class='ocrx_word' id='word_1_185' title='bbox 3465 1276 3586 1334; x_wconf 90' lang='lat' dir='ltr'><strong>imo</strong></span> 
     </span>
     <span class='ocr_line' id='line_1_26' title="bbox 1937 1365 3586 1441; baseline -0.002 -15"><span class='ocrx_word' id='word_1_186' title='bbox 1937 1370 2143 1427; x_wconf 83' lang='lat' dir='ltr'><strong>fortius</strong></span> <span class='ocrx_word' id='word_1_187' title='bbox 2180 1369 2390 1427; x_wconf 90' lang='lat' dir='ltr'><strong>litteris</strong></span> <span class='ocrx_word' id='word_1_188' title='bbox 2430 1368 2753 1441; x_wconf 68' lang='lat' dir='ltr'><strong>majestatis</strong></span> <span class='ocrx_word' id='word_1_189' title='bbox 2791 1372 2995 1426; x_wconf 75' lang='lat' dir='ltr'><strong>vestras</strong></span> <span class='ocrx_word' id='word_1_190' title='bbox 3038 1370 3303 1424; x_wconf 79' lang='lat' dir='ltr'><strong>retrusus</strong></span> <span class='ocrx_word' id='word_1_191' title='bbox 3344 1369 3456 1434; x_wconf 88' lang='lat' dir='ltr'><strong>est,</strong></span> <span class='ocrx_word' id='word_1_192' title='bbox 3494 1365 3586 1423; x_wconf 88' lang='lat' dir='ltr'><strong>ei·</strong></span> 
     </span>
     <span class='ocr_line' id='line_1_27' title="bbox 1935 1454 3586 1532; baseline -0.003 -16"><span class='ocrx_word' id='word_1_193' title='bbox 1935 1475 2050 1532; x_wconf 88' lang='lat' dir='ltr'><strong>que</strong></span> <span class='ocrx_word' id='word_1_194' title='bbox 2079 1459 2405 1516; x_wconf 88' lang='lat' dir='ltr'><strong>remedium</strong></span> <span class='ocrx_word' id='word_1_195' title='bbox 2426 1457 2893 1516; x_wconf 88' lang='lat' dir='ltr'><strong>mansuetudinis</strong></span> <span class='ocrx_word' id='word_1_196' title='bbox 2921 1460 3144 1527; x_wconf 75' lang='lat' dir='ltr'><strong>vestras,</strong></span> <span class='ocrx_word' id='word_1_197' title='bbox 3173 1455 3236 1512; x_wconf 92' lang='lat' dir='ltr'><strong>in</strong></span> <span class='ocrx_word' id='word_1_198' title='bbox 3264 1471 3383 1528; x_wconf 91' lang='lat' dir='ltr'><strong>quo</strong></span> <span class='ocrx_word' id='word_1_199' title='bbox 3406 1454 3586 1528; x_wconf 90' lang='lat' dir='ltr'><strong>respi-</strong></span> 
     </span>
     <span class='ocr_line' id='line_1_28' title="bbox 1935 1544 3584 1623; baseline -0.002 -18"><span class='ocrx_word' id='word_1_200' title='bbox 1935 1564 2061 1606; x_wconf 91' lang='lat' dir='ltr'><strong>rare</strong></span> <span class='ocrx_word' id='word_1_201' title='bbox 2099 1552 2375 1623; x_wconf 83' lang='lat' dir='ltr'><strong>coeperat,</strong></span> <span class='ocrx_word' id='word_1_202' title='bbox 2405 1551 2494 1606; x_wconf 91' lang='lat' dir='ltr'><strong>est</strong></span> <span class='ocrx_word' id='word_1_203' title='bbox 2517 1548 2799 1605; x_wconf 88' lang='lat' dir='ltr'><strong>ablatum.</strong></span> <span class='ocrx_word' id='word_1_204' title='bbox 2840 1545 3030 1603; x_wconf 81' lang='lat' dir='ltr'><strong>Mirati</strong></span> <span class='ocrx_word' id='word_1_205' title='bbox 3061 1549 3202 1602; x_wconf 86' lang='lat' dir='ltr'><strong>sunt</strong></span> <span class='ocrx_word' id='word_1_206' title='bbox 3233 1544 3334 1617; x_wconf 93' lang='lat' dir='ltr'><strong>qui</strong></span> <span class='ocrx_word' id='word_1_207' title='bbox 3381 1544 3584 1602; x_wconf 87' lang='lat' dir='ltr'><strong>audie·</strong></span> 
     </span>
     <span class='ocr_line' id='line_1_29' title="bbox 1934 1636 3582 1708; baseline -0.003 -13"><span class='ocrx_word' id='word_1_208' title='bbox 1934 1640 2072 1695; x_wconf 92' lang='lat' dir='ltr'><strong>runt</strong></span> <span class='ocrx_word' id='word_1_209' title='bbox 2087 1642 2315 1695; x_wconf 91' lang='lat' dir='ltr'><strong>tantum</strong></span> <span class='ocrx_word' id='word_1_210' title='bbox 2334 1639 2613 1695; x_wconf 85' lang='lat' dir='ltr'><strong>adversus</strong></span> <span class='ocrx_word' id='word_1_211' title='bbox 2632 1636 3026 1695; x_wconf 85' lang='lat' dir='ltr'><strong>innocentiam</strong></span> <span class='ocrx_word' id='word_1_212' title='bbox 3046 1637 3582 1708; x_wconf 68' lang='lat' dir='ltr'><strong>persono,tantum</strong></span> 
     </span>
    </p>
   </div>
   <div class='ocr_carea' id='block_1_8' title="bbox 176 1720 3580 1813">
    <p class='ocr_par' dir='ltr' id='par_1_8' title="bbox 176 1720 3580 1813">
     <span class='ocr_line' id='line_1_30' title="bbox 176 1720 3580 1813; baseline -0.001 -32"><span class='ocrx_word' id='word_1_213' title='bbox 176 1722 249 1781; x_wconf 78' lang='lat' dir='ltr'><strong>vei</strong></span> <span class='ocrx_word' id='word_1_214' title='bbox 270 1721 684 1780; x_wconf 75' lang='lat' dir='ltr'><strong>misericordia</strong></span> <span class='ocrx_word' id='word_1_215' title='bbox 702 1722 1030 1780; x_wconf 81' lang='lat' dir='ltr'><strong>subvenire.</strong></span> <span class='ocrx_word' id='word_1_216' title='bbox 1052 1721 1262 1780; x_wconf 76' lang='lat' dir='ltr'><strong>Fuerat</strong></span> <span class='ocrx_word' id='word_1_217' title='bbox 1280 1724 1545 1780; x_wconf 78' lang='lat' dir='ltr'><strong>fortassis</strong></span> <span class='ocrx_word' id='word_1_218' title='bbox 1563 1724 1818 1796; x_wconf 89' lang='lat' dir='ltr'><strong>primum</strong></span> <span class='ocrx_word' id='word_1_219' title='bbox 1851 1747 1905 1813; x_wconf 83' lang='lat' dir='ltr'>B</span> <span class='ocrx_word' id='word_1_220' title='bbox 1935 1728 2211 1784; x_wconf 82' lang='lat' dir='ltr'><strong>adversus</strong></span> <span class='ocrx_word' id='word_1_221' title='bbox 2258 1727 2526 1784; x_wconf 87' lang='lat' dir='ltr'><strong>ordinem</strong></span> <span class='ocrx_word' id='word_1_222' title='bbox 2560 1723 3042 1799; x_wconf 68' lang='lat' dir='ltr'><strong>jurisprudentia</strong></span> <span class='ocrx_word' id='word_1_223' title='bbox 3089 1726 3294 1780; x_wconf 77' lang='lat' dir='ltr'><strong>vestras</strong></span> <span class='ocrx_word' id='word_1_224' title='bbox 3350 1720 3580 1795; x_wconf 86' lang='lat' dir='ltr'><strong>subripi</strong></span> 
     </span>
    </p>
   </div>
   <div class='ocr_carea' id='block_1_9' title="bbox 168 1810 1826 3048">
    <p class='ocr_par' dir='ltr' id='par_1_9' title="bbox 168 1810 1826 3048">
     <span class='ocr_line' id='line_1_31' title="bbox 176 1810 1819 1885; baseline 0 -14"><span class='ocrx_word' id='word_1_225' title='bbox 176 1814 235 1871; x_wconf 79' lang='lat' dir='ltr'><strong>ab</strong></span> <span class='ocrx_word' id='word_1_226' title='bbox 260 1810 595 1885; x_wconf 88' lang='lat' dir='ltr'><strong>episcopali</strong></span> <span class='ocrx_word' id='word_1_227' title='bbox 644 1810 1097 1883; x_wconf 90' lang='lat' dir='ltr'><strong>suspendendus</strong></span> <span class='ocrx_word' id='word_1_228' title='bbox 1132 1811 1345 1878; x_wconf 86' lang='lat' dir='ltr'><strong>officio,</strong></span> <span class='ocrx_word' id='word_1_229' title='bbox 1366 1813 1439 1871; x_wconf 94' lang='lat' dir='ltr'><strong>ab</strong></span> <span class='ocrx_word' id='word_1_230' title='bbox 1477 1812 1675 1871; x_wconf 88' lang='lat' dir='ltr'><strong>aitaris</strong></span> <span class='ocrx_word' id='word_1_231' title='bbox 1707 1814 1819 1871; x_wconf 92' lang='lat' dir='ltr'><strong>mi-</strong></span> 
     </span>
     <span class='ocr_line' id='line_1_32' title="bbox 178 1900 1825 1975; baseline 0 -15"><span class='ocrx_word' id='word_1_232' title='bbox 178 1901 405 1960; x_wconf 80' lang='lat' dir='ltr'><strong>nisterio</strong></span> <span class='ocrx_word' id='word_1_233' title='bbox 454 1900 887 1974; x_wconf 86' lang='lat' dir='ltr'><strong>prohibendus,</strong></span> <span class='ocrx_word' id='word_1_234' title='bbox 933 1917 969 1958; x_wconf 92' lang='lat' dir='ltr'><strong>a</strong></span> <span class='ocrx_word' id='word_1_235' title='bbox 1014 1900 1319 1959; x_wconf 87' lang='lat' dir='ltr'><strong>liminibus</strong></span> <span class='ocrx_word' id='word_1_236' title='bbox 1364 1902 1825 1975; x_wconf 88' lang='lat' dir='ltr'><strong>sequestrandus</strong></span> 
     </span>
     <span class='ocr_line' id='line_1_33' title="bbox 177 1989 1821 2064; baseline 0.002 -14"><span class='ocrx_word' id='word_1_237' title='bbox 177 1990 445 2059; x_wconf 60' lang='lat' dir='ltr'><strong>melesio,</strong></span> <span class='ocrx_word' id='word_1_238' title='bbox 480 1993 548 2047; x_wconf 94' lang='lat' dir='ltr'><strong>nt</strong></span> <span class='ocrx_word' id='word_1_239' title='bbox 576 1993 895 2047; x_wconf 83' lang='lat' dir='ltr'><strong>contumax</strong></span> <span class='ocrx_word' id='word_1_240' title='bbox 937 1989 1246 2048; x_wconf 81' lang='lat' dir='ltr'><strong>novissime</strong></span> <span class='ocrx_word' id='word_1_241' title='bbox 1284 1991 1476 2064; x_wconf 84' lang='lat' dir='ltr'><strong>gladio</strong></span> <span class='ocrx_word' id='word_1_242' title='bbox 1511 1993 1821 2053; x_wconf 84' lang='lat' dir='ltr'><strong>feriretur:</strong></span> 
     </span>
     <span class='ocr_line' id='line_1_34' title="bbox 173 2077 1823 2154; baseline 0.001 -16"><span class='ocrx_word' id='word_1_243' title='bbox 173 2097 269 2138; x_wconf 86' lang='lat' dir='ltr'><strong>nec</strong></span> <span class='ocrx_word' id='word_1_244' title='bbox 308 2078 747 2154; x_wconf 66' lang='lat' dir='ltr'><strong>adfperniciem</strong></span> <span class='ocrx_word' id='word_1_245' title='bbox 779 2077 978 2136; x_wconf 82' lang='lat' dir='ltr'><strong>fratris</strong></span> <span class='ocrx_word' id='word_1_246' title='bbox 1022 2078 1299 2138; x_wconf 88' lang='lat' dir='ltr'><strong>libentius</strong></span> <span class='ocrx_word' id='word_1_247' title='bbox 1341 2082 1694 2150; x_wconf 89' lang='lat' dir='ltr'><strong>cucurrisse,</strong></span> <span class='ocrx_word' id='word_1_248' title='bbox 1722 2082 1823 2139; x_wconf 83' lang='lat' dir='ltr'><strong>sed</strong></span> 
     </span>
     <span class='ocr_line' id='line_1_35' title="bbox 172 2167 1826 2242; baseline 0 -15"><span class='ocrx_word' id='word_1_249' title='bbox 172 2171 287 2241; x_wconf 82' lang='lat' dir='ltr'><strong>cogi</strong></span> <span class='ocrx_word' id='word_1_250' title='bbox 317 2170 623 2227; x_wconf 79' lang='lat' dir='ltr'><strong>videretur</strong></span> <span class='ocrx_word' id='word_1_251' title='bbox 652 2168 895 2227; x_wconf 83' lang='lat' dir='ltr'><strong>invitus.</strong></span> <span class='ocrx_word' id='word_1_252' title='bbox 920 2167 1122 2242; x_wconf 84' lang='lat' dir='ltr'><strong>Neque</strong></span> <span class='ocrx_word' id='word_1_253' title='bbox 1150 2171 1310 2228; x_wconf 90' lang='lat' dir='ltr'><strong>enim</strong></span> <span class='ocrx_word' id='word_1_254' title='bbox 1349 2170 1595 2228; x_wconf 87' lang='lat' dir='ltr'><strong>salutem</strong></span> <span class='ocrx_word' id='word_1_255' title='bbox 1626 2171 1826 2229; x_wconf 87' lang='lat' dir='ltr'><strong>bomi-</strong></span> 
     </span>
     <span class='ocr_line' id='line_1_36' title="bbox 174 2259 1819 2337; baseline 0.002 -20"><span class='ocrx_word' id='word_1_256' title='bbox 174 2260 255 2318; x_wconf 81' lang='lat' dir='ltr'><strong>nis</strong></span> <span class='ocrx_word' id='word_1_257' title='bbox 284 2259 438 2318; x_wconf 80' lang='lat' dir='ltr'><strong>velie</strong></span> <span class='ocrx_word' id='word_1_258' title='bbox 462 2259 804 2317; x_wconf 85' lang='lat' dir='ltr'><strong>credendus</strong></span> <span class='ocrx_word' id='word_1_259' title='bbox 825 2263 936 2329; x_wconf 89' lang='lat' dir='ltr'><strong>est,</strong></span> <span class='ocrx_word' id='word_1_260' title='bbox 958 2260 1058 2332; x_wconf 91' lang='lat' dir='ltr'><strong>qui</strong></span> <span class='ocrx_word' id='word_1_261' title='bbox 1089 2259 1324 2319; x_wconf 78' lang='lat' dir='ltr'><strong>festinat</strong></span> <span class='ocrx_word' id='word_1_262' title='bbox 1350 2261 1425 2319; x_wconf 91' lang='lat' dir='ltr'><strong>ad</strong></span> <span class='ocrx_word' id='word_1_263' title='bbox 1451 2262 1819 2337; x_wconf 91' lang='lat' dir='ltr'><strong>sanguinem,</strong></span> 
     </span>
     <span class='ocr_line' id='line_1_37' title="bbox 170 2347 1821 2424; baseline 0.001 -17"><span class='ocrx_word' id='word_1_264' title='bbox 170 2350 253 2407; x_wconf 82' lang='lat' dir='ltr'><strong>sed</strong></span> <span class='ocrx_word' id='word_1_265' title='bbox 296 2349 723 2421; x_wconf 84' lang='lat' dir='ltr'><strong>delinquentes</strong></span> <span class='ocrx_word' id='word_1_266' title='bbox 752 2347 1144 2406; x_wconf 90' lang='lat' dir='ltr'><strong>ecclesiastica</strong></span> <span class='ocrx_word' id='word_1_267' title='bbox 1171 2350 1346 2407; x_wconf 91' lang='lat' dir='ltr'><strong>etiam</strong></span> <span class='ocrx_word' id='word_1_268' title='bbox 1376 2366 1621 2409; x_wconf 88' lang='lat' dir='ltr'><strong>censura</strong></span> <span class='ocrx_word' id='word_1_269' title='bbox 1668 2368 1821 2424; x_wconf 70' lang='lat' dir='ltr'><strong>prai—</strong></span> 
     </span>
     <span class='ocr_line' id='line_1_38' title="bbox 168 2437 1821 2514; baseline 0.002 -18"><span class='ocrx_word' id='word_1_270' title='bbox 168 2440 369 2510; x_wconf 85' lang='lat' dir='ltr'><strong>munit,</strong></span> <span class='ocrx_word' id='word_1_271' title='bbox 404 2442 477 2495; x_wconf 84' lang='lat' dir='ltr'><strong>nt</strong></span> <span class='ocrx_word' id='word_1_272' title='bbox 523 2437 752 2496; x_wconf 83' lang='lat' dir='ltr'><strong>scilicet</strong></span> <span class='ocrx_word' id='word_1_273' title='bbox 782 2437 1110 2496; x_wconf 85' lang='lat' dir='ltr'><strong>liberentur</strong></span> <span class='ocrx_word' id='word_1_274' title='bbox 1153 2438 1375 2508; x_wconf 87' lang='lat' dir='ltr'><strong>dilecti,</strong></span> <span class='ocrx_word' id='word_1_275' title='bbox 1407 2457 1554 2513; x_wconf 88' lang='lat' dir='ltr'><strong>quos</strong></span> <span class='ocrx_word' id='word_1_276' title='bbox 1584 2442 1821 2514; x_wconf 81' lang='lat' dir='ltr'><strong>pretiosi</strong></span> 
     </span>
     <span class='ocr_line' id='line_1_39' title="bbox 170 2526 1817 2603; baseline 0.002 -17"><span class='ocrx_word' id='word_1_277' title='bbox 170 2527 469 2603; x_wconf 72' lang='lat' dir='ltr'><strong>sanguinis</strong></span> <span class='ocrx_word' id='word_1_278' title='bbox 502 2528 755 2584; x_wconf 84' lang='lat' dir='ltr'><strong>redemit</strong></span> <span class='ocrx_word' id='word_1_279' title='bbox 790 2526 1018 2597; x_wconf 78' lang='lat' dir='ltr'><strong>effusio,</strong></span> <span class='ocrx_word' id='word_1_280' title='bbox 1039 2532 1099 2585; x_wconf 92' lang='lat' dir='ltr'><strong>et</strong></span> <span class='ocrx_word' id='word_1_281' title='bbox 1122 2528 1354 2602; x_wconf 82' lang='lat' dir='ltr'><strong>fugiant</strong></span> <span class='ocrx_word' id='word_1_282' title='bbox 1382 2548 1416 2587; x_wconf 88' lang='lat' dir='ltr'><strong>a</strong></span> <span class='ocrx_word' id='word_1_283' title='bbox 1443 2531 1593 2588; x_wconf 80' lang='lat' dir='ltr'><strong>facie</strong></span> <span class='ocrx_word' id='word_1_284' title='bbox 1621 2547 1817 2599; x_wconf 87' lang='lat' dir='ltr'><strong>arcus,</strong></span> 
     </span>
     <span class='ocr_line' id='line_1_40' title="bbox 168 2617 1819 2693; baseline 0.002 -19"><span class='ocrx_word' id='word_1_285' title='bbox 168 2620 223 2674; x_wconf 81' lang='lat' dir='ltr'><strong>ut</strong></span> <span class='ocrx_word' id='word_1_286' title='bbox 262 2618 323 2673; x_wconf 86' lang='lat' dir='ltr'><strong>in</strong></span> <span class='ocrx_word' id='word_1_287' title='bbox 354 2620 751 2674; x_wconf 82' lang='lat' dir='ltr'><strong>contumaces</strong></span> <span class='ocrx_word' id='word_1_288' title='bbox 780 2622 1011 2675; x_wconf 86' lang='lat' dir='ltr'><strong>tantum</strong></span> <span class='ocrx_word' id='word_1_289' title='bbox 1052 2617 1278 2691; x_wconf 90' lang='lat' dir='ltr'><strong>spicula</strong></span> <span class='ocrx_word' id='word_1_290' title='bbox 1307 2619 1557 2691; x_wconf 88' lang='lat' dir='ltr'><strong>superbe</strong></span> <span class='ocrx_word' id='word_1_291' title='bbox 1603 2637 1819 2693; x_wconf 83' lang='lat' dir='ltr'><strong>provo-</strong></span> 
     </span>
     <span class='ocr_line' id='line_1_41' title="bbox 171 2705 1819 2772; baseline 0.003 -9"><span class='ocrx_word' id='word_1_292' title='bbox 171 2710 289 2764; x_wconf 81' lang='lat' dir='ltr'><strong>cata</strong></span> <span class='ocrx_word' id='word_1_293' title='bbox 315 2706 703 2764; x_wconf 86' lang='lat' dir='ltr'><strong>descendant.</strong></span> <span class='ocrx_word' id='word_1_294' title='bbox 735 2705 896 2772; x_wconf 84' lang='lat' dir='ltr'><strong>Quod</strong></span> <span class='ocrx_word' id='word_1_295' title='bbox 936 2707 988 2765; x_wconf 88' lang='lat' dir='ltr'><strong>si</strong></span> <span class='ocrx_word' id='word_1_296' title='bbox 1030 2708 1208 2764; x_wconf 88' lang='lat' dir='ltr'><strong>etiam</strong></span> <span class='ocrx_word' id='word_1_297' title='bbox 1239 2710 1463 2765; x_wconf 88' lang='lat' dir='ltr'><strong>certum</strong></span> <span class='ocrx_word' id='word_1_298' title='bbox 1493 2709 1572 2767; x_wconf 93' lang='lat' dir='ltr'><strong>sit</strong></span> <span class='ocrx_word' id='word_1_299' title='bbox 1620 2714 1819 2768; x_wconf 89' lang='lat' dir='ltr'><strong>trans-</strong></span> 
     </span>
     <span class='ocr_line' id='line_1_42' title="bbox 174 2796 1814 2870; baseline 0.002 -17"><span class='ocrx_word' id='word_1_300' title='bbox 174 2799 310 2854; x_wconf 87' lang='lat' dir='ltr'><strong>itum</strong></span> <span class='ocrx_word' id='word_1_301' title='bbox 340 2796 567 2854; x_wconf 89' lang='lat' dir='ltr'><strong>iitteris</strong></span> <span class='ocrx_word' id='word_1_302' title='bbox 597 2803 651 2854; x_wconf 90' lang='lat' dir='ltr'><strong>et</strong></span> <span class='ocrx_word' id='word_1_303' title='bbox 677 2796 890 2870; x_wconf 88' lang='lat' dir='ltr'><strong>legatis</strong></span> <span class='ocrx_word' id='word_1_304' title='bbox 919 2798 993 2853; x_wconf 90' lang='lat' dir='ltr'><strong>ad</strong></span> <span class='ocrx_word' id='word_1_305' title='bbox 1020 2814 1157 2855; x_wconf 90' lang='lat' dir='ltr'><strong>eum</strong></span> <span class='ocrx_word' id='word_1_306' title='bbox 1188 2799 1449 2870; x_wconf 82' lang='lat' dir='ltr'><strong>pervium</strong></span> <span class='ocrx_word' id='word_1_307' title='bbox 1469 2815 1587 2856; x_wconf 93' lang='lat' dir='ltr'><strong>non</strong></span> <span class='ocrx_word' id='word_1_308' title='bbox 1610 2800 1814 2868; x_wconf 84' lang='lat' dir='ltr'><strong>fuisse,</strong></span> 
     </span>
     <span class='ocr_line' id='line_1_43' title="bbox 176 2884 1821 2961; baseline 0.002 -18"><span class='ocrx_word' id='word_1_309' title='bbox 176 2886 263 2943; x_wconf 81' lang='lat' dir='ltr'><strong>ssd</strong></span> <span class='ocrx_word' id='word_1_310' title='bbox 287 2901 531 2944; x_wconf 87' lang='lat' dir='ltr'><strong>omnem</strong></span> <span class='ocrx_word' id='word_1_311' title='bbox 562 2885 723 2941; x_wconf 81' lang='lat' dir='ltr'><strong>viam</strong></span> <span class='ocrx_word' id='word_1_312' title='bbox 756 2884 1035 2958; x_wconf 77' lang='lat' dir='ltr'><strong>legitimis</strong></span> <span class='ocrx_word' id='word_1_313' title='bbox 1061 2886 1266 2943; x_wconf 87' lang='lat' dir='ltr'><strong>edictis</strong></span> <span class='ocrx_word' id='word_1_314' title='bbox 1295 2887 1588 2945; x_wconf 69' lang='lat' dir='ltr'><strong>saecularis</strong></span> <span class='ocrx_word' id='word_1_315' title='bbox 1620 2892 1821 2961; x_wconf 91' lang='lat' dir='ltr'><strong>poten-</strong></span> 
     </span>
     <span class='ocr_line' id='line_1_44' title="bbox 176 2973 1819 3048; baseline 0.003 -16"><span class='ocrx_word' id='word_1_316' title='bbox 176 2976 253 3032; x_wconf 73' lang='lat' dir='ltr'><strong>tin</strong></span> <span class='ocrx_word' id='word_1_317' title='bbox 274 2981 503 3034; x_wconf 86' lang='lat' dir='ltr'><strong>terrore</strong></span> <span class='ocrx_word' id='word_1_318' title='bbox 530 2973 898 3048; x_wconf 74' lang='lat' dir='ltr'><strong>praeclusam.</strong></span> <span class='ocrx_word' id='word_1_319' title='bbox 940 2974 1219 3034; x_wconf 89' lang='lat' dir='ltr'><strong>delictum</strong></span> <span class='ocrx_word' id='word_1_320' title='bbox 1250 2976 1509 3035; x_wconf 89' lang='lat' dir='ltr'><strong>alienum</strong></span> <span class='ocrx_word' id='word_1_321' title='bbox 1538 2977 1819 3037; x_wconf 88' lang='lat' dir='ltr'><strong>innocen·</strong></span> 
     </span>
    </p>
   </div>
   <div class='ocr_carea' id='block_1_10' title="bbox 1925 1810 3582 3051">
    <p class='ocr_par' dir='ltr' id='par_1_10' title="bbox 1925 1810 3582 3051">
     <span class='ocr_line' id='line_1_45' title="bbox 1933 1810 3582 1890; baseline -0.003 -16"><span class='ocrx_word' id='word_1_322' title='bbox 1933 1817 2214 1890; x_wconf 89' lang='lat' dir='ltr'><strong>potuisse,</strong></span> <span class='ocrx_word' id='word_1_323' title='bbox 2252 1833 2388 1874; x_wconf 89' lang='lat' dir='ltr'><strong>cum</strong></span> <span class='ocrx_word' id='word_1_324' title='bbox 2418 1817 2615 1888; x_wconf 90' lang='lat' dir='ltr'><strong>ipsum</strong></span> <span class='ocrx_word' id='word_1_325' title='bbox 2653 1832 2688 1872; x_wconf 91' lang='lat' dir='ltr'><strong>a</strong></span> <span class='ocrx_word' id='word_1_326' title='bbox 2725 1814 3004 1887; x_wconf 88' lang='lat' dir='ltr'><strong>religione</strong></span> <span class='ocrx_word' id='word_1_327' title='bbox 3026 1811 3346 1886; x_wconf 79' lang='lat' dir='ltr'><strong>juramenti</strong></span> <span class='ocrx_word' id='word_1_328' title='bbox 3394 1810 3582 1869; x_wconf 86' lang='lat' dir='ltr'><strong>nnlla-</strong></span> 
     </span>
     <span class='ocr_line' id='line_1_46' title="bbox 1930 1901 3580 1976; baseline -0.004 -13"><span class='ocrx_word' id='word_1_329' title='bbox 1930 1914 2101 1964; x_wconf 88' lang='lat' dir='ltr'><strong>tenus</strong></span> <span class='ocrx_word' id='word_1_330' title='bbox 2132 1905 2447 1964; x_wconf 81' lang='lat' dir='ltr'><strong>descivisse</strong></span> <span class='ocrx_word' id='word_1_331' title='bbox 2477 1909 2788 1971; x_wconf 87' lang='lat' dir='ltr'><strong>constaret,</strong></span> <span class='ocrx_word' id='word_1_332' title='bbox 2824 1920 2934 1962; x_wconf 89' lang='lat' dir='ltr'><strong>nec</strong></span> <span class='ocrx_word' id='word_1_333' title='bbox 2970 1903 3168 1976; x_wconf 90' lang='lat' dir='ltr'><strong>ipsum</strong></span> <span class='ocrx_word' id='word_1_334' title='bbox 3200 1901 3580 1975; x_wconf 88' lang='lat' dir='ltr'><strong>postmodum</strong></span> 
     </span>
     <span class='ocr_line' id='line_1_47' title="bbox 1930 1988 3574 2068; baseline -0.002 -17"><span class='ocrx_word' id='word_1_335' title='bbox 1930 1995 1990 2051; x_wconf 88' lang='lat' dir='ltr'><strong>in</strong></span> <span class='ocrx_word' id='word_1_336' title='bbox 2022 1995 2221 2068; x_wconf 88' lang='lat' dir='ltr'><strong>aliquo</strong></span> <span class='ocrx_word' id='word_1_337' title='bbox 2241 1995 2542 2067; x_wconf 82' lang='lat' dir='ltr'><strong>judicialis</strong></span> <span class='ocrx_word' id='word_1_338' title='bbox 2563 1992 2921 2067; x_wconf 80' lang='lat' dir='ltr'><strong>experientia</strong></span> <span class='ocrx_word' id='word_1_339' title='bbox 2948 1993 3418 2050; x_wconf 86' lang='lat' dir='ltr'><strong>condemnasset.</strong></span> <span class='ocrx_word' id='word_1_340' title='bbox 3439 1988 3574 2047; x_wconf 80' lang='lat' dir='ltr'><strong>Cer-</strong></span> 
     </span>
     <span class='ocr_line' id='line_1_48' title="bbox 1931 2078 3577 2153; baseline -0.006 -11"><span class='ocrx_word' id='word_1_341' title='bbox 1931 2090 2057 2143; x_wconf 92' lang='lat' dir='ltr'><strong>tum</strong></span> <span class='ocrx_word' id='word_1_342' title='bbox 2074 2089 2186 2152; x_wconf 90' lang='lat' dir='ltr'><strong>est,</strong></span> <span class='ocrx_word' id='word_1_343' title='bbox 2207 2088 2265 2141; x_wconf 89' lang='lat' dir='ltr'><strong>et</strong></span> <span class='ocrx_word' id='word_1_344' title='bbox 2283 2083 2556 2141; x_wconf 90' lang='lat' dir='ltr'><strong>omnibus</strong></span> <span class='ocrx_word' id='word_1_345' title='bbox 2579 2082 2736 2153; x_wconf 79' lang='lat' dir='ltr'><strong>regni</strong></span> <span class='ocrx_word' id='word_1_346' title='bbox 2760 2080 2920 2139; x_wconf 89' lang='lat' dir='ltr'><strong>illius</strong></span> <span class='ocrx_word' id='word_1_347' title='bbox 2940 2080 3149 2138; x_wconf 86' lang='lat' dir='ltr'><strong>incolis</strong></span> <span class='ocrx_word' id='word_1_348' title='bbox 3171 2078 3577 2143; x_wconf 85' lang='lat' dir='ltr'><strong>manifestum,</strong></span> 
     </span>
     <span class='ocr_line' id='line_1_49' title="bbox 1930 2165 3578 2245; baseline -0.007 -12"><span class='ocrx_word' id='word_1_349' title='bbox 1930 2174 2230 2233; x_wconf 86' lang='lat' dir='ltr'><strong>bominem</strong></span> <span class='ocrx_word' id='word_1_350' title='bbox 2259 2177 2527 2230; x_wconf 91' lang='lat' dir='ltr'><strong>sanctum</strong></span> <span class='ocrx_word' id='word_1_351' title='bbox 2558 2173 2620 2230; x_wconf 90' lang='lat' dir='ltr'><strong>in</strong></span> <span class='ocrx_word' id='word_1_352' title='bbox 2645 2172 2734 2229; x_wconf 88' lang='lat' dir='ltr'><strong>bis</strong></span> <span class='ocrx_word' id='word_1_353' title='bbox 2765 2188 2894 2245; x_wconf 67' lang='lat' dir='ltr'><strong>quo</strong></span> <span class='ocrx_word' id='word_1_354' title='bbox 2923 2170 3071 2227; x_wconf 91' lang='lat' dir='ltr'><strong>male</strong></span> <span class='ocrx_word' id='word_1_355' title='bbox 3099 2175 3231 2226; x_wconf 88' lang='lat' dir='ltr'><strong>acta</strong></span> <span class='ocrx_word' id='word_1_356' title='bbox 3259 2171 3399 2225; x_wconf 90' lang='lat' dir='ltr'><strong>sunt</strong></span> <span class='ocrx_word' id='word_1_357' title='bbox 3428 2165 3578 2224; x_wconf 86' lang='lat' dir='ltr'><strong>nibil</strong></span> 
     </span>
     <span class='ocr_line' id='line_1_50' title="bbox 1930 2252 3580 2334; baseline -0.006 -11"><span class='ocrx_word' id='word_1_358' title='bbox 1930 2264 2253 2334; x_wconf 86' lang='lat' dir='ltr'><strong>voluntate,</strong></span> <span class='ocrx_word' id='word_1_359' title='bbox 2284 2261 2432 2320; x_wconf 87' lang='lat' dir='ltr'><strong>nibil</strong></span> <span class='ocrx_word' id='word_1_360' title='bbox 2454 2261 2725 2333; x_wconf 91' lang='lat' dir='ltr'><strong>consilio,</strong></span> <span class='ocrx_word' id='word_1_361' title='bbox 2758 2260 2906 2317; x_wconf 87' lang='lat' dir='ltr'><strong>nibil</strong></span> <span class='ocrx_word' id='word_1_362' title='bbox 2946 2275 3056 2333; x_wconf 92' lang='lat' dir='ltr'><strong>ope</strong></span> <span class='ocrx_word' id='word_1_363' title='bbox 3103 2257 3464 2330; x_wconf 83' lang='lat' dir='ltr'><strong>deliquisse3</strong></span> <span class='ocrx_word' id='word_1_364' title='bbox 3495 2252 3580 2313; x_wconf 89' lang='lat' dir='ltr'><strong>ei·</strong></span> 
     </span>
     <span class='ocr_line' id='line_1_51' title="bbox 1929 2346 3572 2427; baseline -0.007 -15"><span class='ocrx_word' id='word_1_365' title='bbox 1929 2371 2042 2427; x_wconf 88' lang='lat' dir='ltr'><strong>que</strong></span> <span class='ocrx_word' id='word_1_366' title='bbox 2070 2353 2340 2427; x_wconf 86' lang='lat' dir='ltr'><strong>generale</strong></span> <span class='ocrx_word' id='word_1_367' title='bbox 2386 2351 2787 2410; x_wconf 90' lang='lat' dir='ltr'><strong>testimonium</strong></span> <span class='ocrx_word' id='word_1_368' title='bbox 2826 2351 2897 2407; x_wconf 92' lang='lat' dir='ltr'><strong>de</strong></span> <span class='ocrx_word' id='word_1_369' title='bbox 2947 2365 3093 2423; x_wconf 86' lang='lat' dir='ltr'><strong>pura</strong></span> <span class='ocrx_word' id='word_1_370' title='bbox 3120 2346 3388 2405; x_wconf 88' lang='lat' dir='ltr'><strong>omnium</strong></span> <span class='ocrx_word' id='word_1_371' title='bbox 3434 2360 3572 2402; x_wconf 91' lang='lat' dir='ltr'><strong>con·</strong></span> 
     </span>
     <span class='ocr_line' id='line_1_52' title="bbox 1928 2434 3574 2516; baseline -0.007 -14"><span class='ocrx_word' id='word_1_372' title='bbox 1928 2444 2177 2502; x_wconf 90' lang='lat' dir='ltr'><strong>scientia</strong></span> <span class='ocrx_word' id='word_1_373' title='bbox 2232 2442 2595 2516; x_wconf 87' lang='lat' dir='ltr'><strong>perhibetur,</strong></span> <span class='ocrx_word' id='word_1_374' title='bbox 2649 2439 2845 2512; x_wconf 89' lang='lat' dir='ltr'><strong>ipsum</strong></span> <span class='ocrx_word' id='word_1_375' title='bbox 2894 2434 3304 2497; x_wconf 87' lang='lat' dir='ltr'><strong>ecclesiasticis</strong></span> <span class='ocrx_word' id='word_1_376' title='bbox 3343 2446 3574 2506; x_wconf 88' lang='lat' dir='ltr'><strong>semper</strong></span> 
     </span>
     <span class='ocr_line' id='line_1_53' title="bbox 1930 2526 3576 2608; baseline -0.005 -16"><span class='ocrx_word' id='word_1_377' title='bbox 1930 2532 2415 2608; x_wconf 73' lang='lat' dir='ltr'><strong>praeceptionibus</strong></span> <span class='ocrx_word' id='word_1_378' title='bbox 2447 2529 2692 2588; x_wconf 82' lang='lat' dir='ltr'><strong>fideliter</strong></span> <span class='ocrx_word' id='word_1_379' title='bbox 2720 2526 3002 2585; x_wconf 86' lang='lat' dir='ltr'><strong>obedisse.</strong></span> <span class='ocrx_word' id='word_1_380' title='bbox 3044 2526 3195 2582; x_wconf 86' lang='lat' dir='ltr'><strong>Sane</strong></span> <span class='ocrx_word' id='word_1_381' title='bbox 3233 2539 3438 2581; x_wconf 84' lang='lat' dir='ltr'><strong>verum</strong></span> <span class='ocrx_word' id='word_1_382' title='bbox 3484 2526 3576 2583; x_wconf 77' lang='lat' dir='ltr'><strong>est</strong></span> 
     </span>
     <span class='ocr_line' id='line_1_54' title="bbox 1927 2613 3572 2695; baseline -0.006 -14"><span class='ocrx_word' id='word_1_383' title='bbox 1927 2629 2052 2681; x_wconf 90' lang='lat' dir='ltr'><strong>tam</strong></span> <span class='ocrx_word' id='word_1_384' title='bbox 2084 2623 2278 2695; x_wconf 90' lang='lat' dir='ltr'><strong>ipsum</strong></span> <span class='ocrx_word' id='word_1_385' title='bbox 2308 2635 2488 2693; x_wconf 87' lang='lat' dir='ltr'><strong>quam</strong></span> <span class='ocrx_word' id='word_1_386' title='bbox 2537 2619 2687 2676; x_wconf 90' lang='lat' dir='ltr'><strong>alios</strong></span> <span class='ocrx_word' id='word_1_387' title='bbox 2727 2615 3124 2675; x_wconf 90' lang='lat' dir='ltr'><strong>incumbentis</strong></span> <span class='ocrx_word' id='word_1_388' title='bbox 3174 2613 3443 2688; x_wconf 77' lang='lat' dir='ltr'><strong>potentiss</strong></span> <span class='ocrx_word' id='word_1_389' title='bbox 3471 2628 3572 2671; x_wconf 82' lang='lat' dir='ltr'><strong>vs-</strong></span> 
     </span>
     <span class='ocr_line' id='line_1_55' title="bbox 1930 2701 3574 2779; baseline -0.007 -9"><span class='ocrx_word' id='word_1_390' title='bbox 1930 2712 2284 2770; x_wconf 88' lang='lat' dir='ltr'><strong>bementism</strong></span> <span class='ocrx_word' id='word_1_391' title='bbox 2295 2709 2589 2774; x_wconf 88' lang='lat' dir='ltr'><strong>timuisse,</strong></span> <span class='ocrx_word' id='word_1_392' title='bbox 2604 2707 2962 2779; x_wconf 68' lang='lat' dir='ltr'><strong>majorisque</strong></span> <span class='ocrx_word' id='word_1_393' title='bbox 2972 2704 3211 2779; x_wconf 89' lang='lat' dir='ltr'><strong>periculi</strong></span> <span class='ocrx_word' id='word_1_394' title='bbox 3224 2701 3574 2761; x_wconf 82' lang='lat' dir='ltr'><strong>necessitate</strong></span> 
     </span>
     <span class='ocr_line' id='line_1_56' title="bbox 1927 2789 3578 2875; baseline -0.008 -14"><span class='ocrx_word' id='word_1_395' title='bbox 1927 2800 2264 2875; x_wconf 86' lang='lat' dir='ltr'><strong>compulsos</strong></span> <span class='ocrx_word' id='word_1_396' title='bbox 2282 2798 2690 2856; x_wconf 86' lang='lat' dir='ltr'><strong>dissimulasse</strong></span> <span class='ocrx_word' id='word_1_397' title='bbox 2719 2796 3085 2870; x_wconf 89' lang='lat' dir='ltr'><strong>pierumque,</strong></span> <span class='ocrx_word' id='word_1_398' title='bbox 3105 2798 3164 2851; x_wconf 93' lang='lat' dir='ltr'><strong>et</strong></span> <span class='ocrx_word' id='word_1_399' title='bbox 3191 2793 3407 2867; x_wconf 69' lang='lat' dir='ltr'><strong>saepius</strong></span> <span class='ocrx_word' id='word_1_400' title='bbox 3420 2789 3578 2849; x_wconf 88' lang='lat' dir='ltr'><strong>exbi-</strong></span> 
     </span>
     <span class='ocr_line' id='line_1_57' title="bbox 1926 2880 3576 2959; baseline -0.005 -12"><span class='ocrx_word' id='word_1_401' title='bbox 1926 2893 2129 2949; x_wconf 90' lang='lat' dir='ltr'><strong>buisse</strong></span> <span class='ocrx_word' id='word_1_402' title='bbox 2141 2889 2490 2947; x_wconf 90' lang='lat' dir='ltr'><strong>modestiam</strong></span> <span class='ocrx_word' id='word_1_403' title='bbox 2520 2902 2694 2959; x_wconf 88' lang='lat' dir='ltr'><strong>quam</strong></span> <span class='ocrx_word' id='word_1_404' title='bbox 2711 2886 2988 2959; x_wconf 85' lang='lat' dir='ltr'><strong>rigorem,</strong></span> <span class='ocrx_word' id='word_1_405' title='bbox 3006 2888 3064 2943; x_wconf 92' lang='lat' dir='ltr'><strong>et</strong></span> <span class='ocrx_word' id='word_1_406' title='bbox 3088 2891 3368 2955; x_wconf 88' lang='lat' dir='ltr'><strong>tanquam</strong></span> <span class='ocrx_word' id='word_1_407' title='bbox 3397 2880 3576 2939; x_wconf 87' lang='lat' dir='ltr'><strong>sedu-</strong></span> 
     </span>
     <span class='ocr_line' id='line_1_58' title="bbox 1925 2969 3576 3051; baseline -0.008 -10"><span class='ocrx_word' id='word_1_408' title='bbox 1925 2988 2342 3041; x_wconf 86' lang='lat' dir='ltr'><strong>ctoresmotum</strong></span> <span class='ocrx_word' id='word_1_409' title='bbox 2358 2976 2935 3051; x_wconf 83' lang='lat' dir='ltr'><strong>potestatisconsuitis</strong></span> <span class='ocrx_word' id='word_1_410' title='bbox 2947 2973 3264 3049; x_wconf 86' lang='lat' dir='ltr'><strong>aliquando</strong></span> <span class='ocrx_word' id='word_1_411' title='bbox 3276 2969 3576 3031; x_wconf 89' lang='lat' dir='ltr'><strong>blanditiis</strong></span> 
     </span>
    </p>
   </div>
   <div class='ocr_carea' id='block_1_11' title="bbox 178 3057 3577 3235">
    <p class='ocr_par' dir='ltr' id='par_1_11' title="bbox 178 3057 3577 3235">
     <span class='ocr_line' id='line_1_59' title="bbox 178 3057 3577 3140; baseline -0.003 -16"><span class='ocrx_word' id='word_1_412' title='bbox 178 3065 253 3123; x_wconf 67' lang='lat' dir='ltr'><strong>tis</strong></span> <span class='ocrx_word' id='word_1_413' title='bbox 281 3065 460 3124; x_wconf 86' lang='lat' dir='ltr'><strong>istius</strong></span> <span class='ocrx_word' id='word_1_414' title='bbox 504 3065 888 3139; x_wconf 78' lang='lat' dir='ltr'><strong>praejudicare</strong></span> <span class='ocrx_word' id='word_1_415' title='bbox 919 3081 1035 3124; x_wconf 93' lang='lat' dir='ltr'><strong>non</strong></span> <span class='ocrx_word' id='word_1_416' title='bbox 1064 3065 1282 3136; x_wconf 82' lang='lat' dir='ltr'><strong>debuit,</strong></span> <span class='ocrx_word' id='word_1_417' title='bbox 1318 3084 1424 3125; x_wconf 90' lang='lat' dir='ltr'><strong>nec</strong></span> <span class='ocrx_word' id='word_1_418' title='bbox 1453 3066 1569 3140; x_wconf 93' lang='lat' dir='ltr'><strong>ipsi</strong></span> <span class='ocrx_word' id='word_1_419' title='bbox 1591 3069 1664 3125; x_wconf 93' lang='lat' dir='ltr'><strong>de</strong></span> <span class='ocrx_word' id='word_1_420' title='bbox 1687 3069 1818 3140; x_wconf 80' lang='lat' dir='ltr'><strong>Jure</strong></span> <span class='ocrx_word' id='word_1_421' title='bbox 1934 3071 2230 3139; x_wconf 83' lang='lat' dir='ltr'><strong>delinisse,</strong></span> <span class='ocrx_word' id='word_1_422' title='bbox 2255 3075 2320 3127; x_wconf 88' lang='lat' dir='ltr'><strong>ut</strong></span> <span class='ocrx_word' id='word_1_423' title='bbox 2338 3070 2425 3128; x_wconf 88' lang='lat' dir='ltr'><strong>eis</strong></span> <span class='ocrx_word' id='word_1_424' title='bbox 2455 3065 3019 3138; x_wconf 73' lang='lat' dir='ltr'><strong>veritatemjustitias,</strong></span> <span class='ocrx_word' id='word_1_425' title='bbox 3051 3066 3345 3137; x_wconf 85' lang='lat' dir='ltr'><strong>quatenus</strong></span> <span class='ocrx_word' id='word_1_426' title='bbox 3366 3060 3424 3117; x_wconf 90' lang='lat' dir='ltr'><strong>id</strong></span> <span class='ocrx_word' id='word_1_427' title='bbox 3447 3057 3577 3115; x_wconf 85' lang='lat' dir='ltr'><strong>fieri</strong></span> 
     </span>
     <span class='ocr_line' id='line_1_60' title="bbox 178 3118 3575 3235; baseline -0.002 -22"><span class='ocrx_word' id='word_1_428' title='bbox 178 3154 354 3227; x_wconf 83' lang='lat' dir='ltr'><strong>potnit</strong></span> <span class='ocrx_word' id='word_1_429' title='bbox 382 3170 566 3227; x_wconf 74' lang='lat' dir='ltr'><strong>pona</strong></span> <span class='ocrx_word' id='word_1_430' title='bbox 595 3169 776 3226; x_wconf 89' lang='lat' dir='ltr'><strong>quam</strong></span> <span class='ocrx_word' id='word_1_431' title='bbox 821 3169 935 3211; x_wconf 92' lang='lat' dir='ltr'><strong>non</strong></span> <span class='ocrx_word' id='word_1_432' title='bbox 966 3155 1300 3213; x_wconf 87' lang='lat' dir='ltr'><strong>merebatur</strong></span> <span class='ocrx_word' id='word_1_433' title='bbox 1337 3156 1539 3229; x_wconf 84' lang='lat' dir='ltr'><strong>infligi.</strong></span> <span class='ocrx_word' id='word_1_434' title='bbox 1568 3155 1820 3215; x_wconf 86' lang='lat' dir='ltr'><strong>Verum·</strong></span> <span class='ocrx_word' id='word_1_435' title='bbox 1850 3118 1896 3186; x_wconf 77' lang='lat' dir='ltr'>c</span> <span class='ocrx_word' id='word_1_436' title='bbox 1933 3167 2171 3235; x_wconf 84' lang='lat' dir='ltr'><strong>poterat,</strong></span> <span class='ocrx_word' id='word_1_437' title='bbox 2205 3160 2430 3234; x_wconf 91' lang='lat' dir='ltr'><strong>puritas</strong></span> <span class='ocrx_word' id='word_1_438' title='bbox 2453 3157 2825 3217; x_wconf 76' lang='lat' dir='ltr'><strong>conscientias</strong></span> <span class='ocrx_word' id='word_1_439' title='bbox 2856 3157 3197 3213; x_wconf 78' lang='lat' dir='ltr'><strong>reservaret.</strong></span> <span class='ocrx_word' id='word_1_440' title='bbox 3224 3151 3486 3209; x_wconf 89' lang='lat' dir='ltr'><strong>Profecto</strong></span> <span class='ocrx_word' id='word_1_441' title='bbox 3512 3147 3575 3206; x_wconf 94' lang='lat' dir='ltr'><strong>in</strong></span> 
     </span>
    </p>
   </div>
   <div class='ocr_carea' id='block_1_12' title="bbox 176 3240 1833 4476">
    <p class='ocr_par' dir='ltr' id='par_1_12' title="bbox 176 3240 1833 4476">
     <span class='ocr_line' id='line_1_61' title="bbox 178 3240 1818 3319; baseline 0.001 -18"><span class='ocrx_word' id='word_1_442' title='bbox 178 3247 357 3301; x_wconf 85' lang='lat' dir='ltr'><strong>tamen</strong></span> <span class='ocrx_word' id='word_1_443' title='bbox 388 3245 491 3302; x_wconf 84' lang='lat' dir='ltr'><strong>est</strong></span> <span class='ocrx_word' id='word_1_444' title='bbox 517 3240 727 3300; x_wconf 89' lang='lat' dir='ltr'><strong>delusa</strong></span> <span class='ocrx_word' id='word_1_445' title='bbox 764 3243 1067 3313; x_wconf 86' lang='lat' dir='ltr'><strong>potestatis</strong></span> <span class='ocrx_word' id='word_1_446' title='bbox 1093 3244 1307 3302; x_wconf 84' lang='lat' dir='ltr'><strong>astutia</strong></span> <span class='ocrx_word' id='word_1_447' title='bbox 1335 3248 1649 3317; x_wconf 84' lang='lat' dir='ltr'><strong>sagacitate</strong></span> <span class='ocrx_word' id='word_1_448' title='bbox 1677 3262 1818 3319; x_wconf 87' lang='lat' dir='ltr'><strong>per-</strong></span> 
     </span>
     <span class='ocr_line' id='line_1_62' title="bbox 180 3331 1822 3407; baseline 0.001 -15"><span class='ocrx_word' id='word_1_449' title='bbox 180 3333 484 3392; x_wconf 67' lang='lat' dir='ltr'><strong>ferentium</strong></span> <span class='ocrx_word' id='word_1_450' title='bbox 534 3331 771 3405; x_wconf 86' lang='lat' dir='ltr'><strong>aliquas</strong></span> <span class='ocrx_word' id='word_1_451' title='bbox 812 3334 886 3390; x_wconf 93' lang='lat' dir='ltr'><strong>ad</strong></span> <span class='ocrx_word' id='word_1_452' title='bbox 928 3332 1125 3407; x_wconf 90' lang='lat' dir='ltr'><strong>ipsum</strong></span> <span class='ocrx_word' id='word_1_453' title='bbox 1166 3333 1408 3404; x_wconf 85' lang='lat' dir='ltr'><strong>litteras,</strong></span> <span class='ocrx_word' id='word_1_454' title='bbox 1444 3340 1502 3392; x_wconf 93' lang='lat' dir='ltr'><strong>et</strong></span> <span class='ocrx_word' id='word_1_455' title='bbox 1550 3338 1822 3394; x_wconf 88' lang='lat' dir='ltr'><strong>mandata</strong></span> 
     </span>
     <span class='ocr_line' id='line_1_63' title="bbox 180 3421 1820 3498; baseline 0.001 -18"><span class='ocrx_word' id='word_1_456' title='bbox 180 3423 409 3488; x_wconf 64' lang='lat' dir='ltr'><strong>nubae,</strong></span> <span class='ocrx_word' id='word_1_457' title='bbox 430 3421 652 3496; x_wconf 90' lang='lat' dir='ltr'><strong>quibus</strong></span> <span class='ocrx_word' id='word_1_458' title='bbox 686 3425 809 3479; x_wconf 87' lang='lat' dir='ltr'><strong>tota</strong></span> <span class='ocrx_word' id='word_1_459' title='bbox 827 3421 1135 3496; x_wconf 79' lang='lat' dir='ltr'><strong>diligentia</strong></span> <span class='ocrx_word' id='word_1_460' title='bbox 1162 3425 1377 3498; x_wconf 88' lang='lat' dir='ltr'><strong>paruit,</strong></span> <span class='ocrx_word' id='word_1_461' title='bbox 1408 3425 1684 3484; x_wconf 89' lang='lat' dir='ltr'><strong>omnibus</strong></span> <span class='ocrx_word' id='word_1_462' title='bbox 1703 3426 1820 3483; x_wconf 89' lang='lat' dir='ltr'><strong>sci-</strong></span> 
     </span>
     <span class='ocr_line' id='line_1_64' title="bbox 179 3508 1823 3584; baseline 0.003 -17"><span class='ocrx_word' id='word_1_463' title='bbox 179 3510 401 3568; x_wconf 80' lang='lat' dir='ltr'><strong>licetvel</strong></span> <span class='ocrx_word' id='word_1_464' title='bbox 426 3508 796 3567; x_wconf 84' lang='lat' dir='ltr'><strong>denuntiatis</strong></span> <span class='ocrx_word' id='word_1_465' title='bbox 814 3509 1068 3584; x_wconf 88' lang='lat' dir='ltr'><strong>publice,</strong></span> <span class='ocrx_word' id='word_1_466' title='bbox 1086 3511 1173 3569; x_wconf 83' lang='lat' dir='ltr'><strong>vel</strong></span> <span class='ocrx_word' id='word_1_467' title='bbox 1194 3512 1427 3571; x_wconf 79' lang='lat' dir='ltr'><strong>effectui</strong></span> <span class='ocrx_word' id='word_1_468' title='bbox 1447 3513 1643 3571; x_wconf 90' lang='lat' dir='ltr'><strong>debito</strong></span> <span class='ocrx_word' id='word_1_469' title='bbox 1662 3531 1823 3571; x_wconf 89' lang='lat' dir='ltr'><strong>man-</strong></span> 
     </span>
     <span class='ocr_line' id='line_1_65' title="bbox 178 3598 1823 3672; baseline 0.002 -16"><span class='ocrx_word' id='word_1_470' title='bbox 178 3598 391 3672; x_wconf 87' lang='lat' dir='ltr'><strong>cipatis.</strong></span> <span class='ocrx_word' id='word_1_471' title='bbox 414 3598 623 3668; x_wconf 77' lang='lat' dir='ltr'><strong>Porro,</strong></span> <span class='ocrx_word' id='word_1_472' title='bbox 653 3598 705 3655; x_wconf 90' lang='lat' dir='ltr'><strong>si</strong></span> <span class='ocrx_word' id='word_1_473' title='bbox 736 3598 796 3655; x_wconf 92' lang='lat' dir='ltr'><strong>in</strong></span> <span class='ocrx_word' id='word_1_474' title='bbox 829 3602 991 3656; x_wconf 88' lang='lat' dir='ltr'><strong>tanto</strong></span> <span class='ocrx_word' id='word_1_475' title='bbox 1019 3599 1354 3658; x_wconf 88' lang='lat' dir='ltr'><strong>discrimine</strong></span> <span class='ocrx_word' id='word_1_476' title='bbox 1384 3617 1577 3660; x_wconf 90' lang='lat' dir='ltr'><strong>rerum</strong></span> <span class='ocrx_word' id='word_1_477' title='bbox 1607 3619 1823 3662; x_wconf 88' lang='lat' dir='ltr'><strong>consu-</strong></span> 
     </span>
     <span class='ocr_line' id='line_1_66' title="bbox 176 3690 1823 3764; baseline 0.004 -17"><span class='ocrx_word' id='word_1_478' title='bbox 176 3691 333 3748; x_wconf 87' lang='lat' dir='ltr'><strong>lenda</strong></span> <span class='ocrx_word' id='word_1_479' title='bbox 358 3690 669 3749; x_wconf 80' lang='lat' dir='ltr'><strong>videretur</strong></span> <span class='ocrx_word' id='word_1_480' title='bbox 698 3691 1063 3764; x_wconf 65' lang='lat' dir='ltr'><strong>presidentis</strong></span> <span class='ocrx_word' id='word_1_481' title='bbox 1098 3692 1431 3762; x_wconf 88' lang='lat' dir='ltr'><strong>auctoritas,</strong></span> <span class='ocrx_word' id='word_1_482' title='bbox 1464 3695 1685 3753; x_wconf 86' lang='lat' dir='ltr'><strong>nuntiis</strong></span> <span class='ocrx_word' id='word_1_483' title='bbox 1715 3697 1823 3754; x_wconf 87' lang='lat' dir='ltr'><strong>bu-</strong></span> 
     </span>
     <span class='ocr_line' id='line_1_67' title="bbox 178 3780 1826 3859; baseline 0.004 -21"><span class='ocrx_word' id='word_1_484' title='bbox 178 3782 263 3851; x_wconf 82' lang='lat' dir='ltr'><strong>ius</strong></span> <span class='ocrx_word' id='word_1_485' title='bbox 288 3781 363 3838; x_wconf 91' lang='lat' dir='ltr'><strong>ad</strong></span> <span class='ocrx_word' id='word_1_486' title='bbox 398 3795 547 3839; x_wconf 80' lang='lat' dir='ltr'><strong>enm</strong></span> <span class='ocrx_word' id='word_1_487' title='bbox 590 3780 790 3839; x_wconf 89' lang='lat' dir='ltr'><strong>omnis</strong></span> <span class='ocrx_word' id='word_1_488' title='bbox 811 3781 1128 3855; x_wconf 77' lang='lat' dir='ltr'><strong>negabatur</strong></span> <span class='ocrx_word' id='word_1_489' title='bbox 1156 3799 1448 3853; x_wconf 86' lang='lat' dir='ltr'><strong>accessus,</strong></span> <span class='ocrx_word' id='word_1_490' title='bbox 1478 3785 1826 3859; x_wconf 89' lang='lat' dir='ltr'><strong>nullumque</strong></span> 
     </span>
     <span class='ocr_line' id='line_1_68' title="bbox 182 3869 1825 3943; baseline 0.004 -16"><span class='ocrx_word' id='word_1_491' title='bbox 182 3877 427 3943; x_wconf 69' lang='lat' dir='ltr'><strong>paterna</strong></span> <span class='ocrx_word' id='word_1_492' title='bbox 459 3869 771 3928; x_wconf 84' lang='lat' dir='ltr'><strong>charitatis</strong></span> <span class='ocrx_word' id='word_1_493' title='bbox 798 3871 1063 3930; x_wconf 89' lang='lat' dir='ltr'><strong>exstabat</strong></span> <span class='ocrx_word' id='word_1_494' title='bbox 1088 3872 1396 3943; x_wconf 89' lang='lat' dir='ltr'><strong>indicium,</strong></span> <span class='ocrx_word' id='word_1_495' title='bbox 1420 3875 1520 3931; x_wconf 90' lang='lat' dir='ltr'><strong>ubi</strong></span> <span class='ocrx_word' id='word_1_496' title='bbox 1549 3875 1604 3932; x_wconf 93' lang='lat' dir='ltr'><strong>ei</strong></span> <span class='ocrx_word' id='word_1_497' title='bbox 1634 3876 1825 3933; x_wconf 89' lang='lat' dir='ltr'><strong>consi·</strong></span> 
     </span>
     <span class='ocr_line' id='line_1_69' title="bbox 181 3957 1828 4034; baseline 0.005 -20"><span class='ocrx_word' id='word_1_498' title='bbox 181 3957 236 4014; x_wconf 88' lang='lat' dir='ltr'><strong>lii</strong></span> <span class='ocrx_word' id='word_1_499' title='bbox 260 3959 455 4033; x_wconf 86' lang='lat' dir='ltr'><strong>gratia</strong></span> <span class='ocrx_word' id='word_1_500' title='bbox 486 3957 673 4016; x_wconf 89' lang='lat' dir='ltr'><strong>simui</strong></span> <span class='ocrx_word' id='word_1_501' title='bbox 702 3963 760 4015; x_wconf 90' lang='lat' dir='ltr'><strong>et</strong></span> <span class='ocrx_word' id='word_1_502' title='bbox 789 3959 1033 4017; x_wconf 90' lang='lat' dir='ltr'><strong>remedii</strong></span> <span class='ocrx_word' id='word_1_503' title='bbox 1063 3961 1230 4034; x_wconf 90' lang='lat' dir='ltr'><strong>copia</strong></span> <span class='ocrx_word' id='word_1_504' title='bbox 1248 3961 1576 4021; x_wconf 90' lang='lat' dir='ltr'><strong>tollebatur.</strong></span> <span class='ocrx_word' id='word_1_505' title='bbox 1596 3964 1682 4021; x_wconf 80' lang='lat' dir='ltr'><strong>Ad</strong></span> <span class='ocrx_word' id='word_1_506' title='bbox 1704 3965 1828 4023; x_wconf 65' lang='lat' dir='ltr'><strong>boc</strong></span> 
     </span>
     <span class='ocr_line' id='line_1_70' title="bbox 186 4047 1827 4126; baseline 0.004 -21"><span class='ocrx_word' id='word_1_507' title='bbox 186 4049 365 4117; x_wconf 84' lang='lat' dir='ltr'><strong>nobis,</strong></span> <span class='ocrx_word' id='word_1_508' title='bbox 398 4047 508 4121; x_wconf 91' lang='lat' dir='ltr'><strong>qni</strong></span> <span class='ocrx_word' id='word_1_509' title='bbox 550 4063 750 4105; x_wconf 86' lang='lat' dir='ltr'><strong>rerum</strong></span> <span class='ocrx_word' id='word_1_510' title='bbox 795 4048 1098 4107; x_wconf 81' lang='lat' dir='ltr'><strong>veritatem</strong></span> <span class='ocrx_word' id='word_1_511' title='bbox 1141 4066 1210 4106; x_wconf 92' lang='lat' dir='ltr'><strong>ex</strong></span> <span class='ocrx_word' id='word_1_512' title='bbox 1255 4067 1470 4125; x_wconf 87' lang='lat' dir='ltr'><strong>magna</strong></span> <span class='ocrx_word' id='word_1_513' title='bbox 1511 4059 1676 4126; x_wconf 90' lang='lat' dir='ltr'><strong>parte</strong></span> <span class='ocrx_word' id='word_1_514' title='bbox 1704 4059 1827 4112; x_wconf 91' lang='lat' dir='ltr'><strong>tam</strong></span> 
     </span>
     <span class='ocr_line' id='line_1_71' title="bbox 186 4135 1829 4211; baseline 0.004 -17"><span class='ocrx_word' id='word_1_515' title='bbox 186 4135 587 4209; x_wconf 85' lang='lat' dir='ltr'><strong>experimento</strong></span> <span class='ocrx_word' id='word_1_516' title='bbox 626 4152 806 4209; x_wconf 88' lang='lat' dir='ltr'><strong>quam</strong></span> <span class='ocrx_word' id='word_1_517' title='bbox 838 4135 995 4194; x_wconf 82' lang='lat' dir='ltr'><strong>fideli</strong></span> <span class='ocrx_word' id='word_1_518' title='bbox 1025 4138 1097 4196; x_wconf 91' lang='lat' dir='ltr'><strong>de</strong></span> <span class='ocrx_word' id='word_1_519' title='bbox 1127 4140 1387 4211; x_wconf 90' lang='lat' dir='ltr'><strong>proximo</strong></span> <span class='ocrx_word' id='word_1_520' title='bbox 1416 4140 1697 4199; x_wconf 84' lang='lat' dir='ltr'><strong>relatione</strong></span> <span class='ocrx_word' id='word_1_521' title='bbox 1733 4159 1829 4200; x_wconf 90' lang='lat' dir='ltr'><strong>co·</strong></span> 
     </span>
     <span class='ocr_line' id='line_1_72' title="bbox 188 4225 1833 4301; baseline 0.004 -19"><span class='ocrx_word' id='word_1_522' title='bbox 188 4228 519 4297; x_wconf 75' lang='lat' dir='ltr'><strong>gnovimns,</strong></span> <span class='ocrx_word' id='word_1_523' title='bbox 554 4225 695 4282; x_wconf 89' lang='lat' dir='ltr'><strong>iicet</strong></span> <span class='ocrx_word' id='word_1_524' title='bbox 715 4226 876 4298; x_wconf 87' lang='lat' dir='ltr'><strong>apud</strong></span> <span class='ocrx_word' id='word_1_525' title='bbox 917 4228 1275 4299; x_wconf 83' lang='lat' dir='ltr'><strong>majestatem</strong></span> <span class='ocrx_word' id='word_1_526' title='bbox 1292 4234 1544 4287; x_wconf 83' lang='lat' dir='ltr'><strong>vestram</strong></span> <span class='ocrx_word' id='word_1_527' title='bbox 1584 4231 1656 4288; x_wconf 90' lang='lat' dir='ltr'><strong>de</strong></span> <span class='ocrx_word' id='word_1_528' title='bbox 1686 4248 1833 4301; x_wconf 88' lang='lat' dir='ltr'><strong>pura</strong></span> 
     </span>
     <span class='ocr_line' id='line_1_73' title="bbox 190 4314 1833 4389; baseline 0.004 -18"><span class='ocrx_word' id='word_1_529' title='bbox 190 4315 593 4372; x_wconf 86' lang='lat' dir='ltr'><strong>testimonium</strong></span> <span class='ocrx_word' id='word_1_530' title='bbox 629 4314 989 4373; x_wconf 87' lang='lat' dir='ltr'><strong>conscientia</strong></span> <span class='ocrx_word' id='word_1_531' title='bbox 1047 4317 1373 4389; x_wconf 88' lang='lat' dir='ltr'><strong>perbibere,</strong></span> <span class='ocrx_word' id='word_1_532' title='bbox 1430 4320 1623 4377; x_wconf 80' lang='lat' dir='ltr'><strong>virum</strong></span> <span class='ocrx_word' id='word_1_533' title='bbox 1680 4320 1833 4378; x_wconf 88' lang='lat' dir='ltr'><strong>inter</strong></span> 
     </span>
     <span class='ocr_line' id='line_1_74' title="bbox 190 4403 1830 4476; baseline 0.006 -18"><span class='ocrx_word' id='word_1_534' title='bbox 190 4403 372 4462; x_wconf 87' lang='lat' dir='ltr'><strong>minas</strong></span> <span class='ocrx_word' id='word_1_535' title='bbox 400 4403 657 4461; x_wconf 90' lang='lat' dir='ltr'><strong>alterius</strong></span> <span class='ocrx_word' id='word_1_536' title='bbox 704 4404 1008 4476; x_wconf 86' lang='lat' dir='ltr'><strong>potestatis</strong></span> <span class='ocrx_word' id='word_1_537' title='bbox 1036 4411 1096 4463; x_wconf 88' lang='lat' dir='ltr'><strong>et</strong></span> <span class='ocrx_word' id='word_1_538' title='bbox 1147 4406 1395 4465; x_wconf 87' lang='lat' dir='ltr'><strong>alterins.</strong></span> <span class='ocrx_word' id='word_1_539' title='bbox 1414 4409 1663 4467; x_wconf 91' lang='lat' dir='ltr'><strong>insidias</strong></span> <span class='ocrx_word' id='word_1_540' title='bbox 1692 4427 1830 4468; x_wconf 90' lang='lat' dir='ltr'><strong>con·</strong></span> 
     </span>
    </p>
   </div>
   <div class='ocr_carea' id='block_1_13' title="bbox 188 4480 1912 4571">
    <p class='ocr_par' dir='ltr' id='par_1_13' title="bbox 188 4480 1912 4571">
     <span class='ocr_line' id='line_1_75' title="bbox 188 4480 1912 4571; baseline 0.005 -22"><span class='ocrx_word' id='word_1_541' title='bbox 188 4493 479 4560; x_wconf 85' lang='lat' dir='ltr'><strong>stitutum,</strong></span> <span class='ocrx_word' id='word_1_542' title='bbox 518 4497 817 4564; x_wconf 88' lang='lat' dir='ltr'><strong>quatenus</strong></span> <span class='ocrx_word' id='word_1_543' title='bbox 863 4494 933 4549; x_wconf 94' lang='lat' dir='ltr'><strong>ad</strong></span> <span class='ocrx_word' id='word_1_544' title='bbox 983 4510 1117 4552; x_wconf 93' lang='lat' dir='ltr'><strong>eum</strong></span> <span class='ocrx_word' id='word_1_545' title='bbox 1166 4497 1463 4569; x_wconf 84' lang='lat' dir='ltr'><strong>pervenire</strong></span> <span class='ocrx_word' id='word_1_546' title='bbox 1498 4500 1706 4571; x_wconf 89' lang='lat' dir='ltr'><strong>potuit,</strong></span> <span class='ocrx_word' id='word_1_547' title='bbox 1737 4516 1832 4556; x_wconf 91' lang='lat' dir='ltr'><strong>ec·</strong></span> <span class='ocrx_word' id='word_1_548' title='bbox 1862 4480 1912 4545; x_wconf 81' lang='lat' dir='ltr'>D</span> 
     </span>
    </p>
   </div>
   <div class='ocr_carea' id='block_1_14' title="bbox 186 4581 1838 5464">
    <p class='ocr_par' dir='ltr' id='par_1_14' title="bbox 186 4581 1838 5464">
     <span class='ocr_line' id='line_1_76' title="bbox 188 4581 1833 4658; baseline 0.007 -21"><span class='ocrx_word' id='word_1_549' title='bbox 188 4581 529 4640; x_wconf 80' lang='lat' dir='ltr'><strong>cissiasticis</strong></span> <span class='ocrx_word' id='word_1_550' title='bbox 548 4597 778 4653; x_wconf 90' lang='lat' dir='ltr'><strong>semper</strong></span> <span class='ocrx_word' id='word_1_551' title='bbox 797 4583 1284 4657; x_wconf 67' lang='lat' dir='ltr'><strong>preceptionibus</strong></span> <span class='ocrx_word' id='word_1_552' title='bbox 1311 4586 1598 4658; x_wconf 89' lang='lat' dir='ltr'><strong>obedisse,</strong></span> <span class='ocrx_word' id='word_1_553' title='bbox 1624 4604 1730 4648; x_wconf 90' lang='lat' dir='ltr'><strong>nec</strong></span> <span class='ocrx_word' id='word_1_554' title='bbox 1758 4589 1833 4647; x_wconf 88' lang='lat' dir='ltr'><strong>ab</strong></span> 
     </span>
     <span class='ocr_line' id='line_1_77' title="bbox 187 4670 1833 4747; baseline 0.005 -22"><span class='ocrx_word' id='word_1_555' title='bbox 187 4670 347 4728; x_wconf 78' lang='lat' dir='ltr'><strong>initio</strong></span> <span class='ocrx_word' id='word_1_556' title='bbox 378 4670 692 4729; x_wconf 72' lang='lat' dir='ltr'><strong>discordia</strong></span> <span class='ocrx_word' id='word_1_557' title='bbox 716 4687 983 4741; x_wconf 89' lang='lat' dir='ltr'><strong>causam,</strong></span> <span class='ocrx_word' id='word_1_558' title='bbox 1010 4672 1100 4731; x_wconf 81' lang='lat' dir='ltr'><strong>vel</strong></span> <span class='ocrx_word' id='word_1_559' title='bbox 1132 4678 1333 4747; x_wconf 91' lang='lat' dir='ltr'><strong>postea</strong></span> <span class='ocrx_word' id='word_1_560' title='bbox 1361 4676 1687 4735; x_wconf 86' lang='lat' dir='ltr'><strong>fomentum</strong></span> <span class='ocrx_word' id='word_1_561' title='bbox 1715 4678 1833 4735; x_wconf 86' lang='lat' dir='ltr'><strong>ali-</strong></span> 
     </span>
     <span class='ocr_line' id='line_1_78' title="bbox 186 4756 1832 4832; baseline 0.005 -18"><span class='ocrx_word' id='word_1_562' title='bbox 186 4759 329 4829; x_wconf 78' lang='lat' dir='ltr'><strong>quod</strong></span> <span class='ocrx_word' id='word_1_563' title='bbox 372 4756 643 4815; x_wconf 71' lang='lat' dir='ltr'><strong>audacias</strong></span> <span class='ocrx_word' id='word_1_564' title='bbox 682 4758 1042 4831; x_wconf 69' lang='lat' dir='ltr'><strong>prostitisse.</strong></span> <span class='ocrx_word' id='word_1_565' title='bbox 1070 4759 1175 4819; x_wconf 89' lang='lat' dir='ltr'><strong>ille</strong></span> <span class='ocrx_word' id='word_1_566' title='bbox 1218 4778 1373 4832; x_wconf 84' lang='lat' dir='ltr'><strong>vero,</strong></span> <span class='ocrx_word' id='word_1_567' title='bbox 1403 4764 1558 4822; x_wconf 88' lang='lat' dir='ltr'><strong>sicut</strong></span> <span class='ocrx_word' id='word_1_568' title='bbox 1613 4764 1832 4823; x_wconf 88' lang='lat' dir='ltr'><strong>dictum</strong></span> 
     </span>
     <span class='ocr_line' id='line_1_79' title="bbox 186 4847 1833 4927; baseline 0.005 -22"><span class='ocrx_word' id='word_1_569' title='bbox 186 4855 281 4916; x_wconf 88' lang='lat' dir='ltr'><strong>est,</strong></span> <span class='ocrx_word' id='word_1_570' title='bbox 324 4863 451 4905; x_wconf 89' lang='lat' dir='ltr'><strong>non</strong></span> <span class='ocrx_word' id='word_1_571' title='bbox 479 4847 788 4904; x_wconf 83' lang='lat' dir='ltr'><strong>observata</strong></span> <span class='ocrx_word' id='word_1_572' title='bbox 823 4863 1024 4919; x_wconf 90' lang='lat' dir='ltr'><strong>causa,</strong></span> <span class='ocrx_word' id='word_1_573' title='bbox 1055 4848 1145 4906; x_wconf 85' lang='lat' dir='ltr'><strong>vel</strong></span> <span class='ocrx_word' id='word_1_574' title='bbox 1174 4851 1380 4909; x_wconf 90' lang='lat' dir='ltr'><strong>ordine</strong></span> <span class='ocrx_word' id='word_1_575' title='bbox 1415 4854 1631 4921; x_wconf 78' lang='lat' dir='ltr'><strong>virum,</strong></span> <span class='ocrx_word' id='word_1_576' title='bbox 1660 4856 1833 4927; x_wconf 76' lang='lat' dir='ltr'><strong>cujus</strong></span> 
     </span>
     <span class='ocr_line' id='line_1_80' title="bbox 186 4936 1833 5005; baseline 0.005 -12"><span class='ocrx_word' id='word_1_577' title='bbox 186 4936 305 4994; x_wconf 90' lang='lat' dir='ltr'><strong>laus</strong></span> <span class='ocrx_word' id='word_1_578' title='bbox 332 4939 433 4993; x_wconf 88' lang='lat' dir='ltr'><strong>est</strong></span> <span class='ocrx_word' id='word_1_579' title='bbox 462 4936 527 4991; x_wconf 90' lang='lat' dir='ltr'><strong>in</strong></span> <span class='ocrx_word' id='word_1_580' title='bbox 566 4936 849 5005; x_wconf 74' lang='lat' dir='ltr'><strong>Ecclesia,</strong></span> <span class='ocrx_word' id='word_1_581' title='bbox 870 4938 945 4995; x_wconf 91' lang='lat' dir='ltr'><strong>ad</strong></span> <span class='ocrx_word' id='word_1_582' title='bbox 980 4939 1324 4997; x_wconf 90' lang='lat' dir='ltr'><strong>scandalum</strong></span> <span class='ocrx_word' id='word_1_583' title='bbox 1354 4944 1620 5001; x_wconf 91' lang='lat' dir='ltr'><strong>omnium</strong></span> <span class='ocrx_word' id='word_1_584' title='bbox 1649 4944 1833 5002; x_wconf 91' lang='lat' dir='ltr'><strong>bono·</strong></span> 
     </span>
     <span class='ocr_line' id='line_1_81' title="bbox 186 5023 1835 5097; baseline 0.005 -15"><span class='ocrx_word' id='word_1_585' title='bbox 186 5041 308 5082; x_wconf 91' lang='lat' dir='ltr'><strong>rum</strong></span> <span class='ocrx_word' id='word_1_586' title='bbox 326 5025 396 5082; x_wconf 86' lang='lat' dir='ltr'><strong>in</strong></span> <span class='ocrx_word' id='word_1_587' title='bbox 420 5023 573 5081; x_wconf 89' lang='lat' dir='ltr'><strong>facie</strong></span> <span class='ocrx_word' id='word_1_588' title='bbox 596 5026 868 5083; x_wconf 85' lang='lat' dir='ltr'><strong>confudit</strong></span> <span class='ocrx_word' id='word_1_589' title='bbox 901 5027 1194 5097; x_wconf 71' lang='lat' dir='ltr'><strong>Ecclesiae,</strong></span> <span class='ocrx_word' id='word_1_590' title='bbox 1215 5033 1275 5088; x_wconf 93' lang='lat' dir='ltr'><strong>et</strong></span> <span class='ocrx_word' id='word_1_591' title='bbox 1292 5032 1551 5090; x_wconf 88' lang='lat' dir='ltr'><strong>animam</strong></span> <span class='ocrx_word' id='word_1_592' title='bbox 1565 5037 1835 5091; x_wconf 89' lang='lat' dir='ltr'><strong>sanctam</strong></span> 
     </span>
     <span class='ocr_line' id='line_1_82' title="bbox 186 5112 1836 5194; baseline 0.006 -24"><span class='ocrx_word' id='word_1_593' title='bbox 186 5113 580 5172; x_wconf 86' lang='lat' dir='ltr'><strong>amaritudine</strong></span> <span class='ocrx_word' id='word_1_594' title='bbox 618 5112 798 5172; x_wconf 89' lang='lat' dir='ltr'><strong>simul</strong></span> <span class='ocrx_word' id='word_1_595' title='bbox 835 5123 891 5173; x_wconf 91' lang='lat' dir='ltr'><strong>et</strong></span> <span class='ocrx_word' id='word_1_596' title='bbox 930 5132 1174 5176; x_wconf 81' lang='lat' dir='ltr'><strong>moerore</strong></span> <span class='ocrx_word' id='word_1_597' title='bbox 1217 5120 1548 5194; x_wconf 81' lang='lat' dir='ltr'><strong>complevit.</strong></span> <span class='ocrx_word' id='word_1_598' title='bbox 1590 5121 1836 5180; x_wconf 85' lang='lat' dir='ltr'><strong>Benedi-</strong></span> 
     </span>
     <span class='ocr_line' id='line_1_83' title="bbox 186 5201 1837 5280; baseline 0.007 -20"><span class='ocrx_word' id='word_1_599' title='bbox 186 5207 308 5262; x_wconf 81' lang='lat' dir='ltr'><strong>ctus</strong></span> <span class='ocrx_word' id='word_1_600' title='bbox 334 5207 545 5262; x_wconf 85' lang='lat' dir='ltr'><strong>autem</strong></span> <span class='ocrx_word' id='word_1_601' title='bbox 562 5201 744 5275; x_wconf 87' lang='lat' dir='ltr'><strong>Deus,</strong></span> <span class='ocrx_word' id='word_1_602' title='bbox 766 5205 870 5278; x_wconf 92' lang='lat' dir='ltr'><strong>qni</strong></span> <span class='ocrx_word' id='word_1_603' title='bbox 898 5205 1183 5264; x_wconf 81' lang='lat' dir='ltr'><strong>adversus</strong></span> <span class='ocrx_word' id='word_1_604' title='bbox 1210 5208 1546 5280; x_wconf 70' lang='lat' dir='ltr'><strong>huiusmodi</strong></span> <span class='ocrx_word' id='word_1_605' title='bbox 1575 5216 1837 5270; x_wconf 87' lang='lat' dir='ltr'><strong>sanctam</strong></span> 
     </span>
     <span class='ocr_line' id='line_1_84' title="bbox 189 5291 1838 5374; baseline 0.004 -24"><span class='ocrx_word' id='word_1_606' title='bbox 189 5291 513 5351; x_wconf 75' lang='lat' dir='ltr'><strong>Romanam</strong></span> <span class='ocrx_word' id='word_1_607' title='bbox 546 5291 868 5351; x_wconf 75' lang='lat' dir='ltr'><strong>tecleeiam</strong></span> <span class='ocrx_word' id='word_1_608' title='bbox 889 5296 1056 5353; x_wconf 90' lang='lat' dir='ltr'><strong>nobis</strong></span> <span class='ocrx_word' id='word_1_609' title='bbox 1078 5297 1151 5354; x_wconf 89' lang='lat' dir='ltr'><strong>ad</strong></span> <span class='ocrx_word' id='word_1_610' title='bbox 1182 5297 1443 5358; x_wconf 87' lang='lat' dir='ltr'><strong>solemne</strong></span> <span class='ocrx_word' id='word_1_611' title='bbox 1460 5300 1750 5374; x_wconf 86' lang='lat' dir='ltr'><strong>refugium</strong></span> <span class='ocrx_word' id='word_1_612' title='bbox 1778 5303 1838 5357; x_wconf 91' lang='lat' dir='ltr'><strong>et</strong></span> 
     </span>
     <span class='ocr_line' id='line_1_85' title="bbox 192 5381 1837 5464; baseline 0.004 -22"><span class='ocrx_word' id='word_1_613' title='bbox 192 5381 513 5442; x_wconf 82' lang='lat' dir='ltr'><strong>temedium</strong></span> <span class='ocrx_word' id='word_1_614' title='bbox 555 5381 811 5442; x_wconf 69' lang='lat' dir='ltr'><strong>saiutne</strong></span> <span class='ocrx_word' id='word_1_615' title='bbox 836 5384 1157 5456; x_wconf 89' lang='lat' dir='ltr'><strong>constitnit,</strong></span> <span class='ocrx_word' id='word_1_616' title='bbox 1189 5393 1253 5445; x_wconf 93' lang='lat' dir='ltr'><strong>ut</strong></span> <span class='ocrx_word' id='word_1_617' title='bbox 1279 5388 1408 5460; x_wconf 81' lang='lat' dir='ltr'><strong>ejus</strong></span> <span class='ocrx_word' id='word_1_618' title='bbox 1435 5389 1657 5448; x_wconf 88' lang='lat' dir='ltr'><strong>scilicet</strong></span> <span class='ocrx_word' id='word_1_619' title='bbox 1686 5405 1837 5464; x_wconf 68' lang='lat' dir='ltr'><strong>prai-</strong></span> 
     </span>
    </p>
   </div>
   <div class='ocr_carea' id='block_1_15' title="bbox 251 5563 758 5640">
    <p class='ocr_par' dir='ltr' id='par_1_15' title="bbox 251 5563 758 5640">
     <span class='ocr_line' id='line_1_86' title="bbox 251 5563 758 5640; baseline -0.008 0"><span class='ocrx_word' id='word_1_620' title='bbox 251 5563 373 5640; x_wconf 74' lang='lat'><strong>(³⁹)</strong></span> <span class='ocrx_word' id='word_1_621' title='bbox 400 5564 491 5634; x_wconf 73' lang='lat' dir='ltr'><strong>c„</strong></span> <span class='ocrx_word' id='word_1_622' title='bbox 518 5563 758 5638; x_wconf 60' lang='lat' dir='ltr'><strong>“lm</strong></span> 
     </span>
    </p>
   </div>
   <div class='ocr_carea' id='block_1_16' title="bbox 1929 3237 3626 5459">
    <p class='ocr_par' dir='ltr' id='par_1_16' title="bbox 1929 3237 3626 5459">
     <span class='ocr_line' id='line_1_87' title="bbox 1929 3237 3577 3312; baseline -0.008 -4"><span class='ocrx_word' id='word_1_623' title='bbox 1929 3250 2174 3308; x_wconf 85' lang='lat' dir='ltr'><strong>articulo</strong></span> <span class='ocrx_word' id='word_1_624' title='bbox 2194 3249 2307 3306; x_wconf 91' lang='lat' dir='ltr'><strong>diei</strong></span> <span class='ocrx_word' id='word_1_625' title='bbox 2337 3249 2497 3305; x_wconf 88' lang='lat' dir='ltr'><strong>illius</strong></span> <span class='ocrx_word' id='word_1_626' title='bbox 2512 3247 2765 3304; x_wconf 79' lang='lat' dir='ltr'><strong>vidimus</strong></span> <span class='ocrx_word' id='word_1_627' title='bbox 2783 3249 3000 3303; x_wconf 89' lang='lat' dir='ltr'><strong>statum</strong></span> <span class='ocrx_word' id='word_1_628' title='bbox 3030 3241 3298 3301; x_wconf 64' lang='lat' dir='ltr'><strong>Ecclesia</strong></span> <span class='ocrx_word' id='word_1_629' title='bbox 3318 3237 3577 3312; x_wconf 87' lang='lat' dir='ltr'><strong>partium</strong></span> 
     </span>
     <span class='ocr_line' id='line_1_88' title="bbox 1932 3327 3578 3398; baseline -0.009 0"><span class='ocrx_word' id='word_1_630' title='bbox 1932 3349 2267 3398; x_wconf 86' lang='lat' dir='ltr'><strong>nostrarum</strong></span> <span class='ocrx_word' id='word_1_631' title='bbox 2279 3339 2390 3395; x_wconf 91' lang='lat' dir='ltr'><strong>sub</strong></span> <span class='ocrx_word' id='word_1_632' title='bbox 2404 3341 2568 3395; x_wconf 92' lang='lat' dir='ltr'><strong>tanto</strong></span> <span class='ocrx_word' id='word_1_633' title='bbox 2584 3336 2927 3395; x_wconf 89' lang='lat' dir='ltr'><strong>discrimine</strong></span> <span class='ocrx_word' id='word_1_634' title='bbox 2937 3333 3347 3397; x_wconf 88' lang='lat' dir='ltr'><strong>constitutum,</strong></span> <span class='ocrx_word' id='word_1_635' title='bbox 3363 3332 3430 3386; x_wconf 91' lang='lat' dir='ltr'><strong>ut</strong></span> <span class='ocrx_word' id='word_1_636' title='bbox 3439 3327 3578 3386; x_wconf 91' lang='lat' dir='ltr'><strong>scis·</strong></span> 
     </span>
     <span class='ocr_line' id='line_1_89' title="bbox 1932 3414 3579 3501; baseline -0.008 -15"><span class='ocrx_word' id='word_1_637' title='bbox 1932 3446 2002 3486; x_wconf 91' lang='lat' dir='ltr'><strong>su</strong></span> <span class='ocrx_word' id='word_1_638' title='bbox 2010 3428 2487 3501; x_wconf 64' lang='lat' dir='ltr'><strong>requentitatem</strong></span> <span class='ocrx_word' id='word_1_639' title='bbox 2502 3426 2662 3484; x_wconf 87' lang='lat' dir='ltr'><strong>nulla</strong></span> <span class='ocrx_word' id='word_1_640' title='bbox 2677 3425 2956 3498; x_wconf 86' lang='lat' dir='ltr'><strong>potentia,</strong></span> <span class='ocrx_word' id='word_1_641' title='bbox 2970 3421 3145 3481; x_wconf 75' lang='lat' dir='ltr'><strong>nullas</strong></span> <span class='ocrx_word' id='word_1_642' title='bbox 3157 3419 3400 3486; x_wconf 77' lang='lat' dir='ltr'><strong>divitiae,</strong></span> <span class='ocrx_word' id='word_1_643' title='bbox 3415 3414 3579 3474; x_wconf 90' lang='lat' dir='ltr'><strong>nulla</strong></span> 
     </span>
     <span class='ocr_line' id='line_1_90' title="bbox 1935 3513 3580 3593; baseline -0.008 -16"><span class='ocrx_word' id='word_1_644' title='bbox 1935 3522 2130 3593; x_wconf 89' lang='lat' dir='ltr'><strong>posset</strong></span> <span class='ocrx_word' id='word_1_645' title='bbox 2159 3518 2231 3575; x_wconf 90' lang='lat' dir='ltr'><strong>ad</strong></span> <span class='ocrx_word' id='word_1_646' title='bbox 2254 3518 2493 3592; x_wconf 85' lang='lat' dir='ltr'><strong>plenum</strong></span> <span class='ocrx_word' id='word_1_647' title='bbox 2527 3514 2830 3589; x_wconf 87' lang='lat' dir='ltr'><strong>diligentia</strong></span> <span class='ocrx_word' id='word_1_648' title='bbox 2849 3513 3128 3572; x_wconf 86' lang='lat' dir='ltr'><strong>resarcire</strong></span> <span class='ocrx_word' id='word_1_649' title='bbox 3158 3527 3174 3567; x_wconf 73' lang='grc' dir='ltr'><strong><em>ε</em></strong></span> <span class='ocrx_word' id='word_1_650' title='bbox 3226 3524 3334 3568; x_wconf 88' lang='lat' dir='ltr'><strong>nec</strong></span> <span class='ocrx_word' id='word_1_651' title='bbox 3377 3521 3580 3566; x_wconf 87' lang='lat' dir='ltr'><strong>exsors</strong></span> 
     </span>
     <span class='ocr_line' id='line_1_91' title="bbox 1933 3596 3580 3678; baseline -0.008 -13"><span class='ocrx_word' id='word_1_652' title='bbox 1933 3608 2084 3666; x_wconf 90' lang='lat' dir='ltr'><strong>tanti</strong></span> <span class='ocrx_word' id='word_1_653' title='bbox 2115 3606 2255 3664; x_wconf 88' lang='lat' dir='ltr'><strong>mali</strong></span> <span class='ocrx_word' id='word_1_654' title='bbox 2282 3606 2414 3678; x_wconf 88' lang='lat' dir='ltr'><strong>ipsa</strong></span> <span class='ocrx_word' id='word_1_655' title='bbox 2440 3604 2618 3662; x_wconf 90' lang='lat' dir='ltr'><strong>etiam</strong></span> <span class='ocrx_word' id='word_1_656' title='bbox 2649 3604 2914 3661; x_wconf 82' lang='lat' dir='ltr'><strong>Romana</strong></span> <span class='ocrx_word' id='word_1_657' title='bbox 2942 3599 3197 3658; x_wconf 74' lang='lat' dir='ltr'><strong>Ecclesia</strong></span> <span class='ocrx_word' id='word_1_658' title='bbox 3225 3596 3580 3670; x_wconf 66' lang='lat' dir='ltr'><strong>preterisset</strong></span> 
     </span>
     <span class='ocr_line' id='line_1_92' title="bbox 1934 3686 3578 3767; baseline -0.01 -12"><span class='ocrx_word' id='word_1_659' title='bbox 1934 3698 2049 3758; x_wconf 90' lang='lat' dir='ltr'><strong>nisi</strong></span> <span class='ocrx_word' id='word_1_660' title='bbox 2077 3696 2420 3754; x_wconf 81' lang='lat' dir='ltr'><strong>incendium</strong></span> <span class='ocrx_word' id='word_1_661' title='bbox 2435 3695 2590 3767; x_wconf 89' lang='lat' dir='ltr'><strong>quod</strong></span> <span class='ocrx_word' id='word_1_662' title='bbox 2603 3693 2971 3750; x_wconf 79' lang='lat' dir='ltr'><strong>excrescebat</strong></span> <span class='ocrx_word' id='word_1_663' title='bbox 2995 3686 3578 3763; x_wconf 84' lang='lat' dir='ltr'><strong>pontificalistempe·</strong></span> 
     </span>
     <span class='ocr_line' id='line_1_93' title="bbox 1935 3772 3626 3856; baseline -0.01 -13"><span class='ocrx_word' id='word_1_664' title='bbox 1935 3787 2123 3844; x_wconf 81' lang='lat' dir='ltr'><strong>rantis</strong></span> <span class='ocrx_word' id='word_1_665' title='bbox 2153 3783 2530 3842; x_wconf 85' lang='lat' dir='ltr'><strong>restinxisset.</strong></span> <span class='ocrx_word' id='word_1_666' title='bbox 2559 3782 2749 3856; x_wconf 83' lang='lat' dir='ltr'><strong>Super</strong></span> <span class='ocrx_word' id='word_1_667' title='bbox 2763 3798 2879 3854; x_wconf 89' lang='lat' dir='ltr'><strong>quo</strong></span> <span class='ocrx_word' id='word_1_668' title='bbox 2899 3782 3152 3852; x_wconf 86' lang='lat' dir='ltr'><strong>quantas</strong></span> <span class='ocrx_word' id='word_1_669' title='bbox 3168 3787 3483 3849; x_wconf 88' lang='lat' dir='ltr'><strong>possumus</strong></span> <span class='ocrx_word' id='word_1_670' title='bbox 3502 3772 3576 3827; x_wconf 92' lang='lat' dir='ltr'><strong>de</strong></span> <span class='ocrx_word' id='word_1_671' title='bbox 3621 3849 3626 3854; x_wconf 28' lang='grc'><strong>-</strong></span> 
     </span>
     <span class='ocr_line' id='line_1_94' title="bbox 1934 3862 3576 3943; baseline -0.01 -10"><span class='ocrx_word' id='word_1_672' title='bbox 1934 3876 2143 3933; x_wconf 87' lang='lat' dir='ltr'><strong>intimo</strong></span> <span class='ocrx_word' id='word_1_673' title='bbox 2155 3875 2416 3932; x_wconf 88' lang='lat' dir='ltr'><strong>cordium</strong></span> <span class='ocrx_word' id='word_1_674' title='bbox 2429 3877 2644 3929; x_wconf 70' lang='lat' dir='ltr'><strong>sancto</strong></span> <span class='ocrx_word' id='word_1_675' title='bbox 2658 3869 3029 3943; x_wconf 61' lang='lat' dir='ltr'><strong>providentia</strong></span> <span class='ocrx_word' id='word_1_676' title='bbox 3040 3869 3241 3923; x_wconf 69' lang='lat' dir='ltr'><strong>vestro</strong></span> <span class='ocrx_word' id='word_1_677' title='bbox 3252 3862 3576 3937; x_wconf 88' lang='lat' dir='ltr'><strong>gratiarum</strong></span> 
     </span>
     <span class='ocr_line' id='line_1_95' title="bbox 1938 3949 3581 4032; baseline -0.009 -11"><span class='ocrx_word' id='word_1_678' title='bbox 1938 3964 2243 4022; x_wconf 74' lang='lat' dir='ltr'><strong>referimus</strong></span> <span class='ocrx_word' id='word_1_679' title='bbox 2275 3961 2555 4029; x_wconf 87' lang='lat' dir='ltr'><strong>actiones,</strong></span> <span class='ocrx_word' id='word_1_680' title='bbox 2597 3959 2752 4032; x_wconf 89' lang='lat' dir='ltr'><strong>quod</strong></span> <span class='ocrx_word' id='word_1_681' title='bbox 2793 3962 3035 4030; x_wconf 86' lang='lat' dir='ltr'><strong>paterna</strong></span> <span class='ocrx_word' id='word_1_682' title='bbox 3072 3954 3243 4012; x_wconf 88' lang='lat' dir='ltr'><strong>nobis</strong></span> <span class='ocrx_word' id='word_1_683' title='bbox 3271 3949 3581 4010; x_wconf 87' lang='lat' dir='ltr'><strong>clementia</strong></span> 
     </span>
     <span class='ocr_line' id='line_1_96' title="bbox 1938 4038 3583 4128; baseline -0.008 -17"><span class='ocrx_word' id='word_1_684' title='bbox 1938 4051 2300 4128; x_wconf 88' lang='lat' dir='ltr'><strong>pepercistis,</strong></span> <span class='ocrx_word' id='word_1_685' title='bbox 2330 4054 2390 4107; x_wconf 92' lang='lat' dir='ltr'><strong>et</strong></span> <span class='ocrx_word' id='word_1_686' title='bbox 2418 4050 2634 4105; x_wconf 88' lang='lat' dir='ltr'><strong>malum</strong></span> <span class='ocrx_word' id='word_1_687' title='bbox 2666 4064 2703 4105; x_wconf 87' lang='lat' dir='ltr'><strong>a</strong></span> <span class='ocrx_word' id='word_1_688' title='bbox 2745 4046 2912 4105; x_wconf 92' lang='lat' dir='ltr'><strong>nobis</strong></span> <span class='ocrx_word' id='word_1_689' title='bbox 2941 4043 3262 4118; x_wconf 87' lang='lat' dir='ltr'><strong>longanimi</strong></span> <span class='ocrx_word' id='word_1_690' title='bbox 3303 4038 3583 4114; x_wconf 83' lang='lat' dir='ltr'><strong>patientia</strong></span> 
     </span>
     <span class='ocr_line' id='line_1_97' title="bbox 1939 4129 3584 4209; baseline -0.009 -9"><span class='ocrx_word' id='word_1_691' title='bbox 1939 4140 2250 4201; x_wconf 86' lang='lat' dir='ltr'><strong>studuistis</strong></span> <span class='ocrx_word' id='word_1_692' title='bbox 2280 4143 2559 4207; x_wconf 81' lang='lat' dir='ltr'><strong>avertere,</strong></span> <span class='ocrx_word' id='word_1_693' title='bbox 2591 4136 2750 4209; x_wconf 87' lang='lat' dir='ltr'><strong>quod</strong></span> <span class='ocrx_word' id='word_1_694' title='bbox 2772 4135 2987 4193; x_wconf 86' lang='lat' dir='ltr'><strong>nostris</strong></span> <span class='ocrx_word' id='word_1_695' title='bbox 3006 4133 3352 4193; x_wconf 88' lang='lat' dir='ltr'><strong>credebatur</strong></span> <span class='ocrx_word' id='word_1_696' title='bbox 3380 4129 3584 4204; x_wconf 86' lang='lat' dir='ltr'><strong>procul</strong></span> 
     </span>
     <span class='ocr_line' id='line_1_98' title="bbox 1940 4219 3586 4293; baseline -0.008 -5"><span class='ocrx_word' id='word_1_697' title='bbox 1940 4231 2117 4288; x_wconf 89' lang='lat' dir='ltr'><strong>dubio</strong></span> <span class='ocrx_word' id='word_1_698' title='bbox 2167 4227 2494 4287; x_wconf 86' lang='lat' dir='ltr'><strong>cervicibus</strong></span> <span class='ocrx_word' id='word_1_699' title='bbox 2542 4225 2868 4283; x_wconf 90' lang='lat' dir='ltr'><strong>imminere.</strong></span> <span class='ocrx_word' id='word_1_700' title='bbox 2913 4224 3054 4281; x_wconf 89' lang='lat' dir='ltr'><strong>inde</strong></span> <span class='ocrx_word' id='word_1_701' title='bbox 3115 4228 3204 4279; x_wconf 91' lang='lat' dir='ltr'><strong>est</strong></span> <span class='ocrx_word' id='word_1_702' title='bbox 3248 4219 3402 4293; x_wconf 89' lang='lat' dir='ltr'><strong>quod</strong></span> <span class='ocrx_word' id='word_1_703' title='bbox 3460 4222 3586 4291; x_wconf 92' lang='lat' dir='ltr'><strong>post</strong></span> 
     </span>
     <span class='ocr_line' id='line_1_99' title="bbox 1943 4308 3584 4387; baseline -0.007 -10"><span class='ocrx_word' id='word_1_704' title='bbox 1943 4319 2154 4377; x_wconf 84' lang='lat' dir='ltr'><strong>multos</strong></span> <span class='ocrx_word' id='word_1_705' title='bbox 2175 4323 2366 4376; x_wconf 89' lang='lat' dir='ltr'><strong>metus</strong></span> <span class='ocrx_word' id='word_1_706' title='bbox 2395 4316 2743 4387; x_wconf 85' lang='lat' dir='ltr'><strong>laboresque</strong></span> <span class='ocrx_word' id='word_1_707' title='bbox 2793 4313 3067 4380; x_wconf 82' lang='lat' dir='ltr'><strong>diutinos,</strong></span> <span class='ocrx_word' id='word_1_708' title='bbox 3107 4314 3167 4368; x_wconf 90' lang='lat' dir='ltr'><strong>et</strong></span> <span class='ocrx_word' id='word_1_709' title='bbox 3214 4308 3584 4383; x_wconf 73' lang='lat' dir='ltr'><strong>naufragium</strong></span> 
     </span>
     <span class='ocr_line' id='line_1_100' title="bbox 1942 4398 3586 4481; baseline -0.005 -16"><span class='ocrx_word' id='word_1_710' title='bbox 1942 4408 2283 4477; x_wconf 90' lang='lat' dir='ltr'><strong>imminens,</strong></span> <span class='ocrx_word' id='word_1_711' title='bbox 2300 4410 2504 4481; x_wconf 89' lang='lat' dir='ltr'><strong>portus</strong></span> <span class='ocrx_word' id='word_1_712' title='bbox 2518 4405 2685 4463; x_wconf 90' lang='lat' dir='ltr'><strong>nobis</strong></span> <span class='ocrx_word' id='word_1_713' title='bbox 2698 4402 3029 4461; x_wconf 87' lang='lat' dir='ltr'><strong>securitatis</strong></span> <span class='ocrx_word' id='word_1_714' title='bbox 3056 4406 3114 4459; x_wconf 90' lang='lat' dir='ltr'><strong>et</strong></span> <span class='ocrx_word' id='word_1_715' title='bbox 3138 4398 3586 4473; x_wconf 83' lang='lat' dir='ltr'><strong>tranquillitatis</strong></span> 
     </span>
     <span class='ocr_line' id='line_1_101' title="bbox 1940 4487 3589 4571; baseline -0.008 -16"><span class='ocrx_word' id='word_1_716' title='bbox 1940 4498 2148 4571; x_wconf 88' lang='lat' dir='ltr'><strong>incipit</strong></span> <span class='ocrx_word' id='word_1_717' title='bbox 2158 4512 2460 4570; x_wconf 88' lang='lat' dir='ltr'><strong>apparere,</strong></span> <span class='ocrx_word' id='word_1_718' title='bbox 2477 4499 2750 4567; x_wconf 88' lang='lat' dir='ltr'><strong>certaque</strong></span> <span class='ocrx_word' id='word_1_719' title='bbox 2763 4509 2867 4567; x_wconf 90' lang='lat' dir='ltr'><strong>spe</strong></span> <span class='ocrx_word' id='word_1_720' title='bbox 2879 4507 2983 4565; x_wconf 90' lang='lat' dir='ltr'><strong>per</strong></span> <span class='ocrx_word' id='word_1_721' title='bbox 2992 4490 3203 4548; x_wconf 87' lang='lat' dir='ltr'><strong>merita</strong></span> <span class='ocrx_word' id='word_1_722' title='bbox 3219 4493 3415 4547; x_wconf 84' lang='lat' dir='ltr'><strong>vestra</strong></span> <span class='ocrx_word' id='word_1_723' title='bbox 3425 4487 3589 4544; x_wconf 68' lang='lat' dir='ltr'><strong>lotos</strong></span> 
     </span>
     <span class='ocr_line' id='line_1_102' title="bbox 1941 4574 3590 4659; baseline -0.008 -14"><span class='ocrx_word' id='word_1_724' title='bbox 1941 4587 2157 4656; x_wconf 90' lang='lat' dir='ltr'><strong>exitus,</strong></span> <span class='ocrx_word' id='word_1_725' title='bbox 2170 4585 2527 4659; x_wconf 89' lang='lat' dir='ltr'><strong>etjucundos</strong></span> <span class='ocrx_word' id='word_1_726' title='bbox 2546 4581 3225 4657; x_wconf 80' lang='lat' dir='ltr'><strong>praestolamureventus.</strong></span> <span class='ocrx_word' id='word_1_727' title='bbox 3237 4577 3433 4640; x_wconf 82' lang='lat' dir='ltr'><strong>Porro,</strong></span> <span class='ocrx_word' id='word_1_728' title='bbox 3448 4574 3590 4632; x_wconf 85' lang='lat' dir='ltr'><strong>licet</strong></span> 
     </span>
     <span class='ocr_line' id='line_1_103' title="bbox 1941 4661 3589 4750; baseline -0.009 -15"><span class='ocrx_word' id='word_1_729' title='bbox 1941 4692 2254 4750; x_wconf 89' lang='lat' dir='ltr'><strong>personam</strong></span> <span class='ocrx_word' id='word_1_730' title='bbox 2285 4692 2388 4748; x_wconf 91' lang='lat' dir='ltr'><strong>pro</strong></span> <span class='ocrx_word' id='word_1_731' title='bbox 2418 4691 2538 4748; x_wconf 92' lang='lat' dir='ltr'><strong>qua</strong></span> <span class='ocrx_word' id='word_1_732' title='bbox 2566 4672 2878 4730; x_wconf 84' lang='lat' dir='ltr'><strong>scribimus</strong></span> <span class='ocrx_word' id='word_1_733' title='bbox 2916 4668 3081 4726; x_wconf 90' lang='lat' dir='ltr'><strong>facile</strong></span> <span class='ocrx_word' id='word_1_734' title='bbox 3109 4668 3189 4724; x_wconf 92' lang='lat' dir='ltr'><strong>sit</strong></span> <span class='ocrx_word' id='word_1_735' title='bbox 3214 4668 3274 4722; x_wconf 90' lang='lat' dir='ltr'><strong>in</strong></span> <span class='ocrx_word' id='word_1_736' title='bbox 3313 4661 3589 4723; x_wconf 88' lang='lat' dir='ltr'><strong>omnibus</strong></span> 
     </span>
     <span class='ocr_line' id='line_1_104' title="bbox 1942 4751 3588 4832; baseline -0.009 -8"><span class='ocrx_word' id='word_1_737' title='bbox 1942 4765 2231 4832; x_wconf 88' lang='lat' dir='ltr'><strong>excusari,</strong></span> <span class='ocrx_word' id='word_1_738' title='bbox 2257 4762 2592 4821; x_wconf 85' lang='lat' dir='ltr'><strong>testimonia</strong></span> <span class='ocrx_word' id='word_1_739' title='bbox 2619 4766 2816 4819; x_wconf 91' lang='lat' dir='ltr'><strong>tamen</strong></span> <span class='ocrx_word' id='word_1_740' title='bbox 2846 4767 2904 4817; x_wconf 91' lang='lat' dir='ltr'><strong>et</strong></span> <span class='ocrx_word' id='word_1_741' title='bbox 2937 4772 3136 4832; x_wconf 87' lang='lat' dir='ltr'><strong>preces</strong></span> <span class='ocrx_word' id='word_1_742' title='bbox 3169 4751 3588 4811; x_wconf 86' lang='lat' dir='ltr'><strong>venerabilium</strong></span> 
     </span>
     <span class='ocr_line' id='line_1_105' title="bbox 1942 4841 3589 4929; baseline -0.01 -15"><span class='ocrx_word' id='word_1_743' title='bbox 1942 4870 2327 4929; x_wconf 89' lang='lat' dir='ltr'><strong>personarum</strong></span> <span class='ocrx_word' id='word_1_744' title='bbox 2360 4849 2707 4924; x_wconf 88' lang='lat' dir='ltr'><strong>benignitati</strong></span> <span class='ocrx_word' id='word_1_745' title='bbox 2734 4851 2945 4905; x_wconf 77' lang='lat' dir='ltr'><strong>vestras</strong></span> <span class='ocrx_word' id='word_1_746' title='bbox 2966 4843 3213 4901; x_wconf 87' lang='lat' dir='ltr'><strong>credidit</strong></span> <span class='ocrx_word' id='word_1_747' title='bbox 3238 4841 3589 4912; x_wconf 77' lang='lat' dir='ltr'><strong>offerendas,</strong></span> 
     </span>
     <span class='ocr_line' id='line_1_106' title="bbox 1943 4934 3594 5017; baseline -0.007 -16"><span class='ocrx_word' id='word_1_748' title='bbox 1943 4960 2074 5017; x_wconf 69' lang='lat' dir='ltr'><strong>qum</strong></span> <span class='ocrx_word' id='word_1_749' title='bbox 2122 4942 2286 5001; x_wconf 89' lang='lat' dir='ltr'><strong>nulla</strong></span> <span class='ocrx_word' id='word_1_750' title='bbox 2334 4955 2597 5013; x_wconf 88' lang='lat' dir='ltr'><strong>unquam</strong></span> <span class='ocrx_word' id='word_1_751' title='bbox 2643 4934 2891 4995; x_wconf 90' lang='lat' dir='ltr'><strong>audacia</strong></span> <span class='ocrx_word' id='word_1_752' title='bbox 2942 4937 3190 4991; x_wconf 85' lang='lat' dir='ltr'><strong>vestram</strong></span> <span class='ocrx_word' id='word_1_753' title='bbox 3239 4934 3594 4990; x_wconf 86' lang='lat' dir='ltr'><strong>attentarent</strong></span> 
     </span>
     <span class='ocr_line' id='line_1_107' title="bbox 1943 5020 3582 5103; baseline -0.007 -14"><span class='ocrx_word' id='word_1_754' title='bbox 1943 5033 2004 5089; x_wconf 95' lang='lat' dir='ltr'><strong>in</strong></span> <span class='ocrx_word' id='word_1_755' title='bbox 2051 5030 2248 5103; x_wconf 90' lang='lat' dir='ltr'><strong>aliquo</strong></span> <span class='ocrx_word' id='word_1_756' title='bbox 2292 5030 2491 5088; x_wconf 87' lang='lat' dir='ltr'><strong>fallere</strong></span> <span class='ocrx_word' id='word_1_757' title='bbox 2540 5026 2932 5084; x_wconf 88' lang='lat' dir='ltr'><strong>sanctitatem.</strong></span> <span class='ocrx_word' id='word_1_758' title='bbox 2963 5023 3126 5091; x_wconf 85' lang='lat' dir='ltr'><strong>Quod</strong></span> <span class='ocrx_word' id='word_1_759' title='bbox 3174 5021 3227 5080; x_wconf 90' lang='lat' dir='ltr'><strong>si</strong></span> <span class='ocrx_word' id='word_1_760' title='bbox 3274 5020 3348 5079; x_wconf 92' lang='lat' dir='ltr'><strong>ad</strong></span> <span class='ocrx_word' id='word_1_761' title='bbox 3392 5020 3582 5079; x_wconf 88' lang='lat' dir='ltr'><strong>omni-</strong></span> 
     </span>
     <span class='ocr_line' id='line_1_108' title="bbox 1944 5111 3594 5187; baseline -0.007 -8"><span class='ocrx_word' id='word_1_762' title='bbox 1944 5120 2177 5179; x_wconf 89' lang='lat' dir='ltr'><strong>modam</strong></span> <span class='ocrx_word' id='word_1_763' title='bbox 2201 5118 2336 5176; x_wconf 75' lang='lat' dir='ltr'><strong>fidei</strong></span> <span class='ocrx_word' id='word_1_764' title='bbox 2367 5116 2704 5174; x_wconf 84' lang='lat' dir='ltr'><strong>firmitatem</strong></span> <span class='ocrx_word' id='word_1_765' title='bbox 2736 5113 2981 5172; x_wconf 87' lang='lat' dir='ltr'><strong>ulterius</strong></span> <span class='ocrx_word' id='word_1_766' title='bbox 3002 5111 3434 5187; x_wconf 89' lang='lat' dir='ltr'><strong>procedendum</strong></span> <span class='ocrx_word' id='word_1_767' title='bbox 3465 5123 3594 5169; x_wconf 88' lang='lat' dir='ltr'><strong>cre·</strong></span> 
     </span>
     <span class='ocr_line' id='line_1_109' title="bbox 1944 5199 3594 5280; baseline -0.008 -11"><span class='ocrx_word' id='word_1_768' title='bbox 1944 5211 2159 5269; x_wconf 90' lang='lat' dir='ltr'><strong>diderit</strong></span> <span class='ocrx_word' id='word_1_769' title='bbox 2203 5216 2392 5267; x_wconf 85' lang='lat' dir='ltr'><strong>vestra</strong></span> <span class='ocrx_word' id='word_1_770' title='bbox 2435 5206 2729 5275; x_wconf 90' lang='lat' dir='ltr'><strong>diseretio,</strong></span> <span class='ocrx_word' id='word_1_771' title='bbox 2760 5211 2997 5280; x_wconf 86' lang='lat' dir='ltr'><strong>paratus</strong></span> <span class='ocrx_word' id='word_1_772' title='bbox 3034 5209 3125 5262; x_wconf 88' lang='lat' dir='ltr'><strong>est</strong></span> <span class='ocrx_word' id='word_1_773' title='bbox 3153 5218 3346 5262; x_wconf 90' lang='lat' dir='ltr'><strong>coram</strong></span> <span class='ocrx_word' id='word_1_774' title='bbox 3383 5199 3594 5274; x_wconf 83' lang='lat' dir='ltr'><strong>legatis</strong></span> 
     </span>
     <span class='ocr_line' id='line_1_110' title="bbox 1946 5288 3593 5372; baseline -0.009 -13"><span class='ocrx_word' id='word_1_775' title='bbox 1946 5300 2153 5359; x_wconf 79' lang='lat' dir='ltr'><strong>vestris</strong></span> <span class='ocrx_word' id='word_1_776' title='bbox 2172 5302 2274 5356; x_wconf 87' lang='lat' dir='ltr'><strong>aut</strong></span> <span class='ocrx_word' id='word_1_777' title='bbox 2304 5297 2571 5372; x_wconf 89' lang='lat' dir='ltr'><strong>personis</strong></span> <span class='ocrx_word' id='word_1_778' title='bbox 2599 5296 2818 5369; x_wconf 88' lang='lat' dir='ltr'><strong>quibus</strong></span> <span class='ocrx_word' id='word_1_779' title='bbox 2848 5296 2958 5354; x_wconf 89' lang='lat' dir='ltr'><strong>hoc</strong></span> <span class='ocrx_word' id='word_1_780' title='bbox 2990 5294 3155 5351; x_wconf 85' lang='lat' dir='ltr'><strong>vobis</strong></span> <span class='ocrx_word' id='word_1_781' title='bbox 3177 5290 3447 5364; x_wconf 89' lang='lat' dir='ltr'><strong>delegare</strong></span> <span class='ocrx_word' id='word_1_782' title='bbox 3468 5288 3593 5363; x_wconf 88' lang='lat' dir='ltr'><strong>pla-</strong></span> 
     </span>
     <span class='ocr_line' id='line_1_111' title="bbox 1946 5377 3594 5459; baseline -0.007 -11"><span class='ocrx_word' id='word_1_783' title='bbox 1946 5390 2153 5457; x_wconf 89' lang='lat' dir='ltr'><strong>cuerit,</strong></span> <span class='ocrx_word' id='word_1_784' title='bbox 2183 5403 2419 5447; x_wconf 92' lang='lat' dir='ltr'><strong>omnem</strong></span> <span class='ocrx_word' id='word_1_785' title='bbox 2448 5404 2483 5444; x_wconf 90' lang='lat' dir='ltr'><strong>a</strong></span> <span class='ocrx_word' id='word_1_786' title='bbox 2513 5402 2576 5444; x_wconf 88' lang='lat' dir='ltr'><strong>se</strong></span> <span class='ocrx_word' id='word_1_787' title='bbox 2605 5386 2841 5459; x_wconf 91' lang='lat' dir='ltr'><strong>culpam</strong></span> <span class='ocrx_word' id='word_1_788' title='bbox 2882 5384 3193 5442; x_wconf 84' lang='lat' dir='ltr'><strong>manifesta</strong></span> <span class='ocrx_word' id='word_1_789' title='bbox 3223 5380 3465 5438; x_wconf 82' lang='lat' dir='ltr'><strong>veritate</strong></span> <span class='ocrx_word' id='word_1_790' title='bbox 3493 5377 3594 5438; x_wconf 88' lang='lat' dir='ltr'><strong>de·</strong></span> 
     </span>
    </p>
   </div>
  </div>
 </body>
</html>
