3784 6000
169 230 288 293 375

772 358 1005 418 CAPUT
1044 356 1211 413 XXII.

170 452 470 510 Redeuntes
498 467 535 507 a
579 449 726 508 caede
765 449 1000 504 hostium
1037 448 1241 512 nostri,
1273 445 1339 501 de
1379 447 1580 501 castris
1627 458 1817 500 eorum

608 522 829 592 infinita
866 523 1143 591 reportant
1183 517 1383 590 spolia.

242 632 659 687 consummato
685 627 862 699 igitur
893 626 1113 699 praelio,
1135 628 1191 680 et
1223 623 1504 680 divinitus
1542 637 1820 679 concessa

176 718 359 776 nostri
403 717 693 790 principes
744 714 907 786 potiti
937 713 1198 783 victoria,
1230 712 1290 768 in
1332 715 1523 769 castra
1562 710 1817 766 bostium

168 808 429 864 redeunt:
447 805 545 861 ubi
567 807 788 862 tantam
812 820 999 859 rerum
1026 801 1500 859 necessariarium
1524 799 1823 872 reperiunt

173 899 555 971 opulentiam,
589 901 779 952 tantas
819 894 1196 951 Orientalium
1233 892 1566 948 divitiarum
1599 890 1818 962 copias,

173 994 240 1047 ut
262 990 382 1060 jam
413 987 559 1054 auri,
589 986 832 1056 argenti,
860 999 1255 1056 gemmarum,
1287 981 1746 1037 holosericorum
1765 983 1823 1035 et

175 1078 557 1153 pretiosarum
592 1076 859 1141 vestium,
890 1090 995 1130 nec
1026 1089 1142 1130 non
1172 1075 1230 1128 et
1248 1086 1541 1138 vasorum,
1572 1074 1695 1125 tam
1726 1087 1822 1126 ar-

172 1167 351 1224 tificio
392 1182 568 1239 quam
601 1164 846 1221 materia
884 1160 1458 1229 commendabilium,
1488 1175 1677 1231 neque
1717 1175 1821 1214 nu-

174 1270 369 1314 merus
396 1258 570 1324 esset,
602 1269 790 1326 neque
817 1268 1092 1309 mensura
1123 1267 1138 1308 τ
1173 1265 1460 1323 equorum
1491 1248 1694 1310 etiam.
1719 1248 1820 1304 sed

170 1350 230 1405 et
257 1362 500 1420 gergum
533 1349 590 1401 et
618 1347 1041 1412 armentorum,
1064 1357 1314 1398 annonae
1346 1355 1582 1412 quoque
1605 1337 1819 1395 nihilo-

171 1435 373 1494 minus
400 1438 459 1491 et
485 1432 821 1494 victualium
851 1434 1013 1488 tanta
1037 1429 1113 1486 ibi
1144 1433 1373 1501 reperta
1401 1431 1491 1485 est
1519 1428 1824 1485 abundan-

168 1525 274 1594 tia,
305 1527 372 1581 ut
394 1526 516 1597 jam
545 1521 837 1580 nescirent
865 1520 1000 1593 quid
1052 1519 1357 1592 eligerent,
1377 1518 1550 1576 etiam
1598 1517 1698 1590 qui
1728 1534 1823 1574 su-

169 1629 374 1690 prema
394 1613 558 1686 prius
580 1612 987 1669 laboraverant
1019 1607 1589 1682 iuopia.Colligentes
1620 1607 1820 1678 itaque

170 1704 432 1762 bostium
463 1701 784 1776 papiliones
828 1704 885 1757 et
926 1698 1198 1766 tentoria,
1231 1697 1450 1770 quibus
1501 1696 1818 1770 plurimum
1852 1723 1902 1790 B

170 1793 509 1867 indigebant
529 1793 660 1863 (sua
689 1791 903 1864 quippe
938 1792 1196 1846 vetustas
1245 1792 1302 1843 et
1348 1786 1631 1843 imbrium
1676 1801 1822 1858 quos

173 1898 326 1955 saepe
355 1884 716 1955 pertulerant
743 1879 1118 1951 intemperies
1168 1879 1568 1950 corruperant,
1603 1884 1663 1932 ut
1700 1877 1822 1946 jam

173 1976 371 2031 essent
415 1969 661 2043 inutilia)
707 1985 881 2042 gazas
917 1968 978 2024 in
1019 1968 1103 2024 eis
1133 1966 1495 2040 reperiebant
1544 1963 1822 2037 multipli-

174 2078 273 2120 ces
305 2079 319 2131 ;
346 2061 444 2119 sed
477 2064 534 2117 et
564 2058 806 2117 ancillas
837 2061 894 2115 et
925 2055 1198 2129 parvulos
1228 2072 1377 2129 quos
1400 2055 1690 2128 fugientes
1737 2054 1823 2111 di-

174 2152 484 2219 miserant,
504 2164 704 2206 secum
737 2149 798 2203 in
822 2148 1026 2203 urbem
1059 2146 1416 2203 detulerunt.
1439 2151 1595 2202 Inter
1623 2146 1825 2200 caetera

171 2244 453 2310 autem,et
485 2237 724 2310 maioris
753 2251 952 2293 eorum
984 2234 1264 2307 principis
1299 2233 1632 2289 admirabile
1660 2249 1821 2305 repe·

173 2331 335 2389 riunt
364 2325 830 2394 tabernaculum,
865 2325 924 2379 in
957 2325 1195 2380 modum
1237 2322 1502 2390 civitatis,
1532 2321 1818 2391 turribus,

171 2415 626 2493 propugnaculis
658 2418 715 2471 et
745 2411 1059 2477 moenibus,
1090 2429 1160 2467 ex
1190 2412 1410 2480 optimo
1432 2411 1616 2468 serico
1647 2414 1704 2468 et
1725 2427 1823 2467 va-

172 2507 278 2564 riis
327 2505 616 2562 coloribus
665 2506 999 2559 contextum
1031 2517 1045 2555 ε
1104 2518 1137 2555 a
1185 2501 1353 2571 cujus
1404 2500 1598 2558 medio
1656 2500 1825 2572 quasi

175 2613 210 2653 a
266 2593 522 2652 triclinio
586 2591 922 2665 principali,
971 2591 1029 2646 in
1086 2597 1276 2661 partes
1350 2589 1545 2660 plures
1602 2591 1825 2646 adnexa

172 2685 504 2744 defluebant
536 2682 877 2749 diversoria,
909 2697 1038 2751 quae
1070 2679 1235 2752 quasi
1286 2696 1389 2748 per
1416 2679 1574 2736 vicos
1605 2681 1823 2736 distin-

169 2775 524 2850 guebantur,
554 2772 774 2846 quibus
806 2772 923 2826 duo
973 2769 1282 2826 hominurn
1332 2768 1519 2826 millia
1564 2770 1823 2842 spatiose

173 2863 473 2923 considere
523 2878 689 2936 posse
734 2860 1093 2917 dicebantur.
1126 2859 1360 2916 Onerati
1401 2859 1581 2931 igitur
1621 2859 1825 2930 spoliis

169 2958 226 3011 et
257 2950 552 3010 manubiis
581 2950 765 3019 ditati,
799 2954 1007 3006 cuncta
1036 2948 1097 3006 in
1129 2947 1323 3004 urbem
1355 2948 1644 3017 deferunt,
1667 2947 1822 3005 diem

174 3045 410 3115 agentes
422 3041 730 3097 solemnem
742 3039 799 3095 in
816 3037 1010 3094 laetitia
1025 3042 1080 3093 et
1092 3034 1723 3109 exsultatione,gratias
1739 3037 1822 3093 illi

175 3130 522 3188 exhibentes
552 3131 623 3184 de
653 3129 823 3199 cujus
856 3142 1095 3183 munere
1124 3130 1452 3195 venerat,ut
1482 3132 1566 3183 tot
1588 3127 1825 3184 casibus

178 3219 493 3289 superatis,
517 3222 598 3274 tot
621 3217 883 3274 decursis
903 3215 1226 3277 laboribus,
1242 3218 1502 3286 optatam
1535 3217 1830 3273 consecuti

178 3311 376 3366 essent
404 3306 729 3363 victoriam.
761 3304 866 3370 Qui
901 3307 1095 3360 autem
1126 3306 1293 3359 erant
1340 3303 1399 3358 in
1437 3303 1708 3375 praesidio
1750 3303 1828 3359 vi-

182 3397 390 3454 dentes
414 3397 570 3469 quod
599 3396 687 3453 sui
719 3396 1069 3466 defecerant,
1091 3398 1149 3451 et
1169 3396 1554 3453 necessariam
1577 3396 1827 3454 subsidii

176 3501 337 3559 spem
366 3484 650 3542 haberent
680 3484 928 3553 nullam,
962 3484 1325 3556 interpositis
1364 3485 1824 3555 conditionibus,

176 3575 329 3649 quod
359 3590 494 3633 cum
524 3574 711 3632 salute
738 3574 939 3631 liceret
967 3575 1184 3647 egredi,
1217 3589 1543 3647 uxoresque
1572 3592 1638 3632 ac
1675 3575 1825 3632 libe-

178 3681 276 3722 ros
333 3663 513 3722 simul
554 3668 613 3719 et
656 3666 903 3720 'omnem
955 3679 1157 3720 eorum
1204 3663 1600 3721 substantiam
1644 3663 1826 3723 libere

174 3755 880 3825 possenteducere,arcem
895 3754 1424 3826 nostrisrcsignant
1438 3755 1823 3828 principibus,

173 3858 374 3901 eorum
413 3843 644 3899 vexillis
694 3844 755 3901 in
788 3845 1036 3900 summis
1081 3844 1345 3899 turribus
1379 3843 1694 3901 collocatis,
1729 3846 1825 3902 Sic

171 3933 350 4004 igitur
397 3933 616 3989 factum
670 3936 762 3989 est
805 3950 908 4005 per
956 3933 1186 3989 Domini
1235 3933 1822 4005 superabundantem

171 4023 444 4093 gratiam,
474 4026 541 4077 ut
579 4025 813 4094 recepto
846 4022 1008 4078 urbis
1049 4023 1340 4093 praesidio,
1373 4027 1431 4079 et
1466 4023 1706 4079 obtenta
1735 4024 1822 4077 vi-

173 4111 375 4180 ctoria,
408 4111 504 4182 qui
534 4111 661 4167 heri
705 4118 762 4167 et
793 4112 1007 4167 nudius
1059 4112 1271 4167 tertius
1322 4117 1528 4168 tenues
1576 4119 1740 4169 erant
1769 4118 1826 4169 et

175 4216 320 4272 pene
351 4199 811 4269 famelici,bonis
841 4200 1164 4271 inciperent
1193 4201 1471 4258 omnibus
1501 4203 1820 4258 abundare.

173 4289 258 4344 Ad
288 4287 399 4343 hoc
429 4286 584 4342 enim
613 4286 740 4357 jam
775 4288 1123 4343 devenerant
1152 4288 1323 4345 etiam
1375 4289 1475 4361 qui
1523 4291 1676 4347 inter
1723 4308 1824 4350 eos

178 4382 340 4432 erant
359 4375 746 4449 potentissimi
772 4383 825 4432 et
845 4376 1036 4433 eximii
1062 4377 1339 4445 nominis,
1362 4383 1427 4434 ut
1455 4380 1630 4437 etiam
1654 4397 1820 4438 men-

178 4465 370 4523 dicare
403 4465 909 4536 compellerentur.
941 4466 1086 4522 Nam
1120 4470 1186 4522 ut
1214 4468 1285 4523 de
1314 4468 1597 4539 gregariis
1632 4473 1822 4526 tacea-

178 4571 332 4623 mus,
364 4570 558 4612 comes
589 4554 964 4612 Harmannus
991 4554 1079 4611 vIr
1117 4556 1332 4613 nobilis
1360 4557 1432 4613 de
1462 4572 1639 4630 regno
1676 4559 1820 4618 Teu-

177 4645 395 4714 tonicO,
426 4644 498 4700 ad
527 4659 657 4700 eam
688 4644 974 4701 deductus
996 4647 1084 4701 est
1112 4649 1540 4718 paupertatem,
1574 4654 1635 4704 ut
1665 4648 1717 4705 ei
1746 4650 1819 4706 de

177 4747 380 4792 mensa
411 4733 599 4801 ducis,
617 4734 787 4806 panis
816 4750 919 4807 pro
949 4734 1285 4805 quotidiano
1316 4735 1627 4808 stipendio,
1650 4740 1819 4810 quasi

176 4840 474 4896 magnum,
501 4824 900 4895 deputaretur.
926 4822 1211 4881 Henricus
1233 4840 1483 4897 quoque,
1505 4826 1577 4883 de
1605 4827 1815 4900 Ascba,

172 4912 262 4968 vir
278 4913 563 4984 probitate
593 4913 932 4988 singularis,
956 4914 1155 4971 inedia
1174 4914 1413 4986 penitus
1434 4926 1817 4991 consumptus

172 5004 346 5072 esset,
370 5001 484 5058 nisi
517 5004 588 5059 ab
617 5006 821 5062 eodem
852 5004 1092 5063 domino
1113 5005 1260 5062 duce
1291 5013 1632 5079 assumptus
1661 5013 1817 5067 esset

171 5088 232 5146 in
279 5092 599 5148 convivam.
640 5093 753 5150 Sed
783 5094 990 5168 etipse
1036 5095 1211 5151 etiam
1265 5096 1403 5163 dux,
1435 5096 1575 5153 dum
1613 5098 1816 5156 civitas

170 5178 554 5250 obsideretur,
597 5185 907 5253 antequam
955 5184 1365 5256 egrederentur
1408 5184 1479 5239 ad
1524 5187 1812 5258 proelium,

168 5272 330 5327 tanta
362 5270 656 5328 laborabat
690 5272 889 5346 inopia
920 5276 983 5330 ut
1024 5289 1205 5346 equos
1237 5290 1353 5330 non
1400 5274 1644 5342 habens,
1677 5293 1812 5333 eum

171 5359 263 5414 cui
291 5359 506 5418 insedit
537 5362 595 5419 in
630 5362 824 5437 praelio
854 5380 889 5420 a
919 5364 1130 5421 comite
1150 5361 1437 5422 Tolossuo
1459 5366 1661 5424 multis
1692 5385 1814 5439 pre-

172 5447 342 5506 cibus
370 5450 465 5506 vix
491 5452 814 5509 extorserit.
844 5452 976 5510 Jam
1007 5452 1160 5510 enim
1190 5455 1312 5509 tam
1345 5454 1469 5525 ipse
1500 5473 1674 5530 quam
1715 5458 1814 5516 alii

173 5536 467 5611 principes
496 5540 781 5612 quidquid
814 5542 1192 5613 pecunarium
1221 5556 1421 5600 secum
1462 5547 1809 5618 detulerant,

1220 219 1644 286 GUILLELMI
1687 218 2073 283 TYRENSIS
2116 218 2488 282 ARCHIEP.

1846 355 1901 421 A
1928 352 1990 410 in
2021 351 2183 426 larga
2203 351 2706 422 eleemosynarum
2736 348 3083 408 liberalitate
3103 351 3162 405 et
3192 346 3428 421 pietatis
3441 363 3579 421 ope·

3454 212 3572 276 376

1929 442 2178 510 ribus‚et
2199 440 2289 498 his
2305 441 2551 497 maxime
2565 441 2768 511 quand
2788 454 3160 497 communem
3180 438 3576 511 respiciebant

1929 531 2268 599 utilitatem,
2302 547 2485 603 prona
2508 530 2813 587 devotione
2859 531 3368 600 consumpserant.
3405 525 3573 583 Unde

1931 624 2145 680 factum
2178 624 2266 679 est
2305 622 2459 693 quod
2491 618 2665 676 multi
2711 617 2958 687 nobiles,
2990 621 3047 673 et
3086 618 3237 690 apud
3274 632 3417 673 suos
3453 620 3571 673 tam

1928 731 2137 788 genere
2157 729 2335 788 quam
2382 709 2732 768 strenuitate
2779 707 3062 779 praeclari,
3085 721 3154 762 ea
3179 706 3271 761 die
3301 722 3420 777 qua
3449 705 3577 763 bel-

1930 804 2052 862 lum
2084 807 2365 863 iudictum
2397 807 2506 869 est,
2538 799 2898 872 consumptis
2925 798 3134 870 opibus
3176 797 3380 870 inopes
3413 796 3575 866 facti,

1931 898 1986 950 et
2018 912 2196 966 equos
2240 910 2354 951 non
2386 893 2691 956 habentes,
2727 888 2931 958 partim
2964 886 3203 959 pedites,
3236 885 3449 957 partim
3481 902 3580 941 su-

1930 1002 2032 1057 per
2061 985 2256 1042 asinos
2278 988 2334 1040 et
2356 981 2493 1039 vilia
2508 976 3018 1052 jumenta‚egressi
3039 985 3173 1031 sunt
3197 977 3268 1031 ad
3287 991 3573 1048 pugnam:

1932 1092 2178 1148 quorum
2204 1073 2461 1146 inopiam
2494 1069 2740 1141 benigne
2770 1067 3086 1140 respiciens
3107 1065 3442 1122 consolator
3456 1065 3576 1123 Do-

1932 1165 2478 1235 minus,antequam
2508 1160 2597 1217 sol
2623 1162 2887 1230 vergeret
2917 1156 2989 1213 ad
3020 1154 3577 1224 occasum,devictis

1930 1253 2224 1324 hostibus,
2247 1269 2386 1325 opes
2407 1249 2653 1307 contulit
2674 1244 3459 1305 redundantes.Renovatum
3484 1248 3577 1301 est

1931 1343 2010 1400 ibi
2042 1342 2367 1400 evidentius
2396 1340 2540 1396 illud
2563 1338 2836 1396 Samariae
2867 1337 3177 1408 antiquum
3199 1339 3256 1390 et
3287 1339 3453 1391 vetus
3481 1349 3576 1390 ne·

1931 1433 2179 1508 gotium,
2211 1432 2285 1489 de
2314 1446 2588 1488 mensura
2616 1425 2970 1500 similaginis
2987 1430 3044 1483 et
3065 1423 3431 1495 hordei,quae
3451 1427 3577 1480 sta-

1931 1526 2053 1580 tere
2079 1539 2196 1579 uuo
2225 1521 2635 1594 accipiebatur.
2670 1518 2820 1574 Nam
2854 1517 2950 1589 qui
2985 1529 3156 1573 mane
3183 1514 3276 1570 vix
3305 1512 3422 1570 sibi
3443 1513 3577 1570 suf-

1933 1613 2105 1670 ficere
2134 1615 2379 1683 poterat,
2411 1624 2648 1682 vespere
2691 1606 2898 1664 habuit
2926 1607 3081 1662 unde
3110 1603 3329 1661 multos
3374 1603 3571 1660 aleret.

1932 1703 2175 1761 Factum
2206 1703 2298 1759 est
2333 1706 2526 1757 autem
2571 1698 2704 1766 hoc,
2734 1713 2887 1754 anno
2917 1695 2989 1753 ab
3032 1692 3435 1751 iucarnatioue
3468 1693 3574 1750 Do-

1935 1791 2080 1849 mini
2101 1790 2259 1862 1098,
2279 1803 2480 1847 mense
2514 1787 2714 1856 Junio,
2736 1785 3013 1843 vicesima
3032 1788 3235 1843 octava
3279 1783 3373 1839 die
3410 1797 3576 1839 men-

1935 1898 2040 1939 sis.

2519 1967 2752 2025 CAPUT
2783 1967 2988 2024 XXIII.

1936 2060 2172 2117 Ciuitate
2211 2059 2527 2131 composita,
2574 2057 2827 2115 ecclesias
2870 2055 3141 2112 mundant
3175 2058 3225 2111 et
3273 2060 3579 2126 reparant:

2234 2131 2495 2189 clericum
2523 2133 2584 2187 in
2612 2130 2693 2187 eis
2720 2129 2980 2186 ordinant
3008 2127 3269 2186 studiose.

2007 2239 2271 2297 Reversis
2291 2238 2473 2311 igitur
2492 2236 2850 2310 principibus
2867 2237 2938 2292 de
2960 2234 3180 2307 praelio,
3203 2239 3262 2292 et
3293 2234 3579 2306 urbejam

1933 2328 1997 2385 in
2029 2329 2189 2386 omni
2234 2327 2650 2398 tranquillitate
2680 2326 3025 2399 composita,
3055 2340 3207 2381 curae
3255 2324 3365 2381 fuit
3391 2324 3580 2381 omni·

1936 2417 2067 2487 bus,
2098 2425 2157 2476 et
2185 2418 2475 2491 praecipue
2505 2422 2747 2489 patrono
2777 2417 3081 2483 exercitus,
3114 2415 3238 2472 viro
3262 2413 3579 2471 venerabili

1934 2509 2172 2566 domino
2204 2507 2472 2564 Podiensi
2503 2508 2797 2579 episcopo,
2831 2505 3278 2577 cooperantibus
3306 2503 3440 2561 aliis
3478 2501 3581 2576 qui

1934 2598 1988 2655 ie
2016 2598 2220 2654 eodem
2251 2596 2502 2653 exercitu
2536 2599 2701 2652 erant
2749 2594 3140 2666 pontificibus,
3165 2599 3223 2651 et
3251 2592 3418 2666 plebe
3455 2593 3581 2650 suf-

1936 2688 2123 2760 fragia
2140 2685 2533 2752 ministrante,
2565 2689 2683 2741 tam
2718 2686 3001 2756 majorem
3033 2684 3199 2741 urbis
3251 2684 3579 2752 ecclesiam,

1935 2794 2059 2850 quae
2080 2776 2142 2833 in
2173 2777 2393 2833 honore
2410 2775 2695 2847 Principis
2718 2776 3116 2849 apostolorum
3147 2774 3409 2832 dedicata
3438 2777 3585 2843 erut,

1937 2884 2111 2941 quam
2144 2866 2420 2939 reliquas,
2450 2882 2577 2936 quae
2624 2882 2725 2937 per
2766 2866 2965 2921 urbem
3014 2869 3182 2921 eraut
3227 2864 3580 2932 constitutas,

1934 2957 1993 3014 in
2027 2956 2341 3029 pristinum
2370 2955 2630 3013 decorem
2666 2955 2976 3011 reformare
2997 2952 3292 3023 basilicas,
3311 2958 3372 3011 et
3400 2953 3461 3011 in
3490 2952 3575 3011 eis

1935 3047 2155 3104 elerum
2188 3046 2512 3114 restituere,
2529 3045 2628 3118 qui
2651 3044 2864 3101 divinis
2880 3044 3103 3118 jugiter
3129 3061 3192 3101 se
3214 3045 3571 3116 manciparet

1937 3137 2255 3209 obsequiis.
2287 3140 2439 3193 Gens
2467 3135 2625 3192 enim
2656 3136 2977 3191 Turcorum
3002 3134 3201 3206 impia,
3234 3132 3361 3191 loca
3383 3134 3577 3206 profa-

1938 3230 2176 3283 naverat
2202 3224 2589 3293 venerabilia;
2638 3228 2697 3281 et
2725 3224 2921 3296 eiectis
2962 3222 3098 3279 inde
3125 3222 3396 3281 cultuum
3427 3223 3582 3281 divi-

1938 3332 2145 3373 norum
2178 3314 2701 3384 ministris,usibus
2734 3313 2996 3386 profanis
3026 3330 3096 3370 ea
3120 3314 3577 3386 deputaverant3

1936 3406 1997 3463 in
2029 3404 2157 3462 aliis
2186 3421 2367 3478 equos
2397 3408 2455 3459 et
2484 3406 2774 3476 jumenta,
2806 3404 2976 3475 quasi
3016 3404 3075 3459 in
3113 3403 3366 3461 stabulis
3400 3403 3582 3461 collo-

1937 3504 2168 3566 cantes3
2201 3495 2261 3551 in
2291 3495 2423 3551 aliis
2450 3509 2585 3551 vero
2611 3493 2852 3565 indigna
2878 3493 3020 3550 locis
3051 3497 3387 3551 exercentes
3408 3508 3586 3566 nego-

1936 3582 2034 3639 tia.
2066 3580 2439 3637 Venerabiles
2466 3595 2696 3653 quoque
2726 3583 3065 3635 sanctorum
3104 3578 3394 3651 imagines
3421 3580 3584 3653 (qui-

1936 3672 2048 3728 bus
2078 3670 2324 3741 simplex
2353 3669 2626 3742 populus,
2658 3673 2715 3725 et
2742 3669 2890 3739 plebs
2926 3670 3025 3725 Dei
3054 3669 3262 3725 cultrix
3293 3672 3392 3742 piu
3422 3670 3583 3727 rudi-

1938 3767 2051 3816 tate
2077 3758 2550 3825 commendabilis,
2584 3758 2752 3829 quasi
2784 3776 2885 3829 pro
2917 3757 3080 3815 libris
3110 3758 3313 3830 utitur,
3345 3775 3475 3832 quoe
3505 3760 3586 3818 vi·

1934 3866 1999 3908 ce
2022 3848 2289 3907 lectionis
2312 3847 2695 3920 simpliciores
2718 3849 2788 3904 ad
2807 3848 3173 3904 devotionem
3198 3848 3496 3922 excitant),
3512 3865 3580 3906 ex

1932 3939 2047 4012 ipsi
2094 3942 2459 3996 corraserant
2506 3936 2862 4009 parietibus3
2911 3942 2967 3994 et
3005 3936 3173 4009 quasi
3222 3939 3284 3993 in
3323 3937 3581 3995 viventes

1933 4045 2211 4101 personas
2241 4026 2632 4095 desaevientes,
2656 4025 2853 4083 oculos
2909 4026 3248 4097 effoderant,
3272 4027 3579 4084 mutilave-

1934 4127 2064 4174 rant
2089 4134 2280 4182 nares,
2322 4120 2379 4172 et
2407 4116 2529 4172 luto
2560 4119 2796 4187 sumpto
2827 4113 2896 4170 de
2943 4115 3269 4171 immundis
3318 4116 3579 4173 obduxe-

1935 4210 2085 4277 rant,
2127 4206 2459 4277 deJecerant
2499 4202 2723 4272 altaria,
2754 4207 2812 4258 et
2859 4203 3126 4259 nefandis
3168 4203 3443 4277 operibus
3485 4204 3580 4260 in-

1935 4294 2322 4367 quinaverant
2353 4293 2582 4350 Domini
2612 4291 3030 4350 sanctuarium.
3051 4293 3276 4350 Placuit
3302 4292 3487 4367 igitur
3505 4295 3577 4351 de

1935 4384 2231 4441 communi
2270 4383 2512 4441 consilio
2563 4388 2625 4440 ut
2671 4384 2871 4440 statim
2917 4384 3044 4441 sine
3092 4382 3372 4442 dilatione
3399 4384 3462 4441 in
3493 4385 3579 4441 eis

1930 4474 2121 4532 clerus
2153 4474 2555 4530 restitueretur
2582 4478 2639 4529 et
2669 4472 2919 4544 pristina
2953 4473 3366 4530 reformaretur
3392 4473 3581 4548 digni·

1928 4570 2036 4634 tas,
2072 4562 2392 4634 designatis
2430 4562 2739 4637 stipendiis
2779 4563 2935 4619 unde
2985 4567 3224 4634 possent
3252 4564 3579 4622 sustentari

1928 4651 2026 4726 qui
2056 4651 2116 4707 in
2146 4650 2233 4707 eis
2260 4650 2506 4707 Domino
2537 4649 2871 4707 militarent.
2904 4650 3254 4707 obtulerunt
3281 4652 3485 4724 itaque
3507 4652 3579 4709 de

1926 4738 2128 4814 spoliis
2180 4738 2436 4796 bostium
2472 4755 2682 4796 aurum
2713 4746 2769 4796 et
2799 4743 3133 4811 argentum,
3165 4741 3323 4797 undo
3369 4741 3579 4799 flerent

1925 4826 2293 4896 candelabra,
2343 4844 2569 4895 cruces,
2613 4830 2836 4890 calices.
2884 4832 2942 4885 et
2996 4835 3183 4886 textus
3233 4829 3577 4903 Evangelio-

1924 4934 2078 4987 rum,
2108 4922 2166 4975 et
2212 4922 2420 4974 caetera
2473 4918 2888 4976 ecclesiasticis
2957 4920 3290 4977 necessaria
3365 4921 3576 4978 usibus

1927 5008 2219 5077 utensilia,
2236 5006 2564 5065 holoserica
2585 5025 2819 5082 quoquc
2840 5009 2911 5064 ad
2936 5025 3085 5081 opus
3115 5009 3574 5068 sacerdotalium

1923 5099 2502 5166 indumentorum,et
2530 5098 2802 5155 altarium
2833 5098 3215 5171 operimenta.
3249 5100 3572 5157 Dominum

1924 5204 2155 5261 quoque
2197 5187 2610 5259 patriarcham,
2656 5187 2942 5245 Joannem
2999 5188 3258 5258 nomine,
3297 5190 3403 5261 qui
3450 5195 3576 5248 tan-

1922 5294 2097 5352 quam
2128 5293 2297 5334 verus
2326 5277 2542 5333 Christi
2572 5278 2889 5347 confessor,
2922 5281 3056 5350 post
3087 5286 3423 5337 nostrorum
3464 5282 3574 5338 ad-

1922 5372 2121 5436 ventu,
2135 5365 2367 5424 infinita
2387 5366 2457 5422 ab
2479 5365 2818 5424 infidelibus
2847 5368 3162 5439 pertulerat
3181 5369 3568 5440 supplicia,in

1924 5459 2059 5515 sede
2088 5457 2323 5530 propria
2347 5472 2484 5514 cum
2520 5457 2707 5515 multo
2725 5457 2945 5516 honore
2977 5456 3336 5527 locaverunt,
3356 5475 3458 5533 per
3485 5478 3574 5519 ur-

1922 5546 2023 5606 bes
2059 5545 2365 5616 finitimas,
2398 5562 2528 5619 quae
2575 5545 2966 5604 cathedralem
3010 5552 3435 5608 consueverant
3462 5549 3572 5609 ha-
