3784 6000
311 191 426 253 331

1381 189 1807 255 GUILLELMI
1849 186 2231 254 TYRENSIS
2275 190 2641 265 ARCHIEP.

3539 170 3550 175 ’
3595 186 3720 251 332

310 329 538 384 stantes
580 324 869 384 cominus.
922 324 1193 397 Dumque
1247 324 1417 382 solita
1478 326 1561 384 eis
1608 327 1956 384 incumbunt
1985 325 2040 393 Α
2068 324 3429 402 comprimentibus,inllnitipraecipitarenturin
3447 323 3721 382 fluvium.

309 413 609 485 instantia,
640 419 699 473 et
737 415 968 488 injuriae
998 430 1310 483 memores,
1358 432 1535 488 quam
1566 418 1951 489 pertulerant,

309 520 415 562 neo
461 503 785 576 respirandi
833 503 1183 576 permittunt
1222 504 1413 574 ferias,
1445 507 1727 563 emarcuit
1765 508 1955 564 virtus

305 606 532 660 eorum,
559 597 618 650 et
651 608 767 665 prae
796 591 1023 650 timoris
1053 592 1327 665 angustia
1358 595 1598 653 renibus
1627 596 1951 669 dissolutis,

307 679 368 737 in
399 682 596 753 sugam
645 679 819 751 versi,
866 689 1071 739 versus
1122 687 1354 754 pontem
1403 683 1656 742 civitatis
1684 687 1949 744 certatim

307 769 688 827 contendunt.
735 769 845 827 Sed
887 775 1240 841 prevenerat
1277 786 1479 830 eorum
1521 773 1842 844 molimina,
1887 775 1951 832 in

305 859 647 930 hujusmodi
731 864 1021 919 assuetus
1057 862 1329 937 negotiis,
1389 863 1779 939 Lotharingiae
1831 867 1952 922 dux

300 946 548 1005 illustris
570 964 586 1018 3
609 951 667 1005 et
695 947 915 1016 locum,
944 950 1042 1022 qui
1064 955 1199 1008 ante
1211 959 1444 1025 pontem
1467 969 1670 1012 eorum
1693 958 1816 1012 erat
1834 955 1948 1012 ali-

300 1035 1311 1110 quantulumeminentior,eumenis
1324 1046 1599 1115 occupat3
1621 1047 1946 1116 eteosquos

296 1116 657 1185 venerabiles
672 1127 963 1201 principes
987 1126 1198 1201 gladiis
1220 1129 1674 1201 insectabantur,
1697 1132 1767 1188 ad
1801 1148 1945 1205 pon·

298 1219 416 1273 tem
447 1216 705 1274 volentes
730 1216 1004 1290 effugere,
1026 1222 1128 1274 aut
1155 1217 1368 1291 gladiis
1389 1220 1720 1287 obtruncat,
1748 1226 1855 1278 aut
1882 1222 1941 1278 in

298 1319 545 1378 agonem
593 1305 749 1362 unde
795 1304 1063 1378 fugerant
1106 1306 1390 1365 violenter
1434 1307 1618 1365 redire
1647 1309 1943 1383 compellit

294 1397 601 1470 perituros.
645 1396 830 1455 Instat
887 1412 1085 1457 comes
1140 1399 1609 1470 Flandrensium,
1658 1406 1940 1474 tanquam

293 1487 381 1546 vir
406 1491 686 1545 strenuus
710 1505 725 1557 ;
748 1491 805 1544 et
815 1494 1301 1546 armornmusum
1323 1490 1550 1548 habens
1565 1489 1938 1562 familiarem,

291 1590 426 1634 oum
455 1575 579 1633 suis
625 1576 981 1650 sequacibus
1028 1577 1290 1635 hostium
1330 1580 1641 1651 prosternit
1676 1581 1937 1653 agmina,

290 1663 580 1735 objiciens
618 1664 1039 1723 animosius·et
1087 1666 1421 1739 frequenter
1462 1682 1594 1741 quae
1623 1668 1679 1724 in
1712 1674 1939 1727 nostros

289 1753 444 1811 maia
469 1754 904 1827 commiserant,
934 1759 1263 1830 exaggerat.
1295 1755 1763 1814 Normannorum
1805 1774 1941 1816 vero

287 1841 674 1902 nihilominus
698 1858 916 1911 eomes,
945 1858 982 1901 a
1009 1847 1252 1918 paterna
1269 1845 1485 1903 virtute
1507 1862 1621 1904 non
1665 1847 1938 1922 degener,

287 1935 522 1990 strenue
579 1933 758 1990 nimis
813 1933 893 1989 in‘
926 1935 1130 1992 eodem
1184 1935 1422 1993 desudat
1471 1951 1663 2008 opere.
1730 1937 1939 1996 Comes

285 2036 512 2096 quoque
537 2022 884 2092 Tolosanus,
908 2022 1033 2080 zelo
1054 2023 1151 2081 Dei
1182 2039 1500 2082 succensus
1524 2042 1538 2093 ς
1573 2024 1738 2099 Hngo
1760 2026 1934 2083 etiam

280 2111 542 2183 Magnus,
575 2112 718 2186 regii
750 2126 977 2170 memor
1003 2113 1312 2187 sanguinis
1333 2122 1388 2171 et
1417 2132 1451 2170 a
1479 2119 1654 2173 tante
1682 2115 1938 2189 dignita·

281 2199 360 2258 tis
385 2200 643 2259 eulmine
672 2216 790 2258 nou
820 2201 1135 2271 recedens3
1177 2218 1376 2260 comes
1414 2203 1784 2272 Eustachius,
1829 2205 1934 2262 do·

281 2287 422 2345 mini
440 2288 607 2346 duois
630 2289 842 2357 frater-3
868 2290 1188 2347 Balduinus
1205 2307 1457 2364 quoque,
1481 2291 1876 2349 Hermancoru

285 2389 502 2446 comes,
532 2381 591 2433 et
620 2377 785 2451 Hugo
816 2377 887 2434 de
905 2382 1113 2434 Sancto
1143 2378 1344 2447 Paulo,
1376 2394 1511 2434 cum
1545 2378 1679 2435 aliis
1718 2380 1931 2437 nobili-

280 2463 416 2535 bus,
453 2468 620 2521 tanta
659 2465 859 2524 hostes
897 2467 1270 2525 animositate
1318 2467 1736 2541 insequuntur,
1767 2474 1930 2527 tanta

277 2549 342 2607 in
369 2565 467 2609 eos
501 2551 712 2610 virtute
742 2554 1080 2623 desaeviunt,
1126 2564 1186 2612 ut
1234 2556 1500 2613 contritis
1528 2557 1744 2630 {eorum
1781 2558 1927 2616 viri-

274 2639 587 2704 hus‚more
615 2643 908 2714 pecudum
938 2645 1179 2715 impune
1216 2645 1594 2702 caederentur.
1627 2647 1924 2705 Acxianus

272 2731 466 2787 autem
489 2729 651 2788 urbis
671 2735 868 2804 portas
898 2736 1032 2805 post
1050 2748 1209 2801 suos,
1234 2750 1384 2806 quos
1413 2734 1545 2790 inde
1568 2735 1640 2791 ad
1661 2750 1921 2808 pugnam

271 2818 568 2888 emiserat,
599 2819 793 2878 claudi
825 2821 1186 2894 precipiens,
1211 2827 1277 2879 ut
1304 2824 1388 2881 eis
1417 2825 1647 2882 animos
1677 2826 1921 2898 amplio-

270 2919 366 2964 res
406 2907 759 2978 lurunderet,
790 2915 845 2966 et
875 2927 979 2983 pro
1009 2911 1414 2985 desperatione
1454 2914 1698 2983 reditus,
1731 2916 1920 2989 magis

269 2996 558 3055 animaret
584 2998 656 3056 ad
681 2998 901 3072 praelia,
930 3002 1067 3058 dum
1089 3000 1204 3059 sibi
1225 3000 1409 3059 credit
1431 3003 1757 3076 consulere,
1779 3022 1918 3063 suos

268 3085 599 3145 inconsulte
625 3088 804 3146 trahit
830 3089 892 3147 in
924 3090 1155 3148 ruinam
1181 3109 1196 3160 ;
1222 3091 1362 3148 dum
1394 3092 1550 3149 enim
1586 3097 1913 3152 nostrorum

263 3173 521 3248 impetus
570 3179 631 3233 et
695 3194 994 3237 armorum
1063 3180 1408 3238 instantiam
1460 3182 1747 3240 sustinere
1795 3199 1910 3241 non

263 3264 524 3322 valerent
551 3265 799 3339 diutius,
839 3267 1049 3327 salutis
1104 3270 1341 3328 unicum
1372 3273 1498 3329 erat
1543 3272 1680 3346 ruga
1724 3287 1913 3331 reme·

263 3353 451 3424 dium,
480 3355 650 3427 ouius
680 3373 784 3430 spe
826 3358 1081 3417 frustrati
1132 3360 1388 3433 penitus,
1430 3363 1651 3434 passim
1699 3364 1910 3436 gladiis

263 3444 570 3503 ooeduntnr
596 3450 654 3504 st
679 3453 947 3520 pereunt,
974 3450 1076 3521 qui
1106 3465 1174 3507 ea
1216 3450 1312 3510 via
1353 3455 1599 3509 mortem
1642 3457 1914 3525 poterant

261 3533 535 3593 evasisse.
578 3534 715 3594 Erat
760 3541 955 3596 autem
998 3538 1058 3596 in
1105 3540 1317 3597 castris
1368 3544 1573 3598 tantus
1613 3558 1908 3602 armorum

263 3622 477 3695 fragor,
509 3630 565 3684 et
590 3626 914 3699 gladiorum
955 3629 1203 3687 tinnitus
1249 3635 1307 3687 et
1345 3632 1692 3703 coruscatio,
1722 3648 1911 3707 equo-

261 3728 393 3772 rum
423 3714 690 3773 fremitus
722 3724 776 3774 et
813 3717 1010 3790 populi
1062 3719 1433 3777 vociferantis
1478 3720 1721 3790 elamor,
1752 3726 1908 3796 quod

258 3801 883 3878 nisiarmorumgenus
923 3807 1283 3865 manifestam
1319 3809 1472 3865 inter
1507 3826 1607 3867 eos
1629 3813 1912 3883 praeberet

257 3890 670 3961 differ-entiam,
720 3895 938 3953 multos
1003 3897 1289 3969 potuisset
1349 3914 1508 3956 error
1559 3900 1909 3961 indiscretus

256 3977 707 4038 imminentibus
736 3984 1060 4055 subjecisse
1083 3985 1355 4057 periculis
1394 3991 1492 4044 aut
1521 3988 1781 4048 sinistris
1810 4007 1909 4049 ca-

257 4066 425 4124 sibus
486 4070 788 4129 exemisse.
850 4072 1122 4131 Matronae
1187 4080 1381 4133 autem
1451 4076 1704 4136 civitatis
1770 4097 1905 4139 cum

256 4154 492 4213 filiabus
511 4161 569 4215 et
601 4159 882 4231 parvulis,
906 4177 1076 4218 senes
1102 4179 1334 4237 quoque
1359 4168 1417 4221 et
1446 4165 1700 4224 imbellis
1729 4186 1911 4242 popu·

255 4241 367 4311 lus,
395 4245 467 4300 de
497 4246 758 4302 turribus
784 4254 843 4303 et
870 4263 1037 4305 muro
1066 4266 1303 4309 suorum
1334 4257 1581 4325 stragem
1623 4262 1907 4317 contuen-

253 4332 364 4396 tes,
388 4329 703 4400 gemitibus
722 4337 780 4389 et
802 4331 1075 4407 lacrymis
1105 4353 1344 4395 suorum
1382 4340 1684 4411 deplorant
1717 4350 1904 4404 exter·

2063 417 2190 471 Dux
2218 431 2354 472 vero
2386 415 2782 486 Lotharingiae,
2817 417 2923 474 etsi
2952 417 3008 472 in
3040 421 3160 472 toto
3189 415 3461 473 conflictu
3492 416 3717 487 optime

2061 522 2124 562 se
2151 506 2451 575 habuerat,
2483 514 2675 564 tamen
2723 507 2875 563 circa
2924 514 3156 580 pontem
3204 507 3330 579 jam
3361 504 3710 578 advespera-

2060 598 2256 650 scente
2302 594 2416 661 die,
2464 598 2699 653 tantum
2748 602 2983 667 tamquo
3031 594 3265 667 insigne
3309 593 3566 663 virtutis,
3598 608 3718 666 qua

2059 683 2440 755 singulariter
2486 683 2920 756 praeeminebat,
2969 683 3128 740 dedit
3163 688 3598 757 argumentum,
3650 685 3718 739 ut

2060 780 2334 844 perpetua
2364 771 2608 844 dignum
2633 773 2934 846 ,iudicetur
2980 773 3268 832 memoria
3313 772 3534 831 factum
3583 771 3715 843 cius

2060 859 2303 928 celebre,
2321 877 2438 932 quo
2458 879 2517 918 se
2539 862 2807 920 universo
2824 863 3101 920 exercitui
3115 862 3368 921 reddidit
3392 860 3712 934 insignem.

2055 949 2226 1013 Nam,
2260 955 2565 1023 postquam
2600 950 2917 1009 multorum
2939 952 3129 1024 capita
3150 951 3552 1023 loricatorum,
3579 951 3712 1009 sine

2056 1037 2211 1096 ictus
2232 1041 2589 1112 repetitione,
2622 1040 2795 1098 solita
2819 1041 3036 1098 virtute
3059 1041 3393 1111 amputavit,
3416 1055 3603 1098 unum
3633 1040 3712 1096 de

2055 1125 2323 1184 hostibus
2345 1128 2669 1201 protavirus
2687 1129 3030 1198 instantem,
3051 1129 3186 1187 licet
3203 1129 3383 1187 lorica
3406 1128 3709 1196 indutum,

2055 1229 2158 1285 per
2188 1216 2441 1274 medium
2473 1217 2689 1287 divisit,
2721 1218 2797 1274 ita
2829 1221 2894 1275 ut
2932 1234 3064 1290 pars
3094 1219 3168 1274 ab
3210 1216 3494 1277 umbilico
3532 1232 3708 1289 supe·

2053 1305 2190 1373 rior,
2235 1305 2306 1361 ad
2357 1309 2572 1365 terram
2631 1306 2922 1364 decideret
2960 1325 2976 1375 ;
3027 1306 3247 1378 reliqna
3313 1311 3476 1380 parte
3525 1322 3712 1380 super

2050 1409 2270 1466 equum
2333 1396 2428 1452 cui
2485 1395 2777 1453 insederat
2852 1396 3008 1452 inira
3067 1396 3271 1457 urbem
3343 1396 3703 1455 introducta.

2050 1483 2364 1556 Obstupuit
2403 1483 2675 1556 populus,
2719 1483 2849 1540 visa
2881 1484 3013 1540 lacti
3045 1483 3333 1552 novitate;
3384 1500 3489 1541 nec
3521 1484 3705 1542 latere

2049 1571 2290 1643 patitur,
2317 1572 2475 1644 quod
2505 1572 2725 1645 ubique
2753 1573 3055 1645 praedicat,
3108 1573 3323 1629 sactum
3356 1579 3474 1629 tam
3517 1572 3703 1631 mira·

2047 1658 2184 1717 bile.
2216 1659 2505 1719 Cecidisse
2534 1678 2601 1718 ea
2658 1662 2754 1718 die
2798 1661 3071 1719 dicuntur
3102 1661 3173 1718 de
3203 1660 3494 1730 hostibus,
3529 1663 3702 1735 quasi

2046 1750 2117 1805 ad
2141 1749 2257 1807 duo
2278 1750 2457 1807 millia
2483 1767 2496 1804 ε
2521 1751 2679 1823 quod
2704 1750 2816 1808 nisi
2841 1766 2952 1807 nox
2974 1749 3337 1822 importuna,
3361 1754 3699 1808 nostrorum

2049 1837 2239 1894 titulis
2275 1843 2334 1894 et
2379 1841 2583 1911 palmae
2616 1838 2905 1909 invidens,
2937 1855 3000 1895 se
3039 1838 3335 1896 intulisset
3363 1839 3700 1908 immatura,

2046 1925 2224 1983 finem
2257 1943 2326 1985 ea
2345 1927 2436 1983 die
2454 1928 2652 2000 procul
2673 1927 2851 1983 dubio
2874 1926 3365 1986 Antiochenorum
3393 1927 3703 1987 habuisset

2046 2017 2369 2088 negotium.
2401 2018 2585 2075 Tanta
2613 2019 2809 2073 autem
2842 2015 2997 2072 circa
3022 2020 3252 2086 pontem
3276 2019 3332 2072 et
3359 2016 3419 2071 in
3450 2015 3700 2075 flumine

2043 2109 2388 2176 perpetratae
2433 2105 2607 2160 oaedis
2658 2105 2962 2161 exstabant
3019 2104 3282 2179 vestigia,
3345 2110 3412 2161 ut
3467 2110 3697 2164 mutato

2041 2192 2228 2250 colore
2261 2192 2471 2249 fluvius
2504 2196 2657 2250 totus
2686 2191 2761 2249 ad
2790 2209 2951 2257 mare
2979 2195 3338 2265 sanguineus
3368 2193 3699 2254 descende-

2040 2285 2145 2339 ret.
2204 2282 2377 2338 Famu
2424 2284 2513 2340 est
2556 2281 2756 2352 etiam,
2804 2286 2862 2338 et
2909 2283 2990 2339 ita
3019 2299 3122 2355 per
3149 2284 3433 2355 quosdam
3465 2283 3693 2351 fideles,

2038 2371 2134 2444 qui
2166 2371 2239 2429 ab
2271 2373 2414 2428 urbe
2451 2371 2668 2444 egressi
2700 2373 2770 2428 ad
2806 2377 3035 2430 nostros
3065 2389 3127 2430 se
3156 2372 3695 2449 contulerunt,ple·

2037 2463 2171 2520 nius
2201 2464 2476 2531 innotuit,
2509 2465 2665 2535 quod
2696 2464 3000 2521 duodecim
3034 2465 3104 2520 de
3135 2463 3452 2536 majoribus
3481 2481 3685 2523 eorum

2033 2554 2303 2625 satrapis,
2333 2554 2393 2608 in
2424 2569 2491 2610 ea
2518 2555 2926 2626 congressione
2974 2554 3186 2627 gladiis
3216 2555 3569 2625 obtruncati,
3601 2556 3686 2612 ir-

2032 2641 2353 2714 reparabile
2383 2642 2599 2699 civitati
2642 2643 2921 2700 damnum
2957 2642 3305 2700 intulerunt.

2660 2750 2896 2807 CAPUT
2931 2750 3049 2806 V11.

2029 2837 2216 2894 Nostri
2243 2840 2303 2895 ia
2329 2841 2504 2920 capite
2538 2841 2721 2920 pontis
2761 2839 3463 2921 prandium-construunt,
3505 2841 3682 2898 victo-

2370 2925 2479 2968 rzae
2499 2926 2718 2982 stonum
2751 2911 2822 2967 ad
2851 2927 3014 2967 naves
3042 2913 3325 2985 dariqunt.

2100 2999 2249 3058 Luce
2279 3000 2516 3056 demum
2550 3004 2781 3073 postera
2819 2999 2987 3058 solito
3026 3014 3196 3060 cursu
3229 3002 3399 3059 terris
3448 3004 3679 3060 restitu-

2027 3096 2103 3158 ta,
2136 3089 2346 3147 iterum
2392 3095 2791 3147 convenerunt
2831 3090 3119 3163 principes
3162 3091 3508 3162 adinvicem,
3539 3109 3671 3165 gra·

2022 3176 2135 3236 tias
2181 3178 2572 3251 omnipotenti
2615 3196 2718 3252 pro
2759 3178 2964 3235 collata
3022 3180 3361 3238 exhibentes
3402 3182 3669 3252 victoria,

2022 3271 2089 3323 ut
2127 3268 2198 3324 de
2230 3267 2581 3326 instantibus
2620 3267 3008 3325 deliberarent
3038 3269 3304 3341 negotiis.
3343 3268 3671 3343 visumque

2018 3360 2105 3414 est
2151 3357 2427 3414 omnibus
2448 3357 2739 3429 expedire,
2771 3362 2836 3415 ut
2865 3359 2936 3414 ad
2969 3358 3028 3415 id
3059 3358 3215 3431 quod
3258 3358 3422 3432 prius
3469 3375 3671 3417 conce·

2021 3450 2225 3520 perant
2252 3446 2583 3518 redeuntes,
2619 3446 3004 3504 munitionem
3027 3447 3344 3520 quamdam
3385 3448 3446 3505 in
3474 3448 3669 3523 capite

2018 3537 2209 3607 pontis
2237 3536 2544 3610 erigerent,
2595 3540 2657 3595 ut
2686 3541 2745 3594 et
2774 3536 2998 3594 civibus
3030 3536 3447 3610 praepediretur
3475 3540 3667 3597 exitus

2017 3630 2074 3682 et
2102 3628 2316 3684 nostris
2347 3626 2603 3683 securior
2619 3626 2984 3684 discurrendi
3008 3626 3447 3685 ministraretur
3474 3628 3657 3687 facul·

2016 3718 2124 3771 tas.
2158 3716 2293 3771 Erat
2313 3722 2501 3772 antem
2533 3714 2717 3787 ibi,ut
2748 3714 3083 3787 praedixisse
3114 3732 3221 3773 nos
3255 3715 3656 3788 meminimus,

2015 3803 2449 3875 superstitionis
2469 3820 2666 3860 eorum
2689 3804 3005 3861 oratorium
3030 3825 3044 3876 ;
3068 3805 3167 3860 ubi
3197 3806 3372 3862 etiam
3404 3807 3660 3881 sepultu-

2018 3910 2092 3951 τω
2111 3909 2373 3963 suorum,
2405 3893 2598 3952 locum
2629 3894 3059 3966 deputaverant.
3077 3894 3221 3952 Illuc
3243 3911 3379 3968 ergo
3409 3900 3533 3953 tam
3558 3913 3661 3955 no-

2016 3986 2107 4040 cte
2156 3984 2460 4056 praeterita,
2502 3999 2680 4055 quam
2713 3982 2824 4040 diei
2857 3988 3018 4056 parte
3047 3985 3344 4056 sequentis
3370 3985 3496 4056 jam
3527 4003 3659 4043 exa·

2015 4078 2129 4143 cta,
2161 4072 2568 4130 defunctorum
2598 4088 2832 4131 snorum
2867 4071 3292 4131 transtulerant
3317 4078 3376 4132 et
3403 4077 3658 4147 sepelie-

2014 4166 2147 4219 rant
2176 4178 2434 4235 corpora.
2466 4161 2626 4225 Quod
2660 4169 2723 4218 ut
2770 4160 2919 4232 plebi
2947 4166 3158 4219 nostrie
3180 4162 3431 4235 plenius,
3461 4168 3522 4221 et
3552 4181 3654 4239 pro

2013 4256 2171 4309 certo
2200 4257 2560 4324 compertum
2594 4254 2704 4320 est,
2736 4249 2873 4306 illuc
2906 4250 3186 4308 violenter
3216 4250 3528 4323 irruentes,
3559 4270 3654 4311 oo-

2013 4338 2244 4395 casione
2275 4336 2621 4411 spoliorum,
2655 4353 2779 4411 quae
2822 4353 2957 4394 cum
2989 4337 3131 4411 ipsis
3173 4340 3389 4397 tradita
3421 4340 3655 4398 fuerant

253 4415 502 4474 minium
528 4434 542 4474 :
572 4419 784 4477 Felicia
820 4421 1130 4490 iudicantes
1177 4441 1299 4498 quar
1336 4430 1724 4499 proeterierant
1761 4443 1900 4491 tem·
1931 4435 1978 4501 Ι)
2008 4425 2347 4500 sepulturae,
2379 4428 2646 4499 sepulcra
2668 4425 2878 4483 violant
2900 4447 2915 4498 ;
2941 4426 3200 4501 sepultos
3218 4427 3522 4498 effodiunt,
3548 4447 3651 4487 au·

247 4522 382 4579 pora
407 4524 430 4571 ,·
460 4522 550 4565 eos
589 4508 780 4581 felices
834 4510 1226 4583 nihilominus,
1269 4516 1461 4588 quibus
1517 4534 1662 4576 mors
1719 4525 1900 4581 amica

245 4596 460 4668 pridem
489 4598 824 4668 contulerat,
853 4616 922 4659 ne
960 4601 1080 4659 istis
1106 4605 1517 4661 involverentur
1552 4607 1870 4670 calamitati
1879 4646 1893 4658 ·

248 4685 366 4743 bus.
413 4686 764 4763 Quaecunque
801 4690 1088 4763 secandos,
1149 4694 1340 4751 beatos
1382 4712 1535 4768 prmus
1580 4707 1779 4758 matres
1807 4719 1897 4761 re-

243 4780 597 4848 putaverant,
632 4794 786 4836 nanc
812 4784 1027 4838 mutato
1069 4785 1307 4853 cantica,
1349 4786 1564 4856 faustas
1591 4802 1706 4844 esse
1731 4792 1898 4848 steri-

246 4864 346 4935 les,
373 4871 427 4920 et
444 4866 723 4925 matribus
749 4870 923 4928 multo
950 4870 1249 4937 praedioane
1275 4873 1571 4944 feliciores.
1606 4878 1895 4939 onianus

243 4950 466 5008 interea
512 4956 799 5026 populum
845 4974 1017 5016 suum
1066 4960 1274 5019 videns
1323 4964 1557 5035 penitus
1587 4966 1892 5040 deiecisse,

241 5040 514 5113 quodque
562 5043 860 5103 residuum
911 5054 1036 5107 erat
1082 5051 1292 5124 gladiis
1320 5054 1667 5127 expositum,
1700 5064 1895 5134 strage

239 5128 431 5187 vicina
483 5135 976 5207 consumendum,
1028 5150 1226 5211 portas
1275 5144 1535 5216 praecipit
1577 5148 1688 5203 sub
1731 5150 1892 5206 omni

237 5219 532 5278 celeritate
567 5222 806 5294 aperiri,
856 5231 921 5282 ut
953 5229 1149 5301 populi
1198 5230 1472 5305 reliquias
1513 5234 1571 5291 in
1605 5239 1727 5294 tuto
1759 5254 1892 5310 per-

237 5307 493 5366 mitteret
522 5309 812 5370 collocari.
857 5315 1129 5376 Reserate
1175 5324 1364 5378 autem
1409 5322 1570 5379 aditu
1603 5327 1762 5383 tanta
1791 5342 1896 5400 per

237 5397 482 5467 pontem
516 5397 868 5471 lugientium
910 5403 1063 5463 iacta
1091 5410 1182 5464 est
1213 5409 1380 5466 turba
1410 5414 1466 5467 st
1485 5411 1799 5483 tumultus,
1830 5423 1898 5477 ut

234 5479 506 5544 hostibus
552 5485 1010 5564 insectantibus,
1056 5500 1117 5553 et
1144 5511 1262 5571 pro
1301 5496 1513 5557 timore
1551 5501 1893 5563 seinvicem

2009 4532 2139 4573 rum
2170 4524 2222 4572 et
2252 4524 2579 4589 argentum,
2612 4520 2669 4572 et
2696 4520 2883 4574 vestes
2913 4516 3196 4589 pretiosas
3223 4533 3357 4573 cum
3387 4516 3651 4590 ipsorum

2007 4605 2304 4663 funeribus
2333 4604 2404 4662 de
2432 4606 2830 4662 monumentis
2862 4605 3253 4663 extrahentes.
3288 4606 3530 4665 Factum
3562 4614 3651 4666 est

2004 4699 2223 4767 autern,
2253 4700 2314 4751 ut
2342 4693 2444 4767 qui
2474 4694 2637 4766 prius
2680 4694 2751 4750 de
2781 4711 3022 4752 numero
3054 4696 3559 4769 interemptorum,
3582 4715 3648 4755 eo

2005 4785 2159 4856 quod
2191 4787 2259 4841 de
2289 4791 2455 4840 nocte
2484 4790 2950 4841 consummatum
2982 4790 3106 4843 erat
3152 4786 3441 4859 praelium,
3474 4787 3649 4844 dubi·

2002 4878 2213 4946 tarent,
2246 4889 2348 4947 per
2387 4872 2539 4930 hanc
2581 4874 2754 4930 talem
2796 4873 3201 4933 revelationem
3243 4875 3379 4932 iacti
3427 4877 3647 4935 doctio-

2003 4980 2114 5036 res,
2148 4962 2463 5036 pleniorem
2494 4962 2566 5020 de
2586 4962 2856 5019 hesterno
2888 4963 3113 5035 negotio
3146 4962 3402 5021 laetitiam
3438 4981 3648 5025 conce-

2004 5054 2213 5127 perint.
2246 5053 2393 5110 Nam
2421 5060 2621 5126 praeler
2647 5068 2747 5109 eos
2774 5052 2874 5124 qui
2926 5052 2984 5108 in
3019 5052 3264 5110 flumine
3292 5054 3465 5112 variis
3505 5055 3650 5114 casi-

2003 5144 2113 5201 bus
2142 5142 2434 5201 submersi
2482 5146 2643 5209 sunt,
2673 5145 2731 5198 et
2765 5142 2865 5214 qui
2896 5142 2952 5199 in
2991 5142 3133 5199 urbe
3163 5143 3401 5216 sepulti,
3433 5146 3648 5218 quique

2002 5232 2286 5292 lethaliter
2313 5232 2512 5301 saucii,
2547 5234 2792 5289 mortem
2822 5231 3009 5289 adhue
3032 5233 3521 5305 praestolabantur
3541 5235 3649 5291 im-

2002 5322 2343 5389 minentem,
2376 5320 2532 5378 mille
2560 5320 2860 5393 quingenti
2892 5321 2949 5376 in
2972 5322 3251 5394 praedicto
3279 5321 3407 5380 loeo
3430 5325 3647 5397 reperti

1999 5417 2159 5472 sunt.
2211 5410 2290 5468 Ex
2335 5410 2545 5484 quibus
2578 5413 2836 5468 trecenta
2878 5409 2969 5469 vel
3017 5411 3301 5486 ampliora
3347 5413 3543 5486 capita
3570 5413 3646 5472 ad

2001 5509 2231 5577 portum
2286 5499 2615 5575 dirigentes,
2661 5507 2891 5559 nostros
2945 5500 3041 5575 qui
3088 5499 3229 5560 illuc
3259 5502 3332 5562 ab
3370 5501 3646 5562 hesterno
