3784 6000
230 224 235 229 ·
286 205 395 261 855

1395 204 1788 262 GUILLELMI
1826 203 2181 262 TYRENSIS
2220 202 2561 263 ARCHIEP.

284 346 419 386 rum
438 329 767 403 principem
792 328 1940 402 magnificumdenecessariodeclinan-
1973 331 2020 387 Α
2049 329 2180 398 rali,
2212 330 2375 387 natio
2397 329 2676 403 quiedam
2704 328 3715 404 Syriorum,inPhoeniceprovincia

288 423 388 483 tes,
409 418 831 477 honestissime
857 421 936 477 ab
957 436 1028 476 eo
1050 426 1188 475 sunt
1210 419 1493 492 suscepti,
1539 418 1618 476 ita
1642 425 1702 475 ut
1732 418 1938 491 singu-

285 507 361 565 lis
387 510 585 566 statim
607 509 774 566 daret
803 525 1058 566 munera
1075 508 1339 581 ingentia
1357 513 1413 565 et
1443 508 1664 565 victum
1688 508 1939 580 singulis

288 597 685 654 sufficientem
703 599 1056 670 assignaret,
1082 598 1306 654 Eodem
1326 613 1509 664 anno,
1527 613 1731 654 mense
1742 603 1942 667 Augu-

285 692 397 751 sto,
425 686 709 743 vicesima
732 687 989 759 septima
1009 687 1104 743 die
1125 686 1370 756 mensis,
1403 687 1781 759 pontificatus
1807 688 1938 759 ejus

281 789 444 832 anno
462 775 946 842 vicesimotertio,
966 776 1253 833 dominus
1283 776 1621 833 Alexander
1647 791 1808 849 papa
1831 781 1938 833 ter-

282 863 420 930 tius,
443 864 604 921 viam
630 864 924 923 universas
948 866 1144 923 carnis
1176 865 1486 938 ingressus
1515 870 1622 936 est,
1655 869 1713 921 et
1742 881 1803 921 m
1836 867 1936 922 Ec·

283 951 865 1011 clesiaLateranensi
893 955 1165 1027 sepultus
1192 976 1205 1021 3
1231 955 1697 1012 cuisubstitutus
1719 959 1811 1011 est
1834 954 1937 1011 do·

282 1040 486 1098 minus
545 1044 763 1100 Lucius
817 1060 980 1118 papa
1038 1045 1263 1113 tertius,
1328 1044 1433 1117 qui
1503 1049 1558 1101 et
1608 1043 1935 1108 Hubaldus,

283 1132 1938 1206 Ostiensisepiscopus,nationeTuscus,patriaLucensis,

280 1221 370 1276 vir
414 1221 777 1292 grandaevus
850 1222 1187 1280 admodum
1226 1229 1283 1280 et
1334 1223 1571 1280 modice
1630 1223 1937 1280 litteratus.

283 1308 502 1364 Eodem
547 1325 791 1384 quoque
840 1317 1127 1384 tempore,
1185 1311 1547 1370 venerabilis
1603 1311 1662 1367 in
1709 1312 1941 1369 Christo

281 1396 462 1455 frater
482 1405 701 1466 noster,
725 1400 837 1473 pioe
867 1401 931 1457 in
956 1401 1212 1458 Domino
1255 1400 1707 1471 recordationis,
1757 1400 1940 1457 domi·

284 1502 398 1543 nus
416 1487 813 1555 Raimundus,
828 1490 1104 1546 Ecclesiie
1123 1490 1576 1563 Berythensium
1594 1489 1935 1563 episcopuS,

283 1575 487 1632 idibus
500 1578 865 1650 Septembris
886 1594 957 1634 ex
983 1580 1096 1636 hac
1113 1579 1245 1635 luce
1269 1579 1612 1635 subtractus
1652 1583 1757 1644 est,
1792 1578 1940 1634 lucis

2049 418 2209 475 circa
2233 419 2382 491 juga
2415 418 2650 487 Libani,
2676 418 2849 490 juxta
2874 417 3089 475 urbem
3117 418 3506 477 Bibliensium
3543 421 3716 479 habi·

2050 511 2201 574 tans,
2231 508 2556 581 plurimam
2584 509 2741 565 circa
2763 507 3092 564 suistatum
3117 524 3305 582 passa
3320 515 3407 566 est
3430 510 3717 568 mutatio-

2048 613 2210 654 nem.
2244 597 2394 654 Nam
2420 613 2560 653 cum
2592 612 2697 668 per
2720 612 2913 655 annos
2946 612 3096 669 pene
3121 598 3487 671 quingentos
3511 600 3713 672 cujus-

2048 686 2193 743 dam
2221 685 2475 743 Maronis
2494 684 2911 742 hoeresiarchae
2929 701 3192 743 errorem
3220 686 3472 744 fuissent
3495 688 3713 755 secuti,

2046 775 2128 831 ita
2158 778 2219 830 ut
2250 772 2328 830 ab
2376 789 2447 830 eo
2494 772 2832 830 dicerentur
2874 774 3199 842 Maronitas,
3234 780 3291 832 et
3335 775 3414 832 ab
3446 775 3714 835 Ecclesia

2047 861 2317 918 fidelium
2343 862 2716 935 sequestrati,
2759 878 3033 920 seorsum
3057 869 3437 921 sacramenta
3458 865 3713 924 confice·

2048 957 2180 1008 rent
2236 966 2365 1022 sua,
2399 951 2606 1008 divina
2661 951 3051 1024 inspiratione
3102 952 3180 1009 ad
3219 969 3320 1010 cor
3365 952 3711 1024 redeuntes,

2046 1039 2337 1112 languore
2368 1041 2663 1114 deposito,
2705 1040 2783 1098 ad
2816 1041 3221 1114 patriarcham
3266 1043 3711 1103 Antiochenam

2049 1130 2434 1195 Aimericum,
2486 1131 2589 1203 qui
2639 1131 2844 1187 tertius
2905 1130 3253 1188 Latinorum
3311 1147 3475 1188 nunc
3513 1132 3712 1191 eidem

2049 1225 2262 1293 praeest
2295 1219 2586 1285 Ecclesiae,
2620 1224 3000 1276 accesserunt
3027 1239 3045 1292 3
3086 1225 3144 1277 et
3172 1220 3451 1292 abjurato
3482 1237 3708 1291 errore,

2048 1323 2172 1380 quo
2193 1308 2296 1363 diu
2320 1308 2653 1381 periculose
2679 1307 2856 1364 nimis
2882 1308 3103 1365 detenti
3131 1308 3385 1377 fuerant,
3410 1311 3490 1368 ad
3522 1312 3715 1370 unita·

2048 1401 2168 1453 tem
2200 1396 2468 1453 Ecclesioe
2492 1397 2808 1454 Catholicae
2837 1398 3060 1453 reversi
3086 1403 3248 1463 sunt,
3288 1398 3474 1456 fidem
3509 1401 3712 1458 ortho-

2050 1485 2271 1542 doxam
2295 1485 2711 1558 suscipientes,
2730 1486 2920 1558 parati
2936 1488 3222 1543 Romanas
3240 1487 3518 1545 Ecclesiae
3534 1488 3713 1546 tradi·

2048 1573 2240 1629 tiones
2266 1589 2404 1630 cum
2416 1575 2581 1631 omni
2596 1575 2976 1631 veneratione
2990 1575 3272 1648 amplecti
3288 1582 3344 1633 et
3356 1576 3708 1635 observare.

280 1671 605 1738 perpetuae,
626 1667 846 1738 praevia
862 1667 1590 1741 Domiuigratia,praemiis
1605 1668 1940 1739 perenniter
1972 1683 2018 1739 B
2050 1664 2183 1719 Erat
2212 1668 2411 1719 autem
2451 1663 2630 1734 hujus
2661 1662 2869 1736 populi
2918 1663 3094 1720 turba
3118 1679 3242 1720 non
3271 1664 3542 1734 modica,
3601 1667 3710 1724 sed

281 1755 595 1826 potiturus.
615 1756 718 1812 Cui
751 1756 1139 1828 postmodum
1162 1756 1224 1812 in
1254 1756 1466 1812 eadem
1503 1755 1763 1813 Ecclesia
1792 1757 1938 1812 sub-

282 1842 518 1900 stitutus
544 1847 634 1900 est
659 1844 745 1900 vir
764 1844 1059 1901 honestus
1086 1851 1143 1901 et
1161 1844 1451 1902 litteratus
1465 1844 1769 1915 magister,
1786 1844 1935 1912 Ode,

281 1931 557 1988 Ecclesiae
576 1937 790 1990 nostroe
817 1933 1300 1999 archidiaconus,
1333 1934 1430 1990 cui
1462 1950 1594 2000 nos,
1617 1934 1676 1990 in
1694 1934 1938 2007 jejuniis

282 2020 643 2088 Decembris,
667 2026 724 2079 et
753 2024 1072 2080 sacerdotii
1117 2023 1394 2094 gradum,
1424 2030 1480 2079 et
1511 2022 1937 2095 pontificalem,

281 2114 525 2167 auctore
554 2110 829 2177 Domino,
867 2112 1231 2169 contulimus
1252 2111 1626 2184 dignitatem.

912 2219 1136 2276 CAPUT
1166 2218 1309 2275 vlu.

280 2305 580 2364 Noradim'
603 2306 764 2378 filius
789 2307 1063 2372 moritur,
1114 2308 1353 2365 domino
1377 2308 1664 2366 Mussulae
1695 2323 1943 2366 consan-

626 2379 843 2450 9uineo
863 2395 968 2435 suo
1000 2381 1344 2437 kaereditate
1363 2381 1595 2437 rem-ta.

356 2465 467 2523 Per
478 2465 638 2522 idem
664 2473 913 2540 tempus,
934 2472 1207 2524 mortuus
1226 2467 1744 2534 estMelecshalah,
1763 2471 1943 2525 Nora-

282 2553 408 2610 dini
437 2554 615 2623 filius,
634 2555 988 2612 adolescens
1016 2556 1237 2622 adhuc,
1269 2557 1361 2614 cui
1390 2559 1459 2613 de
1489 2557 1656 2614 omni
1685 2556 1940 2613 hoeredi-

284 2646 402 2700 tate
426 2647 697 2715 paterna,
732 2643 862 2700 sola
914 2650 1220 2702 manserat
1249 2645 1520 2718 Halapia,
1568 2662 1706 2703 cum
1732 2646 1941 2719 paucis

282 2728 619 2788 admodum
643 2733 1005 2805 municipiis.
1041 2733 1138 2789 llic
1165 2735 1429 2791 moriens
1456 2739 1810 2792 testamento
1837 2750 1942 2791 no·

284 2818 529 2878 vissimo
571 2820 787 2878 dicitur
817 2820 1131 2895 Halapiam
1169 2828 1225 2880 et
1252 2838 1497 2881 omnem
1534 2823 1939 2881 haereditatem

284 2925 482 2979 suam,
504 2926 744 2981 exesse,
761 2911 822 2967 in
847 2911 1182 2985 quemdam
1206 2913 1402 2986 patrui
1441 2914 1531 2969 sui
1556 2912 1749 2969 filium
1771 2914 1941 2970 lieze-

2047 1752 2222 1824 quasi
2274 1751 2679 1824 quadraginta
2732 1752 2989 1809 millium
3051 1753 3367 1812 dicebatur
3417 1756 3709 1815 excedere

2048 1839 2467 1913 quantitatem,
2507 1841 2612 1915 qui
2664 1856 2771 1914 per
2801 1841 3180 1909 Bibliensem,
3246 1843 3619 1902 Botriensem
3651 1851 3707 1903 et

2047 1927 2476 2002 Tripolitanum
2508 1929 2912 2003 episcopatus,
2960 1931 3112 2004 juga
3140 1931 3351 1989 Libani
3390 1938 3448 1991 et
3477 1935 3703 1992 montis

2047 2016 2300 2085 devexa,
2335 2023 2397 2075 ut
2450 2018 2857 2090 praediximus,
2905 2019 3329 2079 inhabitabant
3369 2039 3385 2090 ;
3420 2029 3718 2097 erantque

2049 2106 2158 2162 viri
2211 2107 2390 2163 fortes
2415 2113 2471 2164 et
2516 2108 2578 2163 in
2604 2108 2792 2165 armis
2825 2109 3070 2178 strenui,
3100 2110 3340 2179 nostris,
3373 2113 3435 2170 in
3469 2112 3714 2186 majori·

2050 2194 2167 2252 bus
2198 2197 2450 2268 negotiis
2478 2212 2613 2272 quae
2635 2213 2773 2254 cum
2799 2198 3071 2255 hostibus
3100 2199 3410 2258 habebant
3438 2201 3712 2276 frequen·

2051 2284 2302 2352 tissime,
2323 2285 2493 2342 valde
2518 2285 2691 2342 utiles
2710 2302 2724 2353 ;
2746 2286 2903 2343 unde
2923 2287 3068 2344 etde
3089 2303 3296 2346 eorum
3319 2291 3711 2349 conversione

2052 2373 2126 2429 ad
2159 2372 2296 2430 fidei
2324 2374 2747 2442 sinceritatem,
2781 2377 3045 2432 maxima
3061 2377 3281 2434 nostris
3301 2379 3558 2437 accessit
3575 2379 3710 2437 laeti·

2051 2461 2153 2518 tia.
2183 2463 2436 2520 Maronis
2463 2469 2665 2521 autem
2693 2480 2857 2521 error
2883 2469 2940 2522 et
2967 2467 3319 2539 sequacium
3352 2466 3507 2540 ejus,
3538 2475 3631 2526 est
3657 2474 3710 2529 et

2052 2549 2182 2617 fuit,
2214 2551 2368 2608 sicut
2395 2556 2451 2608 et
2478 2559 2646 2609 sexta
2671 2551 2909 2625 synodo
2928 2553 3162 2627 legitur,
3195 2571 3332 2629 quas
3366 2561 3582 2615 contra
3608 2573 3706 2614 eos

2051 2638 2300 2697 collecta
2315 2655 2445 2698 esse
2462 2642 2833 2713 dignoscitur
2848 2647 2904 2699 et
2929 2643 2990 2698 in
3007 2658 3129 2715 qua
3145 2643 3561 2704 damnationis
3584 2663 3708 2704 sen·

2051 2730 2296 2785 tentiam
2320 2729 2689 2802 pertulerunt
2714 2747 2729 2798 ;
2769 2731 2934 2803 quod
2960 2732 3021 2788 in
3053 2733 3305 2790 Domino
3336 2740 3550 2794 nostro
3575 2736 3704 2793 «lesu

2052 2816 2282 2874 Christo
2305 2833 2426 2876 una
2455 2824 2685 2876 tantum
2717 2821 2886 2888 sit,et
2911 2820 3084 2879 fuerit
3104 2821 3385 2892 abinitio,
3418 2828 3478 2881 et
3502 2826 3703 2882 volun·

2050 2911 2139 2962 tas
2170 2911 2224 2962 et
2254 2909 2546 2978 operatio.
2574 2908 2677 2965 Cui
2724 2909 2973 2967 articulo
3004 2909 3080 2968 ab
3100 2912 3578 2971 orthodoxorum
3603 2914 3702 2971 Ec·

282 2999 388 3058 din
431 3003 698 3069 nomine,
731 2999 924 3058 filium
975 3002 1262 3060 Thebuth.
1318 3003 1590 3061 nusguloe
1621 3002 1938 3061 dominum
1974 3037 2016 3095 C
2048 2993 2230 3053 clesia
2252 2997 2599 3070 reprobato,
2620 2997 2935 3056 multaalia
2953 2999 3293 3072 perniciosa
3317 3003 3526 3072 nimis,
3553 3008 3704 3077 post·

283 3089 626 3148 contulisse.
677 3093 806 3158 Quo
845 3090 1148 3161 defuncto,
1181 3092 1480 3166 principes
1507 3093 1656 3165 eJus,
1698 3093 1939 3150 nuntios

282 3178 362 3236 ad
391 3178 746 3252 praedictum
774 3179 1092 3237 dominum
1110 3180 1406 3248 Mussuloe,
1439 3181 1724 3238 illustrem
1742 3186 1939 3238 etma-

281 3267 570 3339 gniticum
589 3270 914 3326 Turcorum
931 3274 1260 3342 satrapam,
1292 3270 1568 3342 dirigunt,
1601 3275 1937 3339 monentes,

282 3362 348 3413 ut
376 3372 498 3413 non
528 3355 762 3415 differat
787 3373 924 3415 cum
957 3358 1125 3416 omni
1152 3359 1445 3417 celeritate
1464 3359 1541 3416 ad
1569 3375 1673 3418 eos
1700 3358 1938 3428 venire3

281 3445 409 3520 qui,
435 3450 715 3518 suscepta
752 3445 1072 3518 legatione,
1120 3447 1372 3504 festinus
1412 3446 1763 3521 adveniens,
1821 3449 1941 3506 avi-

283 3540 343 3593 ta
389 3535 551 3593 bona
600 3541 658 3592 et
711 3535 826 3593 sibi
878 3537 1013 3608 jure
1058 3535 1435 3595 haereditario
1492 3537 1696 3595 debita
1743 3555 1939 3598 susce·

280 3623 389 3697 pit,
434 3624 693 3682 utimens
732 3640 806 3683 ne
836 3625 1264 3696 salahadinus,
1306 3627 1411 3698 qui
1451 3627 1805 3698 proedictum
1835 3644 1937 3701 pa·

282 3711 531 3771 truelem
586 3730 785 3782 suum,
853 3730 926 3772 ex
982 3720 1151 3787 parte
1203 3714 1462 3789 plurima
1523 3717 1938 3774 exhoeredave·

279 3809 389 3871 rat,
419 3803 498 3859 ab
527 3804 786 3876 AEgypto
816 3804 1073 3872 rediens,
1107 3805 1262 3862 hanc
1291 3806 1472 3863 etiam
1495 3806 1705 3863 urbem
1734 3808 1935 3865 invitis

288 3892 518 3950 civibus
558 3893 843 3951 violenter
879 3899 1234 3968 occuparet;
1273 3896 1600 3968 praesertim
1637 3912 1776 3953 cum
1809 3898 1939 3970 qui-

279 3980 424 4039 dam
454 3982 529 4038 de
569 3983 925 4056 majoribus,
962 3983 1269 4041 occultum
1294 3986 1345 4041 ei
1396 3989 1747 4057 praestarent
1777 3985 1938 4043 favo·

280 4084 430 4127 rem.
458 4070 864 4128 salahadinus
894 4087 1056 4136 vero,
1078 4073 1410 4144 composita
1443 4088 1629 4145 usque
1660 4072 1738 4129 ad
1768 4089 1932 4130 com-

280 4157 509 4230 pletum
561 4158 872 4215 biennium
933 4159 1248 4217 nobiscum
1298 4176 1445 4232 pace
1497 4161 1830 4235 temporali,
1870 4164 1934 4219 in

277 4245 604 4319 AEgyptum
643 4247 1051 4314 descenderat,
1095 4253 1157 4304 ut
1198 4264 1309 4305 sua
1345 4249 1570 4306 ibidem
1602 4250 1931 4307 studiosius

275 4337 627 4404 procuraret
647 4334 909 4406 negotia.
932 4336 1156 4393 Anxius
1182 4338 1342 4393 enim
1368 4337 1697 4409 plurimum
1720 4339 1930 4396 sollici-

277 4420 535 4490 tabatur,
585 4438 657 4479 eo
702 4423 861 4496 quod
893 4423 1164 4481 audierat
1211 4424 1466 4482 classem
1518 4427 1673 4498 regis
1721 4428 1924 4497 Siculi,
1960 4406 2006 4461 D

272 4525 412 4567 cum
443 4511 666 4583 ingenti
697 4519 992 4585 apparatu
1024 4516 1082 4569 et
1136 4513 1385 4571 infinitis
1433 4515 1621 4587 copiis
1650 4515 1711 4571 in
1759 4532 1928 4574 mare

272 4598 678 4667 descendisse,
711 4607 767 4658 et
792 4602 871 4658 ad
909 4608 1110 4675 partes
1123 4604 1429 4676 AEgyptias
1443 4604 1805 4677 properandi
1820 4605 1930 4663 ha-

269 4687 409 4746 bere
429 4691 831 4764 propositum.
849 4690 1231 4764 superfluam
1258 4696 1458 4750 autem
1489 4708 1668 4765 super
1689 4709 1760 4750 eo
1785 4695 1929 4752 arti-

267 4778 402 4837 culo
421 4786 778 4853 conceperat
798 4780 1179 4839 formidinem
1212 4797 1229 4849 ;
1259 4798 1403 4839 nam
1418 4783 1924 4856 proedictaclassis

266 4866 329 4925 in
359 4870 739 4927 Occidentem
779 4870 886 4927 iter
917 4869 1188 4943 arripuit,
1240 4870 1321 4929 ad
1349 4872 1624 4928 Baleares
1670 4873 1920 4942 insulas,

265 4957 562 5030 Hispanias
580 4958 991 5015 conterminas
1004 4958 1282 5026 citeriori,
1298 4976 1558 5033 quarum
1580 4961 1767 5019 altera
1793 4962 1925 5019 vul-

261 5044 392 5116 gari
435 5045 838 5118 appellatione
878 5048 1181 5119 Maj0rica,
1225 5048 1413 5105 altera
1461 5064 1604 5106 vero
1634 5050 1921 5108 Minorica

257 5132 492 5203 dicitur,
519 5135 890 5192 contendens
922 5152 938 5203 ;
991 5136 1091 5194 ubi
1144 5135 1409 5194 infausta
1439 5137 1823 5207 navigatione
1865 5145 1919 5195 et

258 5223 511 5279 sinistris
542 5229 675 5280 acta
697 5222 963 5292 flatibus,
993 5229 1115 5282 tota
1148 5241 1298 5297 pene
1349 5226 1599 5299 deperiit
1629 5228 1789 5285 circa
1808 5232 1918 5285 Sa-

253 5326 433 5369 cuam
463 5311 909 5384 Albenguenam
933 5329 952 5379 ;
985 5320 1040 5369 et
1071 5313 1274 5384 viginti
1300 5314 1672 5372 miliiaurbes
1694 5317 1891 5374 mariti

253 5414 407 5467 mas,
442 5401 588 5458 t'reto
615 5403 1071 5471 intumescente,
1109 5403 1409 5460 littoribus
1439 5403 1634 5461 allisa.
1660 5408 1909 5473 luterea,

255 5485 404 5548 dum
416 5502 671 5561 regnum
685 5505 854 5564 pace,
872 5496 935 5548 ut
945 5492 1360 5564 praediximus,
1374 5492 1666 5565 gauderet
1680 5500 1911 5568 tempo·

2047 3101 2235 3159 quam
2262 3102 2298 3143 a
2330 3093 2487 3145 coetu
2513 3086 2783 3145 fidelium
2799 3090 3093 3160 segregati
3125 3097 3283 3159 sunt,
3315 3092 3665 3165 adjecerunt
3681 3112 3699 3167 3

2049 3188 2230 3246 super
2266 3175 2491 3249 quibus
2520 3177 3384 3252 omnibusductipoenitudine,
3420 3183 3704 3241 adEccle-

2051 3264 2227 3331 siam,
2251 3270 2315 3321 ut
2360 3265 2763 3337 praediximus,
2796 3267 3101 3325 redierunt
3131 3269 3524 3342 catholicam,
3588 3288 3702 3330 una

2048 3368 2188 3410 cum
2219 3354 2557 3426 patriarcha
2581 3372 2691 3412 suo
2708 3361 2764 3412 et
2791 3356 3093 3430 episcopis
3119 3359 3449 3427 nonnullis,
3470 3363 3576 3435 qui
3604 3378 3702 3420 eos

2048 3442 2198 3499 sicut
2221 3443 2387 3515 prius
2408 3443 2471 3499 in
2494 3444 2796 3518 impietate
2816 3453 3270 3518 praecesserant,
3298 3448 3382 3507 ita
3393 3449 3475 3507 ad
3494 3452 3704 3509 verita·

2049 3535 2166 3588 tem
2195 3531 2609 3601 redeuntibus»,
2643 3534 2811 3607 pium
2842 3535 3131 3593 ducatum
3167 3539 3597 3610 praestiterunt.

2691 3641 2919 3699 CAPUT
2959 3642 3024 3700 lx
3037 3686 3051 3700 .

2046 3734 2411 3809 Inter-reyem
2423 3744 2478 3795 et
2496 3739 2926 3809 Tripolitanum
2940 3740 3206 3799 comitem
3216 3742 3495 3802 simultas
3505 3745 3704 3803 on‘tur

2114 3810 2530 3878 periculosa,ee
2545 3825 2726 3883 usque
2734 3812 2819 3868 ad
2827 3812 3023 3869 odium
3034 3815 3698 3886 manifestumprocedit.

2118 3897 2296 3954 Porro
2325 3898 2473 3954 dum
2502 3898 2583 3956 ita
2619 3914 2896 3970 regnum,
2925 3902 3418 3974 utpraediximus,
3444 3920 3599 3977 pace
3623 3905 3700 3964 ad

2047 3990 2283 4059 tempus
2299 3986 2451 4043 inter
2461 3987 2775 4044 dominum
2787 4004 2991 4060 regem
3004 3994 3061 4047 et
3075 3989 3511 4050 Salahadinum
3531 3996 3696 4064 inita,

2044 4076 2313 4148 quadam
2336 4075 2755 4149 tranquillitate
2778 4077 3086 4150 frueretur,
3111 4095 3234 4137 non
3255 4079 3698 4142 derueruntfilii

2044 4163 2222 4221 Belial
2244 4169 2301 4221 et
2330 4164 2650 4238 impietatis
2682 4165 2932 4236 alumni,
2958 4168 3063 4242 qui
3091 4168 3372 4240 spiritum
3402 4171 3699 4230 habentes

2039 4251 2393 4325 inquietum,
2427 4254 2635 4310 turbas
2662 4255 2722 4311 in
2749 4270 2936 4327 regno
2967 4263 3276 4315 moverent
3313 4265 3371 4317 et
3411 4260 3584 4320 mala.
3619 4261 3700 4319 in·

2041 4341 2252 4399 testina
2273 4342 2637 4399 molirentur.
2672 4345 2816 4400 Cum
2847 4346 3025 4402 etiam
3049 4362 3251 4404 comes
3269 4348 3696 4422 Tripolitanos.

2036 4430 2209 4503 quasi
2239 4445 2346 4502 per
2366 4431 2719 4490 continuum
2732 4432 3045 4491 biennium
3058 4436 3216 4492 circa
3226 4441 3426 4509 partes
3444 4439 3698 4514 Tripoli·

2037 4524 2209 4576 tanas
2224 4519 2656 4591 multiplicitate
2685 4523 3063 4594 negotiorum
3081 4524 3427 4598 impeditus,
3454 4543 3693 4587 moram

2037 4622 2244 4679 agens,
2278 4609 2339 4664 in
2371 4623 2621 4679 regnum
2649 4626 2772 4667 nou
2802 4612 3092 4683 potuisset
3109 4616 3457 4684 ascendere,
3475 4618 3696 4676 accidit

2035 4696 2197 4770 quod
2210 4697 2494 4754 invitante
2515 4698 2931 4769 sollicitudine,
2945 4717 3132 4774 quam
3149 4717 3257 4776 pro
3277 4704 3427 4762 urbe
3446 4707 3695 4779 gerebat

2034 4784 2472 4852 Tiberiadense,
2488 4802 2623 4860 quae
2651 4790 2850 4845 uxoris
2867 4796 2993 4847 erat
3010 4790 3349 4859 hoereditas,
3364 4792 3570 4853 redire
3579 4796 3694 4853 die-

2033 4874 2234 4945 posuit
2261 4891 2277 4941 ;
2313 4891 2574 4948 cumque
2614 4893 2857 4934 omnem
2905 4878 2985 4935 ad
3030 4880 3140 4937 iter
3188 4883 3690 4956 prosequendum

2031 4962 2265 5019 fecisset
2279 4971 2662 5037 apparatum,
2677 4972 2733 5023 et
2744 4971 2875 5039 jam
2888 4984 3081 5042 usque
3095 4968 3352 5028 Biblium
3384 4973 3690 5045 pervenie-

2030 5057 2136 5116 set,
2166 5053 2437 5125 proedieti
2466 5054 2571 5111 viri
2615 5071 2875 5130 nequam
2904 5073 3106 5129 regem
3137 5060 3316 5116 nimis
3345 5061 3689 5135 simplicem

2028 5139 2291 5212 maligna
2305 5145 2687 5213 suggestione
2700 5147 3684 5221 circumvenerunt,persuadentes,

2026 5230 2377 5302 proedictum
2399 5232 2680 5290 comitem
2712 5235 2953 5293 sinistra
2980 5237 3304 5295 intentione
3331 5238 3397 5296 in
3425 5255 3685 5313 regnum

2025 5318 2166 5375 velle
2213 5320 2475 5390 introire,
2522 5328 2581 5379 ut
2612 5323 2686 5379 de
2727 5324 2858 5396 ejus
2888 5326 3378 5399 supplantatione
3407 5333 3686 5390 tractaret

2022 5407 2282 5476 occulte;
2317 5410 2476 5467 unde
2497 5411 2847 5481 factumest,
2865 5415 3025 5488 quod
3052 5430 3262 5474 eorum
3286 5417 3494 5476 verbis
3513 5420 3685 5478 sedu-

2024 5497 2245 5567 ctoriis,
2276 5514 2381 5557 rex
2409 5516 2619 5559 aurem
2632 5502 2808 5560 nimis
2820 5503 3131 5564 credulam
3161 5506 3470 5579 praebens,
3498 5509 3684 5571 misae
