3784 6000
113 250 231 312 m

1050 254 1250 317 msT.
1297 255 1577 320 RERUM
1621 254 2166 319 TRANSMARIN.
2214 289 2291 302 --
2330 253 2481 316 LIB.
2527 253 2602 315 V.

3405 243 3525 308 350

107 382 530 456 expergefacti,
559 384 814 457 primum
855 385 1121 444 dubitant
1171 387 1452 460 quidnam
1493 388 1604 446 sibi
1634 388 1773 446 velit
1801 390 1853 457 Α
1883 390 1985 463 qui
2006 392 2258 463 stragem
2280 390 2565 453 evaserat,
2585 386 2643 443 in
2668 384 3003 459 praesidium
3027 382 3297 441 certatim
3310 396 3370 437 se
3391 395 3520 436 con·

109 472 339 530 clamor
397 472 511 528 iste
587 472 899 546 insolitus3
966 477 1176 532 deinde
1219 478 1482 535 videntes
1540 478 1768 535 discur-

109 577 212 617 sus
241 577 354 634 per
387 562 597 618 urbem
619 563 993 622 loricatorum
1017 565 1275 624 insuetos
1295 571 1619 640 etstragem
1641 584 1769 640 quae

111 651 339 723 passim
373 668 479 725 per
507 652 663 711 vicos
695 655 870 712 tiebat
899 661 955 711 et
995 655 1239 728 plateas,
1271 674 1392 713 rem
1427 662 1594 729 prout
1624 661 1767 724 erat,

111 740 384 798 arbitrati
416 750 574 800 sunt.
618 743 852 800 Relictis
883 760 1018 815 ergo
1048 745 1341 815 domibus,
1388 762 1516 803 cum
1573 747 1772 803 uxori-

112 830 224 888 bus
253 835 315 888 et
341 829 548 888 liberis
578 832 883 890 tentabant
912 834 1163 908 effugere
1188 854 1204 903 ς
1229 837 1489 909 dumque
1513 840 1769 892 armato-

113 936 246 978 rum
275 920 582 980 declinant
608 923 785 990 acies,
815 922 1060 981 latebras
1092 929 1419 997 quaerentes
1454 930 1512 982 et
1559 925 1770 982 salutis

109 1010 292 1079 viam,
326 1010 569 1067 attoniti
618 1012 758 1084 quid
807 1012 1042 1083 iaciant,
1093 1014 1332 1072 armatis
1388 1030 1451 1071 se
1498 1013 1772 1089 ingerunt

111 1099 544 1172 imprudenter.
579 1101 688 1169 Qui
719 1106 914 1158 autem
964 1107 1130 1159 erant
1187 1103 1351 1160 urbis
1390 1103 1770 1174 habitatores,

113 1189 268 1262 Syri,
321 1189 590 1247 Armenii
632 1195 692 1252 et
747 1190 993 1249 aliarum
1025 1194 1330 1250 nationum
1363 1191 1583 1266 fideles,
1614 1193 1675 1250 hi
1701 1194 1772 1250 de

113 1281 327 1336 eventu
390 1280 494 1352 qui
552 1280 843 1336 acciderat
894 1280 1366 1353 congratulantes
1425 1281 1767 1354 plurimum,

113 1366 404 1440 correptis
432 1366 633 1435 armis,
678 1372 1015 1425 nostrorum
1064 1386 1127 1426 se
1178 1371 1570 1442 adjungebant
1613 1372 1769 1428 coeti-

115 1456 264 1525 bus;
295 1459 361 1513 et
387 1455 560 1514 sicuti
580 1457 860 1527 majorem
886 1457 1178 1515 habebant
1200 1457 1455 1517 locorum
1476 1460 1772 1533 peritiam,

118 1546 196 1603 ita
221 1545 381 1603 alios
408 1550 543 1619 post
580 1562 645 1604 se
684 1546 981 1605 trahentes
1028 1549 1190 1605 urbis
1247 1549 1532 1606 docebant
1582 1551 1772 1609 diver-

118 1634 339 1704 ticula;
371 1641 430 1693 et
459 1639 676 1709 portas,
711 1636 763 1694 si
791 1653 920 1708 quas
950 1637 1139 1695 adhuc
1169 1637 1379 1695 clausas
1403 1640 1768 1710 tenebantur,

121 1724 493 1783 obtruncatis
549 1740 750 1782 eorum
814 1726 1176 1795 custodibus,
1245 1729 1555 1786 confractis
1621 1730 1769 1787 seris
1799 1755 1847 1823 B

119 1814 476 1888 aperientes,
501 1813 793 1885 reliquum
826 1814 1116 1872 exercitus
1147 1816 1642 1875 intromittebant.
1669 1819 1767 1874 vi-

125 1904 380 1962 debatur
406 1903 491 1960 eis
519 1903 645 1961 hnc
672 1920 708 1959 a
760 1904 1007 1962 Domino
1049 1922 1257 1978 egresa
1300 1906 1661 1977 vicissitudo,
1707 1914 1770 1964 ut

121 1995 216 2069 qui
273 1993 532 2054 canibus
586 1994 934 2063 immundis,
992 1996 1261 2055 indebitas
1291 1997 1583 2056 servitutis
1622 1999 1769 2072 jugo

117 2084 373 2156 subjecti
408 2084 663 2155 ineunt,
692 2085 948 2157 augariis
976 2090 1035 2144 et
1064 2086 1421 2159 parangariis
1454 2094 1508 2144 et
1546 2090 1772 2146 crucia·

118 2172 274 2230 tibus
327 2171 868 2232 immisericorditer
914 2175 1157 2247 fatigati,
1207 2192 1365 2233 nunc
1412 2193 1581 2235 versa
1627 2177 1771 2248 vice,

118 2261 560 2334 equipolleutes
589 2263 966 2322 retunderent
986 2265 1333 2336 calumnias,
1358 2273 1419 2323 ut
1452 2266 1537 2325 eis
1560 2284 1772 2341 procu·

119 2355 316 2411 rarent
346 2353 668 2410 interitum.
703 2356 773 2411 Et
806 2356 930 2427 J‘am
964 2357 1272 2415 universus
1303 2361 1637 2416 nostrorum
1679 2361 1775 2415 in-

117 2443 433 2500 troductus
461 2447 584 2500 erat
608 2444 894 2502 exercitus
919 2463 934 2516 ;
957 2447 1081 2519 jam
1115 2447 1294 2504 libere
1322 2452 1517 2519 portas
1548 2452 1776 2505 turres-

122 2548 234 2605 que
256 2531 377 2589 sibi
413 2532 865 2607 vindicaverant,
893 2538 949 2593 et
986 2535 1236 2605 moenia3
1276 2537 1401 2608 jam
1439 2537 1770 2611 principum

128 2620 370 2692 vexilla,
403 2630 458 2679 et
505 2624 779 2681 omnibus
829 2632 967 2682 nota
1020 2624 1081 2682 in
1136 2624 1282 2683 locis
1328 2625 1776 2685 sublimioribus

130 2712 458 2769 constituta
488 2711 760 2784 insignia,
790 2712 1042 2772 victortae
1081 2715 1302 2772 dabant
1341 2722 1773 2789 argumentum.

125 2802 307 2858 Erant
336 2816 476 2875 ergo
506 2800 723 2876 ubique
750 2806 1000 2876 strages,
1034 2804 1250 2877 ubique
1294 2803 1510 2877 luctus,
1560 2805 1777 2877 ubique

123 2886 443 2945 mulierum
462 2889 752 2962 ejulatus3
776 2896 852 2958 et,
877 2891 1195 2950 interfectis
1216 2892 1482 2965 patribus
1501 2893 1776 2962 familias,

122 2978 354 3053 passim
388 2979 849 3039 obtruncabatur
887 2982 1143 3054 familia;
1174 2990 1247 3052 et,
1293 2983 1544 3042 effractis
1584 2983 1777 3042 domi·

121 3069 260 3138 bus,
292 3085 435 3126 vasa
456 3069 886 3143 diripiebantur
908 3091 923 3144 ;
948 3077 1023 3141 et,
1057 3073 1329 3131 universa
1356 3074 1593 3131 illarum
1636 3074 1775 3131 sub·

1881 480 2121 545 ferebat,
2153 478 2369 535 timens
2400 493 2471 534 ne
2515 475 2882 534 Christianus
2922 474 3206 531 exercitus
3246 470 3386 526 illuc
3428 484 3526 524 eos

1879 584 2254 640 prosequens,
2286 567 2615 640 presidium
2639 564 2810 620 vellet
2830 563 3134 619 obsidione
3156 559 3391 622 vallare,
3429 573 3525 614 so·

1879 656 1971 713 lus
1999 658 2216 728 absque
2242 656 2447 713 comite
2479 672 2580 728 per
2624 654 2907 726 posticum
2955 666 3250 724 egressus,
3294 662 3522 716 amens,

1877 745 2006 802 vito
2029 749 2220 801 tamen
2243 749 2299 800 et
2319 743 2519 801 salutis
2552 759 2818 815 quaerens
2857 739 3285 811 compendium,
3327 736 3523 807 rugam

1878 834 2008 891 iniit
2035 860 2048 904 ;
2082 836 2341 907 dumque
2362 833 2520 890 solus
2538 849 2648 905 prae
2671 831 2886 887 doloris
2908 828 3192 901 angustia,
3217 826 3344 882 sine
3364 827 3519 881 certo

1878 923 2466 997 propositoerrabund
2479 939 2544 978 us
2557 927 2881 992 vagaretur,
2904 935 3041 976 casu
3065 917 3268 975 babuit
3287 913 3520 971 obviam

1878 1015 2163 1086 quosdam
2187 1012 2513 1075 Armenios,
2548 1011 2643 1085 qui
2681 1011 2877 1066 statim
2915 1025 3043 1065 eum
3077 1007 3518 1079 cognoscentes,

1879 1102 2447 1174 accesserunt,quasi
2481 1101 2713 1157 solitam
2747 1097 3062 1156 exhibituri
3108 1092 3519 1160 reverentiam3

1880 1194 2138 1265 dumque
2154 1192 2271 1262 ille,
2293 1190 2464 1264 quasi
2483 1195 2641 1248 extra
2668 1206 2730 1246 se
2767 1188 2975 1255 factus,
3001 1186 3105 1243 hos
3127 1200 3338 1259 passus
3368 1185 3523 1237 esset

1878 1284 1949 1338 ad
1983 1299 2044 1340 se
2066 1282 2383 1353 pervenire,
2417 1282 2834 1353 cognoscentes
2862 1292 2929 1333 ex
2959 1292 3024 1333 eo
3056 1274 3211 1348 quod
3246 1271 3406 1329 solus
3436 1270 3520 1326 ita

1877 1374 2179 1445 aufugerat
2214 1371 2416 1427 urbem
2471 1385 2599 1426 esse
2631 1367 2938 1435 devictam,
2967 1363 3250 1420 violenter
3277 1376 3412 1418 eum
3446 1360 3519 1416 ad

1879 1468 2094 1520 terram
2119 1461 2492 1533 dejecerunt;
2524 1463 2581 1515 et
2599 1459 2799 1516 educto
2820 1455 3081 1527 ejusdem
3115 1451 3329 1524 gladio,
3346 1451 3523 1521 caput

1876 1553 1931 1610 ei
1961 1551 2358 1624 praecidentes,
2409 1549 2468 1605 in
2519 1548 2718 1605 urbem
2770 1544 3109 1613 intulerant,
3140 1555 3340 1599 coram
3383 1537 3523 1595 uui-

1876 1659 2044 1700 verso
2076 1640 2289 1714 populo
2317 1640 2461 1696 illud
2488 1637 2851 1712 principibus
2872 1632 3393 1693 offerentes.Erant
3422 1644 3523 1685 au·

1877 1739 1990 1788 tem
2014 1731 2073 1788 in
2094 1730 2323 1786 civitate
2344 1730 2587 1803 quidam
2618 1727 2868 1793 nobiles,
2902 1723 3000 1797 qui
3026 1723 3096 1779 de
3127 1722 3364 1778 remotis
3393 1733 3525 1791 pur-

1878 1820 2038 1878 tibus
2065 1820 2135 1876 ad
2149 1819 2663 1889 Antiochenorum‚
2691 1817 2880 1889 grstia
2904 1812 3235 1871 exercendas
3269 1808 3523 1876 virtutis,

1880 1913 2155 1967 venerant
2179 1909 2549 1966 subsidium:
2594 1907 2652 1963 hi
2704 1905 2964 1964 locorum
3024 1900 3234 1974 ignari,
3295 1897 3523 1970 cognito

1880 1999 2035 2071 quod
2066 1998 2265 2055 civitas
2290 1998 2349 2055 in
2382 2006 2711 2053 nostrorum
2735 1996 3037 2051 devenerat
3065 1990 3372 2056 ditionem,
3408 1987 3525 2041 du-

1880 2089 1961 2146 bii
1993 2090 2126 2162 quid
2163 2090 2415 2145 facerent
2435 2090 2493 2144 et
2522 2102 2622 2157 pro
2652 2084 2772 2141 vita
2799 2082 3056 2148 solliciti,
3093 2081 3151 2136 in
3186 2076 3523 2152 praesidium

1879 2177 2150 2249 superius
2206 2193 2269 2233 se
2325 2177 2576 2247 recipere
2605 2176 3014 2240 decreverant;
3072 2171 3336 2242 dumque
3386 2168 3527 2226 illuc

1880 2271 2003 2325 tota
2032 2269 2401 2340 properarent
2437 2265 2784 2334 intentione,
2817 2278 2954 2319 casu
2986 2260 3199 2319 accidit
3223 2259 3376 2332 quod
3419 2273 3526 2315 no·

1882 2360 2092 2413 strosa
2124 2361 2285 2429 parte
2317 2353 2605 2428 superiori
2650 2353 2926 2410 habentes
2972 2350 3222 2419 obviam,
3277 2352 3335 2404 et
3379 2346 3529 2404 inter

1884 2446 2144 2503 locorum
2177 2445 2482 2518 intercepti
2513 2443 2839 2518 angustias,
2871 2441 2953 2496 ita
3007 2443 3072 2495 ut
3105 2453 3291 2511 neque
3316 2450 3528 2494 ascen-

1882 2534 2042 2603 dere,
2062 2551 2249 2608 neque
2265 2534 2635 2603 descendere,
2658 2536 2893 2603 propter
2908 2528 3128 2586 montis
3140 2525 3527 2583 devexitatem

1884 2623 2105 2690 liceret,
2136 2622 2489 2679 instantibus
2522 2620 2741 2678 nostris
2768 2620 3038 2690 desuper,
3071 2616 3211 2672 dum
3260 2628 3530 2686 quocun-

1887 2728 2002 2785 que
2034 2711 2203 2768 modo
2234 2711 2432 2784 sugere
2476 2709 2768 2776 nituntur,
2820 2704 3164 2781 precipitati
3207 2706 3348 2761 sunt
3391 2717 3528 2759 cum

1887 2801 2055 2873 equis
2096 2810 2149 2858 et
2188 2801 2388 2869 armis,
2422 2800 2638 2873 quibus
2677 2802 2845 2855 erant
2867 2794 3148 2868 insigniti,
3197 2793 3365 2865 quasi
3421 2800 3529 2850 tre-

1887 2890 2078 2960 centi;
2112 2890 2234 2964 qui,
2266 2890 2574 2948 confractis
2621 2886 2945 2945 cervicibus
2993 2888 3050 2942 et
3080 2881 3359 2940 membris
3390 2897 3527 2939 con·

1887 2981 2061 3051 tritis,
2105 2981 2194 3038 vix
2241 2980 2311 3038 de
2350 2979 2560 3053 seipsis
2599 2978 2962 3051 reliquerunt
3012 2973 3270 3047 aliquam
3308 2987 3528 3030 memo·

1889 3070 2056 3126 riam.
2088 3069 2196 3135 Qui
2223 3073 2416 3125 autem
2449 3072 2552 3125 aut
2575 3069 2646 3124 de
2676 3066 2820 3123 urbe
2848 3071 2947 3121 aut
2976 3065 3046 3120 de
3076 3064 3373 3133 adjacente
3395 3077 3529 3133 pro-

122 3157 352 3215 stantis
409 3158 502 3216 his
557 3159 654 3232 qui
712 3159 886 3234 primi
925 3162 1294 3235 accedebant,
1353 3142 2073 3221 concedebatuerincia
2116 3160 2379 3217 locorum
2438 3158 2717 3217 habentes
2772 3155 3062 3228 peritiam,
3119 3152 3335 3210 inventi
3393 3156 3533 3207 sunt

127 3249 202 3304 ad
237 3248 515 3320 praedam.
548 3247 969 3308 Discurrebant
1016 3251 1262 3310 victores
1310 3270 1414 3326 per
1460 3253 1587 3310 loca
1615 3253 1778 3325 prius

123 3337 434 3394 inaccessa
466 3356 484 3409 ;
513 3342 590 3406 et,
614 3338 783 3396 tracti
806 3340 978 3398 caedis
1002 3342 1274 3413 cupidine
1295 3350 1351 3399 et
1376 3342 1524 3402 lucri
1557 3342 1782 3400 deside-

127 3426 533 3494 rio,necsexui
558 3432 822 3499 parcunt,
845 3445 951 3486 nec
985 3430 1304 3487 conditioni
1330 3452 1345 3501 ;
1370 3431 1554 3488 astatis
1602 3431 1777 3488 etiam

124 3515 282 3588 apud
305 3530 407 3573 eos
435 3513 599 3573 nulla
628 3521 754 3574 erat
775 3517 1122 3576 differentia.
1155 3520 1540 3578 Occurrentes
1581 3523 1778 3577 autem

125 3602 242 3660 sibi
279 3617 386 3677 per
437 3603 596 3661 vicos
633 3609 691 3661 et
744 3605 971 3677 plateas
1019 3607 1287 3677 civitatis,
1330 3615 1598 3681 quaerunt
1644 3607 1781 3664 dili·

127 3695 363 3766 gentius
391 3692 492 3749 ubi
515 3697 818 3765 potentum
850 3696 970 3753 sint
999 3696 1298 3754 domicilia
1326 3705 1378 3754 et
1409 3698 1509 3754 ubi
1552 3696 1781 3755 habita·

127 3785 336 3837 verant
352 3780 757 3854 locupletiores
781 3807 796 3852 ;
823 3783 1080 3857 illucque
1109 3785 1333 3857 Junctis
1367 3790 1779 3844 concurrentes

127 3869 492 3944 agminibus,
525 3872 962 3946 interfectisque
1001 3875 1360 3945 domesticis,
1408 3875 1780 3948 effringentes

131 3958 481 4032 penetralia,
503 3960 786 4018 nobilium
821 3962 1056 4034 liberos,
1082 3968 1298 4022 matres
1333 3980 1567 4038 quoque
1605 3965 1778 4022 sami-

131 4047 245 4105 lias
264 4047 480 4122 gladiis
498 4051 1059 4124 transverberantes,
1092 4053 1303 4110 domus
1331 4054 1778 4127 supellectilem,

130 4152 364 4206 aurum,
398 4143 726 4210 argeutum,
774 4143 833 4197 et
860 4144 1054 4200 vestes
1102 4143 1386 4215 pretiosas
1423 4159 1595 4217 aequa
1625 4150 1781 4201 sorte

125 4226 377 4284 invicem
410 4229 743 4301 partientes.
767 4230 927 4288 Caesa
955 4232 1140 4290 luisse
1169 4233 1441 4289 dicuntur
1469 4249 1534 4289 ea
1583 4232 1676 4290 die
1706 4234 1779 4290 de

122 4316 343 4374 civium
375 4331 613 4376 numero
646 4317 778 4391 plus
808 4336 984 4392 quam
1017 4321 1218 4379 decem
1273 4320 1480 4387 millia,
1532 4338 1778 4394 quorum

125 4420 376 4477 corpora
405 4407 626 4480 passim
659 4411 716 4466 et
775 4409 899 4467 sine
943 4410 1167 4467 delectu
1210 4426 1312 4483 per
1342 4411 1465 4469 vias
1497 4412 1778 4484 iacebant

126 4492 449 4567 insepulta.

718 4607 950 4664 CAPUT
984 4609 1189 4668 xxm.

128 4691 290 4748 Cives
340 4692 400 4747 in
512 4693 765 4750 aesidium
817 4712 874 4753 se
908 4703 1224 4770 receptant.-
1279 4699 1558 4755 Acxionus
1610 4704 1780 4756 extra

201 4762 400 4819 urbem
451 4768 645 4837 ιιρίσιιε
661 4767 1150 4834 οοείάὶειιν;ηιιιὶιί
1182 4770 1451 4828 demente
1466 4773 1780 4845 precipites

200 4841 653 4907 prosternuntur.

205 4940 491 5000 Acxianus
517 4960 651 5002 vero
681 4945 908 5015 videns,
932 4948 1086 5020 quod
1105 4948 1375 5007 hostibus
1405 4953 1532 5008 erat
1564 4950 1779 5007 tradita

129 5027 367 5097 civitas,
393 5034 450 5086 et
479 5035 636 5105 quod
695 5039 888 5094 turres
935 5041 993 5094 et
1041 5040 1249 5096 moenia
1299 5047 1353 5096 et
1401 5039 1607 5096 urbem
1661 5038 1783 5096 sibi

125 5116 568 5181 vindicaverant
597 5124 927 5184 universam
953 5126 1304 5201 :vidensque
1319 5127 1469 5202 quod
1488 5126 1771 5202 populus,

1888 3250 2296 3323 expeditiores,
2318 3248 2379 3306 hi
2409 3265 2644 3306 summo
2675 3246 2958 3315 diluculo,
2983 3247 3299 3318 postquam
3321 3256 3531 3314 cogno-

1888 3343 2098 3398 verunt
2126 3341 2325 3397 urbem
2350 3340 2669 3408 effractam,
2701 3353 2803 3410 per
2833 3339 3047 3410 portas,
3078 3348 3205 3406 quoe
3231 3332 3356 3403 jam
3389 3329 3532 3387 inci-

1890 3430 2125 3502 piebant
2154 3429 2423 3500 reserari,
2435 3428 2657 3500 ¹iunctis
2695 3425 3031 3499 agminibus
3060 3420 3531 3495 egrediebantur,

1890 3522 1959 3576 ut
1983 3519 2368 3593 confugerent
2395 3518 2468 3574 ad
2500 3521 2817 3583 montana3
2869 3530 3019 3587 quos
3050 3511 3231 3568 nostri
3264 3509 3533 3567 cominus

1890 3607 2266 3678 insectantes,
2297 3611 2522 3680 partem
2545 3605 2924 3669 reduxerunt,
2945 3600 3223 3658 violenter
3250 3614 3350 3655 eos
3373 3613 3535 3655 com-

1889 3697 2138 3768 pedibus
2167 3696 2503 3768 alligantes;
2533 3709 2665 3767 pars
2689 3706 2974 3765 equorum
3005 3691 3200 3760 erepta
3230 3685 3531 3755 beneficio,

1890 3787 1961 3844 ad
1994 3789 2273 3842 montana
2319 3784 2679 3858 confugiens,
2723 3782 2855 3839 vitae
2910 3776 3210 3836 consuluit
3237 3778 3295 3833 et
3331 3773 3529 3831 saluti.

1890 3874 2051 3931 Circa
2080 3875 2283 3931 horam
2313 3890 2445 3931 vero
2493 3873 2607 3930 diei
2665 3870 2953 3944 quintam,
3014 3863 3391 3923 redeuntibus
3423 3879 3533 3920 no·

1888 3965 2053 4034 atris,
2076 3964 2175 4037 qui
2197 3963 2413 4036 egressi
2436 3963 2664 4019 fuerant
2686 3981 2702 4031 3
2724 3963 2781 4016 et
2810 3958 2910 4031 qui
2934 3972 3035 4030 per
3064 3954 3263 4011 urbem
3284 3951 3530 4025 dispersi

1888 4055 2122 4111 fueraut
2165 4051 2479 4110 recollectis
2525 4049 2873 4118 adinvicem,
2922 4045 3233 4118 quaesitum
3263 4046 3353 4101 est
3392 4040 3530 4098 dili-

1888 4144 2125 4217 gentius
2151 4147 2209 4201 et
2230 4159 2330 4216 pro
2359 4145 2514 4200 certo
2547 4139 2872 4213 cognitum,
2905 4135 3058 4209 quod
3113 4133 3259 4191 nihil
3292 4147 3533 4206 prorsus

1887 4232 2302 4290 alimentorum
2324 4231 2385 4287 in
2408 4231 2549 4289 urbe
2570 4233 2861 4302 repertum
2901 4227 3123 4284 luerat:
3157 4239 3264 4281 nec
3293 4222 3531 4290 mirum,

1888 4339 2022 4381 cum
2046 4325 2171 4397 jam
2204 4339 2351 4396 pene
2372 4322 2673 4379 mensibus
2696 4336 2900 4377 novem
2927 4317 3208 4375 continua
3227 4313 3533 4373 obsidione

1885 4411 2101 4470 vallata
2131 4413 2354 4472 luisset.
2387 4411 2498 4471 Sed
2529 4416 2724 4469 tamen
2756 4410 2816 4467 in
2864 4425 3029 4478 auro,
3068 4410 3333 4478 argento,
3365 4420 3531 4478 gem·

1805 4520 1855 4583 Ι)
1889 4505 2027 4574 mis,
2055 4504 2211 4563 vasis
2242 4503 2532 4577 pretiosis,
2554 4501 2849 4576 tapetibus
2891 4504 2949 4556 et
2968 4497 3332 4565 holosericis,
3360 4497 3448 4550 tot
3477 4497 3535 4550 et

1884 4597 2063 4650 tantas
2093 4597 2337 4667 repertae
2365 4596 2504 4649 suut
2531 4591 2731 4664 copiae,
2765 4588 2947 4662 utqui
2980 4587 3139 4659 prius
3164 4583 3535 4642 mendicabat

1885 4682 2166 4752 esuriens,
2192 4699 2344 4739 nunc
2374 4683 2563 4738 sactus
2590 4677 2952 4752 locupletior,
2983 4675 3257 4733 omnibus
3286 4668 3537 4729 amuen-

1888 4774 1976 4829 ter
2001 4770 2345 4828 abundaret.
2371 4770 2600 4843 Reperti
2631 4773 2767 4825 sunt
2796 4774 2985 4823 autem
3018 4765 3078 4820 in
3107 4767 3231 4821 tota
3259 4759 3400 4817 urbe
3426 4757 3529 4831 qui

1885 4861 1955 4917 ad
1988 4877 2152 4918 arma
2179 4861 2454 4928 lacerent,
2495 4859 2629 4932 equi
2660 4858 2752 4914 vix
2798 4852 3099 4928 quingenti
3126 4869 3141 4921 3
3175 4854 3231 4907 et
3258 4848 3321 4905 hi
3352 4847 3528 4905 etiam

1886 4948 2130 5006 conlecti
2164 4951 2348 5007 macie
2368 4954 2427 5006 et
2447 4949 2641 5006 inedia
2662 4946 3042 5004 tabescentes.
3067 4943 3248 5013 Capta
3278 4941 3369 4997 est
3391 4951 3528 5010 ergo

1887 5037 2213 5109 Antiochia,
2228 5054 2380 5095 anno
2396 5034 2880 5095 ablocarnatione
2896 5030 3128 5091 Domini
3149 5031 3307 5100 1098,
3322 5041 3524 5084 mense

1888 5127 2064 5186 Junio
2092 5129 2267 5186 tertia
2297 5127 2391 5187 die
2419 5126 2664 5187 mensis.
