3784 6000
176 240 296 301 555

1245 230 1669 297 GUILLELMI
1713 228 2103 292 TYRENSIS
2144 226 2507 291 ARCHIEP.

3461 230 3582 292 556

174 380 234 433 et
270 391 419 450 pene
445 373 742 431 traherent
763 370 819 427 in
853 366 1105 424 ruinam.
1135 366 1510 424 Excitabatur
1552 367 1624 423 de
1653 364 1816 423 colli·
1847 367 1898 433 Α
1929 367 1985 420 et
2023 362 2075 420 si
2109 364 2279 435 pauci
2309 378 2574 428 numero,
2604 368 2797 418 tamen
2831 362 2944 419 ssde
2985 360 3294 431 ferventes,
3343 364 3588 436 seiciu-

174 467 263 523 sis
294 464 583 538 lapidibus
612 465 670 517 et
698 466 972 517 coemento
998 455 1286 514 dissoluto
1331 458 1522 528 pulvis
1552 460 1672 513 tam
1703 456 1823 511 im-

180 569 441 619 mensus,
473 556 540 607 ut
573 549 662 606 his
693 547 796 620 qui
843 547 903 604 in
951 546 1244 602 moenibus
1293 550 1350 602 et
1406 563 1586 619 supra
1633 549 1822 601 turres

179 649 367 712 erant,
388 640 554 713 quasi
587 639 771 695 nubes
803 636 1168 708 interposita,
1212 644 1543 693 nostrorum
1588 637 1826 707 negaret

177 736 501 805 aspectum.
532 729 588 783 si
620 727 720 798 qui
753 731 948 782 autom
980 725 1053 782 de
1082 725 1281 782 missis
1311 725 1606 797 lapidibus
1633 729 1824 780 turres

180 825 283 879 aut
311 817 524 876 moenia
553 816 946 890 praeteribant,
976 814 1039 871 in
1071 815 1275 871 urbem
1308 831 1441 871 cum
1481 815 1701 885 impetu
1737 813 1824 869 la-

181 910 291 983 psi,
323 906 569 964 aediiicia
599 921 811 978 magna
841 920 975 959 cum
1038 903 1459 959 habitatoribus
1487 903 1545 959 in
1595 903 1826 958 minuta

181 997 525 1071 redigebant
574 995 915 1064 fragmenta.
970 992 1078 1057 Qui
1115 997 1311 1048 autem
1344 992 1400 1047 in
1434 1008 1662 1063 campo,
1707 1001 1821 1047 tam

185 1088 408 1161 pedites
437 1101 614 1158 quam
638 1083 864 1156 equites
897 1081 1335 1153 praeliabantur,
1355 1080 1618 1137 animose
1643 1077 1827 1136 virili-

183 1182 387 1249 terque
407 1172 657 1247 singulis
688 1187 833 1245 pene
863 1169 1070 1226 diebus
1110 1186 1240 1225 cum
1285 1169 1402 1239 his,
1446 1169 1544 1242 qui
1584 1170 1653 1225 de
1683 1169 1826 1224 urbe

184 1267 255 1322 ad
323 1279 580 1337 pugnam
619 1258 1085 1332 egrediebantur,
1137 1259 1553 1328 conserebant;
1609 1258 1827 1313 nostris

184 1355 552 1428 plerumque,
586 1350 889 1408 interiores
916 1348 988 1404 ad
1021 1349 1497 1405 committendum
1543 1346 1826 1403 irritanti-

184 1443 331 1514 bus;
373 1439 596 1497 civibus
625 1454 1075 1511 nonnunquam,
1106 1442 1314 1511 sponte
1344 1439 1539 1507 etiam,
1581 1435 1639 1492 in
1663 1437 1826 1493 obsi-

184 1535 388 1593 dentes
419 1530 766 1588 facientibus
815 1527 1187 1600 irruptiones.

813 1634 1043 1692 CAPUT
1081 1634 1205 1692 vn.

183 1728 513 1786 Damascena*
539 1727 637 1799 qui
663 1727 725 1780 in
751 1726 974 1780 civitate
1003 1728 1186 1792 erant,
1211 1724 1475 1778 resistunt
1490 1722 1826 1784 animosius:
1861 1746 1910 1813 B

541 1799 748 1854 civibus
769 1795 1184 1867 aliquantulum
1213 1793 1474 1851 remissis.

251 1887 397 1945 Cum
432 1885 610 1958 igitur
638 1885 719 1941 ita
755 1884 964 1940 diebus
1012 1882 1282 1955 singulis,
1334 1882 1569 1953 ancipiti
1622 1880 1827 1948 Marte,

181 1978 362 2035 nostri
394 1991 550 2031 nunc
579 1975 652 2029 de
684 1973 992 2039 machinis,
1042 1987 1199 2029 nune
1225 1971 1375 2028 circa
1421 1978 1642 2042 portam
1693 1985 1828 2027 cum

183 2064 407 2122 civibus
439 2062 859 2136 experirentur,
890 2066 947 2117 et
969 2065 1189 2134 quanta
1237 2064 1502 2132 poterant
1550 2059 1831 2117 instantia

183 2171 312 2212 sese
325 2159 529 2210 mutuo
545 2155 924 2225 provocarent
957 2167 969 2205 :
994 2157 1230 2206 vocatus
1246 2167 1278 2205 a
1292 2151 1449 2220 regni
1467 2149 1830 2220 principibus

183 2260 316 2301 cum
349 2243 593 2299 honesto
623 2240 900 2298 comitatu
932 2239 1115 2294 adfuit
1139 2239 1412 2295 dominus
1436 2239 1678 2293 Pontius
1701 2238 1829 2293 Tri-

186 2333 485 2406 politanus
517 2345 711 2387 comes
737 2345 751 2397 ;
786 2331 844 2384 in
876 2330 1046 2398 cujus
1069 2329 1317 2383 adventu
1343 2334 1672 2384 nostrorum
1696 2328 1830 2382 visae

185 2429 323 2478 sunt
352 2421 499 2477 vires
521 2418 688 2492 quasi
721 2419 1053 2490 geminatae,
1115 2414 1506 2487 multiplicata
1548 2416 1829 2482 audacia3

188 2509 453 2566 hostibus
484 2523 616 2565 vero
647 2524 677 2563 e
728 2524 1000 2563 converso
1052 2505 1209 2561 illata
1257 2507 1524 2575 formido,
1561 2511 1618 2561 et
1660 2505 1827 2578 quasi

188 2597 516 2670 desperatio
548 2596 879 2652 resistendi.
906 2595 1083 2651 Erant
1112 2601 1306 2651 autem
1342 2595 1402 2651 in
1451 2596 1649 2651 eadem
1682 2595 1832 2650 civi-

189 2692 310 2745 tate
330 2688 401 2744 de
431 2685 807 2743 Damascenis
827 2685 1052 2757 equites
1081 2683 1459 2756 septingenti,
1480 2683 1578 2756 qui
1606 2684 1830 2740 civibus

189 2775 509 2841 nobilibus,
544 2773 818 2831 mollibus
857 2779 915 2829 et
963 2773 1248 2842 delicatis,
1299 2772 1450 2828 etin
1494 2789 1556 2829 re
1599 2773 1833 2829 militari

189 2881 308 2921 non
338 2864 588 2921 multum
619 2863 965 2928 exercitatis,
997 2865 1088 2919 sui
1110 2863 1374 2933 exemplo
1404 2862 1629 2918 animos
1652 2864 1717 2917 ad
1741 2878 1833 2919 re-

188 2952 505 3012 sistendum
530 2951 959 3019 ministrabant,
992 2958 1044 3007 et
1077 2949 1135 3007 in
1164 2949 1377 3023 seipsis
1409 2956 1676 3023 prompto
1707 2951 1833 3008 ani-

186 3061 283 3101 mo
312 3041 591 3114 suffragia
622 3043 815 3099 debita
863 3041 1276 3115 largiebantur.
1310 3042 1529 3097 Tamen
1562 3040 1617 3097 hi
1650 3041 1823 3098 etiam
1856 3084 1901 3151 C

184 3134 447 3189 videntes
479 3137 810 3188 nostrorum
842 3131 994 3186 vires
1023 3136 1080 3186 et
1119 3135 1363 3186 conatus
1407 3131 1653 3201 singulis
1700 3131 1826 3186 die-

185 3220 384 3278 busin
419 3219 626 3276 melius
669 3219 962 3291 proficere,
993 3235 1131 3289 opes
1180 3234 1312 3275 vero
1355 3218 1565 3274 civium
1606 3219 1827 3275 sensim

183 3309 527 3379 comminui,
556 3310 704 3364 vires
728 3308 983 3380 quotidie
1017 3307 1349 3379 periclitari,
1371 3307 1495 3363 fleri
1531 3312 1831 3379 coeperunt

183 3401 514 3473 tepidiores,
555 3403 612 3456 et
631 3416 781 3456 onus
812 3398 967 3471 quod
1002 3403 1228 3470 portare
1254 3414 1367 3454 non
1415 3404 1699 3470 poterant,
1734 3416 1829 3456 sa-

182 3490 409 3561 pienter
431 3488 761 3557 declinare3
793 3487 874 3542 ita
905 3491 1126 3555 tamen,
1159 3491 1225 3542 ut
1253 3503 1357 3543 nec
1409 3486 1631 3543 civibus
1662 3488 1826 3544 dedi—

184 3581 399 3637 tionem
431 3578 874 3650 persuaderent,
909 3592 1014 3632 nee
1046 3575 1296 3633 multum
1327 3574 1399 3633 de
1439 3576 1660 3632 viribus
1693 3593 1830 3648 prae-

177 3668 534 3725 sumendum
566 3683 692 3724 esse
723 3666 1112 3722 hortarentur.
1146 3665 1319 3721 Porro
1349 3665 1408 3720 in
1427 3665 1832 3727 civitatem,si-

178 3763 279 3814 cut
307 3756 478 3814 hodie
515 3757 691 3812 etiam
722 3760 830 3822 est,
864 3757 1071 3811 unicus
1096 3763 1216 3810 erat
1247 3754 1553 3823 introitus,
1581 3759 1640 3810 et
1660 3758 1828 3825 porta

177 3847 525 3919 singularis3
561 3862 717 3913 nam,
751 3849 816 3900 ut
846 3843 1242 3916 praediximus,
1277 3843 1478 3900 civitas
1500 3849 1622 3899 tota
1656 3842 1823 3915 quasi

180 3936 397 4005 insula,
423 3937 585 3991 fretis
616 3935 850 4004 indique
872 3934 1091 3989 ambitu
1104 3951 1150 4004 r,
1164 3937 1402 4004 excepto
1426 3935 1549 3989 loco
1573 3935 1827 4004 quodam

180 4029 461 4097 angusto,
496 4041 597 4094 per
626 4038 798 4095 quem
821 4031 906 4078 est
934 4038 1206 4079 accessus
1230 4022 1300 4078 ad
1341 4028 1588 4092 portam,
1620 4022 1676 4076 in
1711 4037 1827 4091 quo

178 4112 879 4172 sineintermissionetam
898 4112 1163 4183 equitum
1189 4126 1365 4184 quam
1390 4112 1649 4182 peditum
1664 4114 1829 4166 erant

179 4201 487 4259 conflictus
520 4199 685 4266 varii,
720 4199 873 4254 sicut
903 4199 962 4255 in
994 4200 1334 4270 hujusmodi
1357 4199 1502 4256 solet
1532 4199 1826 4272 continge-

181 4304 242 4344 re
264 4288 611 4359 plerumque
636 4296 866 4343 eventu.

784 4390 1014 4449 CAPUT
1083 4392 1221 4447 VIII.

1935 452 2197 510 stissimo
2219 468 2321 525 pro
2353 452 2561 525 patria,
2595 467 2697 522 pro
2730 450 2932 507 liberIs
2954 459 3007 507 et
3038 452 3322 510 uxoribus
3352 468 3594 510 succen-

1934 542 2006 611 si,
2037 541 2217 598 armis
2239 539 2540 613 correptis,
2575 539 2775 596 urbem
2804 540 3203 611 egrediuntur,
3226 541 3593 599 unanimiter

1935 632 2204 688 hostibus
2235 635 2627 687 occurrentes.
2661 630 2730 685 Et
2768 646 2899 685 cum
2923 630 3105 687 trium
3136 630 3422 689 horarum
3455 648 3592 703 spa-

1934 720 2015 777 tio
2034 735 2096 776 se
2126 723 2331 776 mutuo
2347 719 2805 791 conspexissent.
2841 719 3054 776 nostris
3093 736 3207 778 non
3228 722 3590 778 audentibus

1936 809 1996 864 in
2027 825 2125 866 eos
2155 809 2399 877 irruere,
2423 824 2557 865 cum
2589 824 2702 864 non
2736 808 2852 864 nisi
2891 809 3111 882 pedites
3145 809 3436 867 haberent
3459 826 3475 866 τ
3502 812 3591 867 vi-

1937 897 2139 954 dentes
2171 897 2540 964 Ascalonitae,
2576 899 2727 971 quod
2760 897 2838 953 ibi
2860 913 2975 954 non
2994 900 3590 973 possentabsquepe-

1937 986 2119 1044 riculo
2151 1003 2379 1044 moram
2412 988 2643 1044 tacere:
2691 1003 2795 1043 nec
2837 992 2959 1044 erat
3005 994 3194 1046 tutum
3237 1006 3374 1047 cum
3418 996 3592 1063 gente

1937 1078 2250 1148 obstinata,
2278 1085 2452 1151 atque
2480 1081 2550 1136 ad
2575 1078 2970 1136 resistendum
2994 1081 3319 1137 animosius
3372 1098 3592 1154 praepa-

1939 1170 2277 1239 rata,juxta
2326 1169 2528 1225 urbem
2570 1168 2861 1238 congredi,
2908 1174 3116 1240 parant
3163 1172 3414 1227 reditum
3449 1187 3584 1228 cum

1937 1258 2255 1315 velocitate.
2286 1256 2480 1314 Nostri
2502 1262 2694 1315 autem
2727 1274 2827 1314 eos
2871 1258 3101 1315 cantius
3147 1257 3588 1332 aliquantulum

1937 1345 2205 1414 insecuti,
2239 1347 2480 1403 retentis
2510 1363 2582 1403 ex
2629 1346 2884 1404 hostium
2931 1349 3095 1420 equis
3141 1349 3343 1406 decem
3385 1355 3448 1405 et
3503 1367 3596 1406 se-

1940 1439 2119 1507 ptem,
2161 1436 2231 1491 de
2282 1434 2567 1491 militibus
2599 1439 2869 1507 quatuor,
2921 1437 3309 1509 quadraginta
3341 1438 3497 1495 duos
3521 1454 3591 1494 ex

1939 1525 2023 1580 eis
2053 1524 2409 1581 interficiunt
2438 1541 2451 1579 t
2488 1530 3011 1598 consummatoque
3057 1526 3301 1583 feliciter
3330 1529 3588 1602 negotio,

1940 1629 2069 1669 cum
2094 1614 2262 1684 plena
2291 1614 2568 1685 sospitate
2591 1615 2830 1671 domum
2859 1615 3067 1672 reversi
3107 1621 3267 1673 sunt.

2576 1719 2810 1777 CAPUT
2843 1720 2939 1777 lx.

1940 1809 2054 1864 Rex
2102 1808 2556 1865 Damascenorum
2596 1808 2982 1882 Doldequinus,
3014 1819 3075 1867 ut
3121 1813 3298 1868 solvat
3342 1813 3592 1871 obsidio·

2006 1896 2131 1935 nem
2160 1879 2367 1936 accedit
2389 1899 2409 1946 ;
2444 1883 2613 1937 nostri
2641 1891 2978 1948 occurrunc,·
3012 1884 3106 1939 ille
3126 1887 3378 1954 territus,
3400 1904 3435 1941 a
3464 1903 3594 1959 pro-

2006 1952 2189 2024 posito
2220 1951 2467 2009 discedit.

2006 2060 2079 2115 At
2133 2062 2415 2132 Tyrenses
2464 2060 2687 2116 interea
2752 2062 2968 2118 crebris
3028 2062 3259 2135 vigiliis,
3332 2066 3596 2122 assiduis

1938 2146 2328 2218 conflictibus,
2359 2154 2415 2206 et
2443 2149 2641 2206 labore
2670 2151 2947 2207 continuo
2994 2153 3234 2224 fatigati,
3283 2156 3482 2211 rarius
3502 2171 3597 2211 ac—

1936 2238 2150 2295 cedunt
2180 2239 2250 2294 ad
2282 2238 2503 2311 praelia,
2552 2240 2858 2296 remissius
2904 2246 3180 2298 occurunt
3229 2243 3447 2301 officiis
3475 2245 3592 2300 sibi

1938 2328 2228 2398 deputatis
2260 2344 2274 2383 ε
2308 2333 2613 2400 stupentes
2645 2346 2826 2400 supra
2868 2331 3133 2397 modum,
3174 2334 3327 2403 quod
3379 2335 3588 2391 civitas

1937 2432 2064 2487 quae
2095 2417 2341 2490 singulis
2376 2434 2519 2488 pene
2549 2418 2753 2474 diebus
2768 2436 2901 2475 cum
2933 2421 3192 2477 terrestri
3217 2427 3342 2477 tum
3363 2424 3596 2482 marino

1939 2504 2287 2577 populorum
2334 2507 2818 2579 frequentabatur
2859 2525 3144 2577 accessu;
3193 2511 3599 2584 omnibusque

1936 2595 2255 2651 commodis
2285 2604 2529 2667 utroque
2579 2612 2808 2652 accessu
2850 2607 3232 2655 consueverat
3279 2602 3594 2671 cumulari,

1938 2681 1996 2738 in
2030 2689 2150 2739 tam
2174 2689 2332 2740 arcto
2365 2686 2592 2741 sederet
2615 2686 2825 2755 posita,
2872 2690 2938 2742 ut
2970 2703 3158 2759 neque
3204 2688 3457 2761 civibus,
3491 2706 3595 2748 ne·

1938 2788 2054 2846 que
2104 2774 2315 2829 exteris
2363 2773 2632 2830 introitus
2673 2781 2892 2847 pateret
2925 2786 3022 2831 aut
3053 2776 3283 2848 exitus;
3320 2780 3596 2853 quodque

1937 2860 2124 2918 victus
2155 2863 2445 2929 deiiceret,
2471 2872 2527 2919 et
2566 2864 2979 2921 alimoniarum
3014 2867 3139 2939 ‚iam
3167 2884 3314 2939 pene
3362 2871 3596 2927 nullum

1939 2956 2093 3007 esset
2124 2952 2447 3009 residuum.
2475 2951 2683 3009 Habito
2739 2953 2983 3011 consilio
3027 2956 3096 3012 ad
3145 2957 3466 3030 aegyptium
3495 2958 3597 3016 Ga·

1940 3040 2159 3112 lipham
2191 3048 2247 3097 et
2282 3047 2766 3098 Damascenorum
2808 3059 3001 3116 regem
3055 3046 3325 3102 scribunt
3377 3049 3594 3121 episto-

1942 3130 2047 3198 las,
2083 3137 2387 3187 monentes
2410 3135 2467 3187 et
2493 3132 2871 3204 deprecantes
2893 3133 3079 3196 anxie,
3100 3141 3396 3206 quatenus
3419 3141 3590 3195 rebus

1939 3235 2141 3275 eorum
2181 3220 2298 3291 jain
2354 3237 2499 3291 pene
2540 3222 2880 3294 desperatis,
2924 3228 3150 3280 mature
3189 3225 3587 3284 subveniant:

1940 3308 2277 3363 instantiam
2303 3308 2640 3381 significant
2665 3311 2942 3382 hostium,
2981 3317 3040 3368 et
3085 3313 3314 3370 vireset
3365 3316 3590 3374 animos

1939 3395 2189 3469 singulis
2222 3397 2427 3453 diebus
2460 3397 2776 3470 ampliores
2801 3416 2815 3468 ;
2839 3417 3080 3456 suorum
3123 3402 3442 3473 defectum,
3482 3406 3589 3462 ali-

1939 3489 2268 3543 mentorum
2292 3485 2578 3559 inopiam,
2605 3489 3353 3561 angustissimportabiles·
3377 3498 3503 3562 Quo
3517 3495 3591 3550 ia·

1938 3580 2051 3644 cto,
2105 3576 2165 3631 in
2215 3593 2377 3647 spem
2423 3577 2596 3633 erecti
2660 3578 3110 3649 aliquantulam,
3170 3583 3575 3653 praedictorum

1940 3663 2276 3735 principum
2314 3665 2714 3734 praestolantes
2736 3667 3021 3738 subsidia,
3071 3670 3142 3725 ad
3184 3671 3578 3731 resistendum

1940 3769 2041 3825 pro
2077 3770 2234 3810 more
2264 3755 2434 3810 solito
2466 3772 2527 3811 se
2576 3756 2845 3813 invitant.
2889 3759 2978 3828 Et,
3011 3759 3144 3815 licet
3184 3777 3255 3817 ex
3278 3762 3363 3819 eis
3394 3761 3586 3836 plures

1938 3841 2232 3899 lethaliter
2261 3843 2463 3912 saucii,
2518 3862 2775 3918 pugnare
2822 3847 2930 3920 ipsi
2982 3864 3098 3904 non
3144 3858 3412 3922 possent,
3444 3852 3582 3909 alios

1941 3939 2134 3989 tamen
2165 3934 2356 3990 verbis
2379 3934 2591 4005 quibus
2638 3943 2879 4008 possunt
2910 3937 2979 3993 ad
3025 3940 3424 3998 resistendum
3457 3943 3584 3999 hor-

1935 4025 2154 4077 tantur.
2197 4023 2508 4079 Nuntiatur
2554 4024 2798 4090 interea,
2864 4027 3020 4097 quod
3086 4027 3582 4088 Damascenorum

1938 4127 2035 4167 rex
2065 4111 2471 4184 Doldequinus
2492 4112 2869 4170 obsessorum
2907 4116 3172 4188 epistolis
3203 4123 3263 4175 et
3294 4119 3583 4192 legatione

1940 4207 2156 4270 motus,
2199 4218 2329 4257 cum
2358 4203 2664 4258 innumera
2692 4203 3011 4261 'l'urcorum
3056 4223 3248 4278 manu,
3281 4219 3338 4266 et
3393 4210 3586 4285 copio-

1936 4289 2174 4346 sissimo
2205 4292 2462 4362 equitatu
2495 4292 2752 4349 assnibus
2770 4293 3147 4352 Damascenis
3182 4314 3484 4372 egressus,
3522 4300 3578 4356 in

1938 4378 2164 4434 diaecesi
2204 4380 2395 4451 Tyria,
2419 4397 2589 4437 secus
2622 4382 2863 4439 fluvium
2896 4388 3342 4444 castrametatus
3379 4389 3581 4446 fuerat.

175 4482 502 4542 Ascalonitae
530 4481 964 4552 Hierosolymam
1007 4481 1284 4546 accedunt,
1318 4488 1381 4536 ut
1423 4482 1613 4537 urbem
1636 4484 1828 4555 impu-
1856 4454 1904 4522 D
1935 4466 2073 4524 3¹⁸³ss
2103 4473 2295 4525 mmm
2328 4470 2482 4526 idem
2502 4469 2712 4527 flflViufl
2745 4489 2777 4527 ¹²
2803 4474 3035 4530 05V5²⁸¹0
3058 4475 3440 4549 ΤΥΓΘΠΒῙΝῙΧ
3453 4496 3584 4552 <1⁰⁸-

264 4561 435 4627 qnent
451 4571 475 4620 ,⁰
503 4553 595 4611 sed
621 4554 682 4609 in
712 4553 892 4609 reditu
915 4570 951 4610 a
977 4554 1184 4609 civibus
1214 4553 1362 4609 male
1404 4556 1736 4611 tractamur.

246 4647 473 4702 Interea
500 4645 637 4700 dum
663 4642 786 4699 haec
798 4643 950 4715 apud
963 4643 1178 4716 Tyrum
1201 4646 1504 4713 arguatur,
1525 4642 1822 4701 Ascaloni-

172 4740 246 4794 tae
276 4735 537 4792 videntes
567 4748 813 4806 regnum
846 4732 1065 4789 militias
1081 4731 1304 4787 viribus
1327 4730 1680 4803 desolatum,
1702 4749 1823 4789 om·

175 4839 366 4898 neque
394 4824 573 4881 robur
594 4819 845 4894 regionis
874 4822 1028 4894 apud
1060 4820 1277 4894 Tyrum
1308 4819 1366 4876 in
1398 4818 1699 4879 obsidione
1723 4821 1823 4878 de-

172 4912 364 4982 tineri,
394 4916 627 4984 sumpta
647 4910 950 4967 occasione
983 4927 1052 4967 ex
1083 4916 1339 4982 tempore
1367 4924 1504 4966 cum
1549 4910 1821 4968 universa

174 4999 407 5070 militia,
455 5005 794 5057 transcursa
844 5000 1106 5073 planitie,
1140 5015 1268 5071 qum
1301 4998 1492 5055 media
1532 4999 1710 5070 jacet,
1743 5002 1816 5058 ad

171 5095 424 5159 montes,
452 5089 511 5146 in
544 5089 761 5161 quibus
777 5089 1173 5159 Hierosolyma
1198 5088 1311 5144 sita
1340 5094 1451 5155 est,
1473 5089 1818 5147 festinanter

169 5183 515 5256 properant;
548 5179 903 5237 arbitrantes
941 5179 1278 5253 praedictam
1310 5179 1516 5253 urbem
1549 5178 1816 5237 felicissi-

168 5285 349 5338 mam,
397 5285 640 5326 vocuam
672 5267 962 5342 reperit-03
1000 5270 1058 5324 et
1103 5266 1172 5323 de
1216 5267 1346 5339 ejus
1383 5265 1812 5326 habitatoribus

1937 4561 2070 4614 tuor
2114 4558 2339 4614 distans
2398 4558 2747 4617 miliaribus.
2804 4561 3110 4619 Dicebatur
3164 4567 3368 4639 etiam,
3430 4569 3576 4642 quod

1931 4645 2134 4703 classis
2169 4647 2451 4721 AEgyptia,
2512 4650 2691 4719 major
2754 4650 2922 4708 solito
2952 4656 3011 4708 et
3065 4657 3315 4712 armatis
3361 4657 3579 4714 instru-

1929 4737 2095 4806 ctior,
2127 4736 2354 4794 civibus
2383 4737 2651 4795 deferens
2690 4744 2748 4797 et
2776 4739 3045 4800 subsidia
3083 4742 3366 4818 militum,
3411 4751 3470 4805 et
3495 4747 3578 4804 vi-

1929 4827 2048 4881 ctui
2079 4826 2427 4896 necessaria,
2473 4827 2626 4884 intra
2655 4828 2913 4887 triduum
2947 4836 3105 4889 esset
3141 4833 3446 4894 adiutura·
3467 4841 3576 4893 As-

1928 4915 2227 4970 serebatur
2274 4913 2683 4988 nibilominus,
2728 4919 3218 4979 Damascenorum
3271 4940 3494 4998 regern,
3523 4929 3578 4982 et

1927 5001 2174 5059 militum
2208 5005 2429 5076 majora
2463 5009 2776 5077 praestolari
2807 5010 3123 5084 suffragiu
3157 5016 3215 5069 et
3234 5014 3306 5070 ad
3335 5014 3448 5073 hoc
3478 5015 3579 5072 iiu-

1929 5094 2104 5149 minis
2121 5096 2446 5165 transitum,
2478 5100 2536 5152 et
2578 5114 2711 5154 cum
2760 5099 2969 5156 nostris
2999 5115 3385 5174 congressum
3435 5121 3576 5179 pru-

1925 5182 2127 5240 denter
2154 5184 2405 5252 differre,
2440 5186 2624 5243 donec
2673 5187 2882 5246 classis
2911 5189 3126 5259 veniat,
3177 5197 3243 5249 ut
3283 5210 3353 5251 eo
3405 5196 3576 5252 nobi·

1924 5287 2086 5329 scum
2109 5272 2441 5340 dimicante,
2474 5273 2682 5332 classis
2707 5276 2960 5335 liberum
2992 5284 3051 5337 et
3081 5279 3204 5338 sine
3227 5281 3575 5341 difficultate

165 5358 393 5431 aliquos
414 5359 707 5417 incautius
736 5359 1117 5430 egredientes,
1149 5372 1348 5414 secum
1382 5373 1550 5430 posse
1582 5360 1811 5417 trahere
1919 5361 1991 5417 ad
2036 5363 2242 5419 urbem
2285 5362 2494 5419 haheat
2550 5381 2877 5425 accessum.
2930 5370 3054 5436 Quo
3108 5369 3337 5442 audito,
3391 5373 3573 5430 nostri

167 5446 445 5519 captivos.
510 5448 860 5506 Accedentes
917 5465 1053 5521 ergo
1116 5462 1186 5504 ex
1232 5447 1551 5520 improviso
1609 5449 1806 5518 nimis,

1921 5452 2357 5509 communicato
2388 5452 2631 5510 consilio
2654 5463 2708 5512 et
2750 5457 3013 5527 partibus
3063 5461 3311 5531 provida
3354 5462 3571 5520 delibe-

167 5534 457 5607 quoedam
487 5536 560 5594 de
587 5536 813 5594 civibus
837 5552 937 5609 per
965 5551 1138 5609 egros
1164 5543 1220 5592 et
1246 5536 1447 5593 vineas
1482 5536 1808 5609 improvide
1917 5539 2140 5598 ratione
2165 5540 2417 5613 libratis,
2457 5542 2745 5614 optimum
2775 5546 3021 5615 ducunt,
3049 5549 3397 5609 universnm
3417 5567 3574 5610 exer-

166 5638 232 5683 se
261 5621 563 5695 hahentes,
596 5624 959 5694 occiderunt,
991 5622 1219 5681 circiter
1245 5626 1397 5682 octo.
1430 5622 1593 5683 Cives
1611 5633 1806 5689 autem
1918 5629 2100 5689 citum
2135 5630 2331 5692 intres
2348 5634 2546 5705 partes
2575 5633 2854 5710 dividere,
2883 5636 2970 5697 ita
2995 5641 3068 5699 nt
3089 5639 3320 5714 equites
3362 5657 3570 5704 omnes
