3784 6000
290 236 423 294 1143

1052 364 1178 420 LVI.

287 454 649 512 Monaslerio
675 454 1090 522 Repsholtensi
1108 454 1320 511 asserit
1341 454 1622 519 reditum,
1644 469 1679 509 α
1698 453 1942 508 Limaro

354 527 656 598 quondam
706 527 1153 596 archiepiscopo
1210 526 1660 596 Hamburqensi
1712 537 1943 581 conces-

358 613 506 655 sum.

809 685 1082 757 (velletri,
1114 686 1243 744 Maii
1270 686 1379 757 15.)

427 800 828 871 suspensae,
874 802 1206 872 Hamburq.
1243 800 1538 863 Urlcund.,
1569 799 1611 865 1,
1644 797 1798 871 230.]

356 916 568 972 Lucius
599 918 942 990 episcopus,
977 933 1179 972 servus
1218 932 1528 972 servorum
1562 915 1680 981 Dei,
1711 911 1941 969 dilectis

285 1003 441 1071 filiis,
476 1007 798 1077 proeposito
824 1008 1085 1062 ecclesiae
1131 1007 1325 1062 Sancti
1359 1004 1618 1062 Mauricii
1661 1002 1736 1059 de
1767 1003 1945 1074 Ripe-

286 1093 460 1160 sholt,
485 1095 740 1166 ejusque
768 1094 1050 1152 iratribus
1076 1099 1198 1150 tam
1224 1093 1616 1167 proesentibus
1642 1107 1829 1166 quam
1852 1089 1941 1146 t'u·

286 1184 430 1238 turis
462 1184 750 1240 canonice
785 1183 1237 1250 substituendis,
1261 1185 1320 1240 in
1343 1188 1721 1256 perpetuum.

359 1274 511 1328 Cura
542 1273 794 1346 suscepii
837 1274 1143 1345 regiminis
1177 1277 1378 1330 monet
1426 1288 1536 1329 nos
1580 1270 1940 1344 propensius

287 1363 342 1416 et
375 1360 646 1417 hortatur
677 1364 760 1418 sic
791 1363 947 1419 circa
990 1361 1269 1419 decorem
1301 1360 1521 1418 domus
1552 1360 1786 1418 Domini
1820 1360 1944 1416 sol-

285 1448 444 1506 licite
477 1450 739 1520 vigilare,
776 1456 837 1506 ut
867 1451 1119 1507 ministri
1144 1452 1275 1524 ejus
1309 1454 1530 1508 statuta
1559 1449 1855 1506 canonica
1878 1449 1942 1505 in

290 1555 406 1595 sua
428 1555 538 1595 con
550 1541 882 1596 versatione
902 1541 1258 1608 custodiant,
1273 1540 1422 1596 etad
1437 1556 1614 1596 usum
1633 1540 1769 1595 vitoe
1795 1554 1944 1611 prm-

290 1628 499 1694 sentis,
521 1630 694 1701 juxta
723 1629 885 1702 quod
917 1629 1230 1701 Apostolus
1252 1629 1474 1694 statuit,
1505 1634 1567 1685 ut
1596 1629 1698 1702 qui
1729 1628 1943 1685 altario

1712 231 1909 292 LUCII
1950 227 2026 285 111
2067 226 2271 285 PAPAE

1972 357 2019 410 Α
2049 351 2266 418 clesiae,
2287 352 2490 409 sivein
2508 355 2905 423 augmentum
2933 354 3181 408 ornatus
3202 354 3382 425 atque
3397 349 3719 409 librorum'

3579 225 3717 285 1144

2049 441 2298 499 consilio
2323 447 2380 499 et
2409 457 2663 498 assensu
2691 440 2941 498 fratrum
2971 445 3028 497 et
3061 440 3567 513 parochianorum
3599 441 3722 499 col·

2047 531 2150 604 ligi
2181 536 2471 588 statutum
2500 535 2587 587 est
2609 536 2664 588 et
2694 530 2983 587 converti.
3013 530 3281 587 Obeunte
3312 546 3455 587 vero
3486 545 3720 603 praepo·

2049 622 2180 687 sito,
2204 621 2306 693 qui
2333 621 2415 677 ibi
2435 636 2544 692 pro
2576 625 2842 692 tempore
2866 619 3064 689 fuerit,
3096 618 3300 675 nullus
3331 619 3418 676 ibi
3447 619 3722 694 qualibet

2049 710 2452 782 subreptionis
2476 710 2694 767 astutia
2725 725 2832 766 seu
2858 708 3141 765 violentia
3163 713 3582 782 proeponatur,
3607 709 3719 766 nisi

2048 815 2232 873 quem
2262 799 2472 856 fratres
2502 798 2815 854 communi
2834 813 3141 855 consensu
3166 797 3257 854 vel
3288 796 3549 855 fratrum
3577 812 3719 871 pars

2048 888 2281 945 consilii
2314 888 2571 945 sanioris
2613 886 2951 945 secundum
2993 886 3270 943 timorem
3306 887 3404 944 Dei
3446 885 3720 960 provide·

2048 977 2166 1035 rint
2192 978 2562 1048 eligendum.

2119 1070 2286 1124 Nunc
2324 1067 2519 1140 igitur,
2548 1066 2697 1140 quia
2739 1068 2949 1122 contra
2994 1064 3402 1136 malignorum
3433 1064 3722 1123 incursus

2049 1156 2417 1214 auctoritatis
2430 1154 2775 1228 apostolicoe
2789 1153 3077 1226 petivistis
3093 1153 3410 1210 munimine
3424 1152 3720 1221 roborari.

2049 1260 2161 1302 nos
2202 1245 2281 1302 ad
2310 1245 2619 1318 exemplar
2649 1249 2872 1301 sanctas
2910 1243 3343 1300 recordationis
3387 1243 3719 1300 Alexandri

2049 1350 2244 1408 papoe.
2269 1334 2726 1408 praedecessoris
2756 1333 2965 1400 nostri,
2999 1332 3270 1407 petitioni
3298 1338 3512 1390 vestroe
3550 1339 3721 1404 grato

2049 1428 2473 1482 concurrentes
2516 1438 2793 1488 assensu,
2825 1422 3176 1495 praedictam
3224 1422 3720 1480 constitutionem

2051 1513 2399 1570 auctoritate
2443 1512 2772 1586 apostolica
2806 1511 3259 1578 confirmamus,
3292 1518 3344 1567 et
3379 1515 3580 1568 ratam
3629 1511 3720 1568 fu·

2051 1604 2195 1659 turis
2225 1603 2599 1675 temporibus
2645 1616 2998 1674 permanere
3026 1607 3357 1665 censentes,
3400 1600 3718 1658 ecclesiam

289 1719 486 1784 servit,
512 1718 585 1773 de
611 1717 818 1774 altario
845 1719 1019 1784 vivat,
1043 1718 1381 1775 necessaria
1410 1717 1711 1791 stipendia
1737 1734 1943 1774 conse·
1974 1717 2014 1772 B
2053 1698 2311 1749 vestram
2341 1692 2454 1749 ⁸¹¹¹)
2484 1690 2645 1749 beati
2683 1690 2830 1747 Petri
2863 1695 2922 1748 et
2948 1696 3156 1747 ¹¹⁰⁸‘1'3
3181 1691 3555 1763 Ps⁰¹⁶⁰²i⁰¹¹e
3590 1707 3718 1747 ⁸⁰⁵⁶

291 1811 572 1881 quantur.
609 1808 980 1880 Propositum
1013 1812 1216 1864 autem
1242 1811 1333 1864 est
1362 1807 1535 1864 nobis
1560 1822 1633 1864 ex
1657 1812 1823 1879 parte
1851 1823 1947 1863 ve-

290 1901 432 1961 stra,
465 1895 664 1952 dilecti
688 1897 748 1952 in
783 1897 1037 1953 Domino
1067 1897 1188 1963 filii,
1228 1896 1392 1970 quod
1416 1896 1592 1953 bonae
1636 1897 1944 1952 memoriae

285 1984 613 2051 Liemarus‚
650 1986 980 2042 Bremensis
1009 1985 1322 2059 quondam
1362 1985 1705 2058 episcopus,
1736 1986 1812 2041 de
1840 1983 1946 2042 ob-

289 2073 498 2146 sequio
517 2075 699 2130 nostri
713 2074 996 2130 creatoris
1012 2076 1514 2133 etsustentatione
1531 2074 1942 2131 ministrorum

286 2163 415 2235 ejus
447 2163 503 2218 in
523 2161 771 2220 ecclesia
792 2168 1004 2229 vestra,
1035 2179 1147 2237 pro
1172 2162 1531 2236 episcopalis
1548 2162 1731 2220 officii
1753 2162 1944 2220 admi·

287 2242 640 2308 nistratione
706 2252 1012 2321 sollicitus,
1068 2258 1241 2326 prout
1295 2252 1540 2309 inferius
1595 2252 1940 2320 adnotatur,

290 2339 518 2397 clericis
548 2342 603 2395 in
630 2340 877 2398 ecclesia
897 2347 1095 2398 vestra
1126 2342 1381 2398 Domino
1413 2341 1804 2399 servientibus
1839 2355 1946 2398 ne-

290 2431 547 2486 cessaria
597 2429 891 2502 stipendia
931 2430 1241 2503 providere
1296 2431 1527 2487 curavit
1558 2437 1614 2488 et
1645 2431 1943 2504 perpetuis

288 2517 658 2589 temporibus
684 2520 988 2575 constituit
1008 2519 1377 2579 exhibenda:
1409 2520 1574 2576 omni
1596 2518 1813 2576 scilicet
1844 2518 1941 2576 die

287 2621 505 2679 panem
530 2621 718 2662 unum
736 2613 910 2664 tantoe
926 2608 1374 2678 magnitudinis,
1392 2613 1454 2665 ut
1467 2612 1695 2680 septem
1708 2609 1944 2681 possint

289 2695 363 2752 de
388 2711 670 2751 mensura
697 2697 878 2752 modii
906 2697 1060 2753 illius
1087 2697 1200 2753 loci
1230 2697 1474 2754 formari
1496 2716 1513 2768 3
1547 2700 1808 2770 quatuor
1832 2697 1940 2755 be-

287 2783 484 2839 carios
514 2783 796 2851 cervisiae,
833 2801 1019 2840 unum
1060 2785 1378 2842 denarium
1409 2785 1784 2841 Gavariensis
1817 2802 1943 2844 mo·

286 2876 439 2929 netae
463 2887 568 2943 per
595 2873 862 2944 singulos
887 2873 1034 2941 dies,
1062 2878 1119 2930 et
1139 2874 1347 2931 decem
1379 2873 1602 2930 solidos
1628 2875 1941 2933 annuatim

289 2961 367 3019 ad
424 2961 731 3019 utilitatem
780 2962 1040 3020 vestium
1096 2962 1595 3037 comparandam.
1630 2965 1943 3023 Constituit

288 3052 467 3107 etiam
490 3057 546 3107 et
560 3053 990 3123 superaddidit,
1006 3053 1169 3109 omni
1187 3052 1283 3110 die
1299 3054 1606 3110 Dominico
1620 3054 1941 3125 pulchrum

287 3154 508 3212 panem
528 3139 828 3210 siliginum
842 3146 895 3196 et
912 3140 1227 3198 denarium
1248 3158 1384 3197 cum
1405 3142 1644 3198 becario
1663 3142 1940 3198 medonis

287 3227 382 3284 vel
413 3226 652 3283 duobus
683 3230 963 3285 cervisias.
992 3232 1056 3285 ln
1080 3229 1414 3301 majoribus
1444 3235 1642 3286 autem
1667 3230 1942 3289 festivita-

290 3315 473 3381 tibus,
529 3317 802 3373 videlicet
847 3319 905 3374 in
955 3318 1145 3375 Natali
1205 3318 1463 3387 Domini,
1508 3320 1652 3392 ipsis
1682 3325 1942 3392 quatuor

288 3403 524 3471 diebus,
553 3406 612 3461 in
637 3407 1099 3464 Circumcisione
1133 3408 1385 3475 Domini,
1411 3408 1470 3463 in
1496 3408 1852 3480 Epiphania,
1879 3409 1942 3465 in

289 3493 699 3552 purificatione
746 3502 968 3554 sancta>
1015 3498 1229 3563 Marioe,
1274 3498 1334 3553 in
1387 3497 1699 3554 festivitate
1751 3498 1941 3554 sancti

289 3584 630 3649 &laubiis-‚in
646 3583 1026 3656 depositione
1039 3586 1261 3653 carnis,
1280 3587 1340 3642 in
1356 3586 1450 3642 die
1466 3591 1674 3642 sancto
1697 3587 1940 3643 Pascbae

287 3686 427 3728 cum
452 3672 754 3744 paoximis
776 3673 963 3730 tribus
979 3674 1212 3745 diebus,
1232 3674 1292 3730 in
1314 3674 1629 3731 festivitate
1645 3676 1942 3747 apostolo·

287 3775 423 3816 rum
455 3759 709 3834 Philippi
739 3766 795 3818 et
834 3762 1059 3829 iacobi,
1086 3764 1146 3818 in
1178 3763 1540 3819 Ascensione
1593 3764 1846 3832 Domini,
1878 3765 1940 3820 in

288 3846 385 3904 die
420 3853 625 3904 sancto
659 3852 1046 3920 pentecostes,
1077 3850 1311 3908 inferia
1336 3850 1625 3920 secunda,
1658 3852 1718 3907 in
1749 3853 1938 3918 tertia,

288 3938 350 3994 in
379 3942 615 4009 quarta,
662 3938 723 3994 in
766 3938 916 3996 festo
946 3941 1134 3997 sancti
1165 3941 1414 3997 Joannis
1446 3942 1741 4013 Baptistoe,
1769 3941 1831 3997 in
1863 3942 1942 3997 ie-

289 4027 540 4084 stivitate
562 4029 974 4099 apostolorum
1000 4030 1150 4086 Petri
1176 4037 1232 4086 et
1250 4031 1434 4097 Pauli,
1460 4035 1517 4086 et
1539 4030 1566 4084 J
1574 4030 1767 4097 acobi‚
1795 4032 1942 4088 Lau·

286 4115 479 4188 rentii,
507 4118 566 4171 in
597 4118 1027 4188 Assumptione
1052 4124 1274 4175 sanctae
1304 4120 1518 4186 Marias,
1539 4120 1601 4176 in
1627 4119 1940 4178 festivitate

288 4204 475 4261 sancti
496 4204 936 4272 Bartholomaei,
957 4208 1018 4263 in
1048 4208 1352 4264 nativitate
1381 4214 1600 4265 sanctae
1630 4207 1846 4276 Mariae,
1878 4210 1941 4266 in

287 4289 601 4348 festivitate
631 4294 818 4349 sancti
861 4295 1110 4351 Mattbaei
1140 4297 1415 4367 apostoli,
1446 4298 1633 4354 sancti
1667 4298 1939 4363 mauritii,

289 4386 346 4435 et
389 4379 449 4435 in
483 4379 856 4437 dedicatione
899 4382 1170 4453 ejusdem
1209 4384 1494 4451 ecclesiae,
1527 4385 1586 4440 in
1628 4385 1940 4443 festivitate

289 4468 479 4526 sancti
504 4469 818 4537 Michaelis,
852 4477 1194 4528 sanctorum
1241 4473 1648 4545 apostolorum
1679 4474 1937 4530 Simonis

289 4561 348 4615 et
373 4558 550 4625 Judae,
584 4560 866 4617 Omnium
893 4563 1266 4628 Sanctorum,
1295 4567 1354 4619 et
1376 4563 1562 4619 sancti
1611 4562 1936 4629 willehadi,

286 4646 537 4705 Andreas
550 4649 850 4706 etThomae
863 4650 1280 4723 apostolorum
1294 4652 1614 4725 unicuique
1628 4652 1938 4723 pulchrum

285 4750 530 4809 panem,
560 4742 822 4809 quatuor
848 4738 1089 4795 insimul
1127 4737 1456 4812 porcellum
1487 4738 1852 4797 ablactatum
1882 4747 1940 4798 et

285 4824 541 4897 pullum,
576 4825 661 4881 vel
691 4826 968 4898 privatim
989 4825 1327 4884 denarium.
1350 4830 1487 4885 Tres
1509 4829 1781 4886 becarios
1811 4831 1940 4887 uni-

287 4912 505 4986 cuique
529 4915 879 4986 presbytero
896 4916 1190 4981 medoniS,
1218 4917 1374 4972 duos
1389 4916 1668 4984 diacono,
1689 4917 1939 4975 totidem

287 5002 681 5074 subdiacono,
697 5003 794 5061 .vel
817 5004 907 5061 bis
924 5010 1156 5062 tantum
1176 5005 1375 5063 electae
1391 5006 1546 5062 cervi
1555 5008 1676 5063 siae.
1700 5006 1942 5065 Addidit

287 5091 531 5165 insuper
560 5091 638 5149 ad
687 5092 1178 5167 supplementum
1225 5095 1565 5168 praebendae
1597 5110 1707 5168 pro
1736 5095 1939 5153 debito

287 5181 592 5238 charitatis
666 5182 1038 5250 solvendum,
1098 5183 1395 5258 quidquid
1456 5199 1565 5257 pro
1620 5183 1939 5257 sepulturis

286 5274 665 5328 mortuorum
695 5276 754 5328 tn
786 5271 1045 5331 denariis
1076 5272 1200 5330 sive
1232 5273 1474 5346 praediis
1507 5273 1609 5346 pia
1639 5273 1813 5331 fuerit
1839 5272 1941 5331 de·

288 5359 524 5417 votione
568 5359 874 5418 collatum.
921 5361 1224 5436 Quidquid
1257 5377 1400 5419 vero
1440 5362 1784 5419 reddituum
1814 5361 1939 5419 sive

290 5457 503 5503 census
534 5464 715 5523 super
742 5466 1070 5521 expensam
1103 5451 1443 5523 praebendae
1473 5451 1723 5508 fratrum
1748 5467 1940 5511 rema·

289 5544 432 5589 nere
455 5537 785 5610 contigerit,
814 5540 874 5594 in
894 5537 1358 5598 oedificationem
1385 5544 1443 5598 et
1464 5544 1826 5598 structuram
1846 5556 1940 5599 ec-

2052 1781 2307 1855 cipimus
2318 1785 2375 1837 et
2386 1781 2692 1854 proesentis
2705 1779 2906 1852 scripti
2923 1778 3227 1852 privilegio
3239 1778 3716 1836 communimus.

2121 1870 2509 1927 Decernimus
2536 1884 2677 1939 ergo
2708 1873 2772 1926 ut
2805 1866 2955 1924 nulli
2985 1867 3238 1924 omnino
3269 1866 3595 1925 bominum
3627 1867 3716 1927 fas

2053 1958 2130 2016 sit
2158 1958 2471 2032 praefatam
2489 1957 2805 2015 ecclesiam
2834 1962 3053 2015 temere
3071 1955 3441 2029 perturbare,
3460 1962 3572 2014 aut
3586 1958 3718 2029 ejus

2053 2048 2471 2121 possessiones
2503 2047 2736 2104 auferre
2764 2044 2860 2104 vel
2889 2046 3123 2104 ablatas
3140 2047 3417 2112 retinere,
3442 2047 3718 2104 minuere

2053 2143 2157 2195 aut
2183 2137 2555 2211 quibuslibet
2594 2136 3009 2194 vexationibus
3056 2136 3327 2207 fatigare,
3363 2136 3470 2193 sed
3518 2137 3722 2194 omnia

2053 2227 2284 2300 integra
2312 2233 2738 2283 conserventur
2756 2240 2987 2293 eorum,
3005 2240 3115 2297 pro
3136 2240 3395 2299 quorum
3421 2224 3723 2295 guberna·

2051 2316 2214 2372 tione
2239 2318 2297 2371 et
2317 2315 2748 2373 sustentatione
2778 2329 3067 2372 concessa
3095 2319 3256 2382 sunt,
3290 2312 3507 2371 usibus
3530 2313 3720 2371 omni.

2049 2405 2248 2462 modis
2264 2404 2404 2478 prof
2407 2408 2583 2462 utura
2593 2421 2612 2472 ,·
2636 2404 2802 2461 salva
2822 2404 2982 2460 sedis
2997 2403 3338 2476 apostolicas
3364 2403 3720 2460 auctoritate

2050 2501 2106 2551 et
2133 2492 2738 2566 dioecesaniepiscopi
2751 2492 3043 2550 canonica
3050 2493 3298 2565 justitia.
3317 2492 3378 2551 Si
3403 2508 3532 2565 qua
3544 2492 3718 2564 igitur

2049 2583 2112 2640 in
2142 2582 2409 2640 futurum
2447 2582 2851 2639 ecclesiastica
2876 2582 3252 2639 saecularisve
3291 2597 3583 2654 persona,
3606 2584 3710 2639 etc.

2121 2672 2338 2728 Datum
2397 2670 2647 2741 velletri,
2700 2687 2807 2744 per
2852 2687 3096 2728 manum
3144 2670 3388 2737 Alberti‚
3430 2673 3709 2729 Romanas

2051 2758 2320 2817 Ecclesiae
2348 2759 2683 2833 presbyteri
2725 2758 3047 2817 cardinalis
3077 2764 3133 2816 et
3174 2757 3549 2826 cancellarii,
3578 2773 3709 2815 xvm

2048 2847 2348 2906 Kalendas
2368 2850 2394 2904 1
2403 2848 2547 2914 unii,
2570 2848 2891 2905 indictione
2918 2863 3011 2915 xv,
3037 2846 3491 2906 incarnationis
3522 2846 3711 2904 Domi·

2048 2938 2204 2995 nicoe
2257 2952 2413 2993 anno
2473 2940 2625 3006 1181,
2667 2938 3051 3011 pontificatus
3102 2952 3241 2994 vero
3278 2936 3522 2993 domini
3561 2934 3710 2993 Lucii

2049 3043 2225 3101 papae
2255 3028 2325 3083 ltI
2360 3043 2523 3085 anno
2547 3026 2766 3102 primo.

2800 3118 2958 3173 Lvtt.

2052 3204 2323 3264 Ger-ardo
2343 3206 2789 3276 archiepiscopo
2816 3205 3155 3264 Ravennati
3182 3205 3438 3264 mandat
3476 3225 3502 3258 ι
3533 3211 3598 3262 ut
3623 3220 3708 3262 sa·

2122 3285 2493 3335 crumentum
2508 3278 2674 3347 apud
2685 3293 2745 3335 sc
2764 3278 2962 3336 dicere
2980 3276 3166 3346 plebis
3185 3276 3246 3333 S.
3265 3277 3488 3334 Maria
3497 3276 3563 3332 in
3575 3278 3709 3333 Por-

2122 3355 2207 3415 tu,
2229 3349 2418 3415 plebis
2434 3349 2495 3405 S.
2522 3350 2778 3406 Martini
2790 3350 2854 3405 in
2868 3349 3096 3406 Maiam
3112 3347 3345 3404 incolas
3369 3348 3708 3422 atquealios

2120 3421 2183 3477 in
2203 3420 2428 3477 ditione
2442 3421 2819 3477 Fert-ariensi
2828 3422 3057 3490 jubeat,
3072 3421 3470 3491 quos,jm·ata
3485 3420 3707 3477 archie-

2118 3491 3179 3563 piscopiobediemia,Fe²-rariensium
3193 3493 3706 3563 consulumjussu,

2119 3564 2427 3621 Per-iciunis
2453 3579 2657 3621 corum
2689 3564 3121 3631 internuntius,
3153 3569 3486 3621 exemerat.
3519 3583 3546 3615 ι

2575 3651 2852 3721 (velletri,
2890 3650 3023 3709 Maii
3059 3650 3173 3724 21.)

2124 3739 2298 3814 [Vide
2323 3743 2512 3807 Rusti,
2548 3741 2875 3798 Historiam
2912 3743 3336 3808 Ravennatem,
3365 3755 3430 3814 p.
3463 3740 3624 3816 353.]

2772 3847 2954 3903 LVttt.

2052 3953 2477 4011 Monasterium
2508 3955 2884 4026 Dudleyense
2908 3955 3190 4013 tuendum
3222 3956 3484 4026 suscipit
3509 3964 3567 4016 et
3593 3959 3707 4029 ejus

2262 4026 2650 4096 possessiones
2697 4042 2769 4083 ac
2789 4027 3111 4097 privilegia
3141 4028 3498 4097 confirmat.

2566 4115 2826 4184 (Velletri
2855 4116 2884 4173 ἳ
2909 4117 3044 4173 Jun.
3073 4116 3189 4188 16.)

2407 4204 2804 4277 [Monascicon
2832 4206 3099 4277 Anqlic„
3129 4209 3168 4271 1,
3196 4204 3365 4281 sm]

2121 4294 2323 4352 Luctus
2355 4295 2697 4366 episcopus,
2729 4310 2937 4351 servus
2966 4310 3280 4352 servorum
3325 4295 3459 4364 Dei,
3490 4297 3710 4355 dilectis

2051 4382 2175 4437 suis
2208 4384 2511 4440 Enniano
2543 4383 2720 4455 priori
2754 4383 3020 4443 ecclesias
3062 4383 3136 4442 de
3168 4383 3429 4443 Dudleia
3467 4387 3710 4461 ejusque

2049 4470 2354 4538 fratribus,
2389 4477 2512 4528 tam
2547 4472 2940 4544 praesentibus
2981 4488 3168 4547 quam
3209 4471 3454 4541 tuturis,
3489 4476 3710 4548 regula·

2049 4575 2174 4617 rem
2207 4560 2389 4618 vitam
2418 4562 2701 4633 protessis
2737 4562 2796 4617 in
2828 4566 3208 4635 perpetuum.

2120 4648 2232 4716 Qui
2257 4650 2601 4722 postpositis
2630 4650 3016 4708 soecularibus
3040 4650 3364 4709 desideriis
3396 4654 3522 4712 sub
3547 4669 3711 4726 regu-

2046 4737 2155 4795 lari
2184 4738 2500 4811 disciplina
2533 4756 2714 4797 suum
2759 4745 3050 4797 voverunt
3088 4741 3348 4799 Domino
3383 4744 3709 4809 servitium,

2049 4827 2379 4899 apostolico
2408 4827 2630 4885 debent
2649 4829 2977 4900 patrocinio
3007 4830 3400 4898 communiri,
3435 4848 3516 4890 ne
3544 4833 3608 4890 in
3631 4830 3712 4888 sui

2049 4914 2338 4988 propositi
2351 4917 2728 4973 exsecutione
2743 4917 3127 4990 tepescant,si
3147 4933 3485 4989 pravorum
3509 4922 3712 4979 inerint

2048 5004 2280 5076 injuriis
2302 5003 2585 5062 lacesciti.
2615 5006 2962 5079 Eapropter,
2991 5006 3188 5063 dilecti
3221 5008 3282 5063 in
3301 5007 3584 5069 Domino
3601 5009 3707 5072 mii.

2050 5093 2257 5151 vestris
2269 5094 2445 5165 justis
2476 5095 2983 5168 postulationibus
3013 5095 3337 5153 clementer
3362 5100 3704 5162 annuimus

2048 5183 2434 5255 etpraetatam
2459 5183 2771 5241 ecclesiam
2796 5185 2854 5241 in
2879 5199 3002 5257 qua
3018 5184 3223 5241 divino
3243 5187 3397 5244 estis
3417 5190 3708 5265 obsequio

2048 5270 2399 5345 mancipati,
2434 5273 2543 5328 sub
2575 5274 2633 5328 B.
2667 5274 2819 5331 Petri
2863 5281 2920 5330 et
2944 5279 3150 5330 nostra
3177 5278 3576 5345 protectione
3604 5294 3704 5336 sus·

2049 5360 2309 5434 cipimus
2340 5367 2395 5417 et
2426 5363 2734 5435 praesentis
2779 5362 2979 5436 scripti
3028 5361 3346 5435 privilegio
3378 5367 3704 5427 communi·
3745 5413 3750 5426 .

2048 5466 2205 5518 mus,
2233 5450 2530 5526 imprimis
2558 5450 2855 5524 siquidem
2881 5456 3203 5508 statuentes
3232 5459 3295 5508 nt
3323 5455 3491 5516 ordo
3519 5471 3703 5518 mons·

2049 5540 2232 5602 sticus
2267 5541 2374 5620 qui
2413 5539 2752 5602 secundum
2779 5540 2968 5599 Deum
2994 5546 3054 5599 et
3077 5541 3140 5606 Β.
3171 5542 3494 5604 Benedicti
3532 5550 3698 5620 Baga·
