3784 6000
173 106 301 173 15⁴1

686 105 887 168 HIST.
937 106 1207 170 RERUM
1250 109 1779 173 TRANSMARIN.
1827 143 1905 154 —
1948 109 2100 173 Lm.
2143 110 2272 174 xn.
2321 112 2769 178 RALDUINUS
2814 114 2868 178 11
2917 117 3095 180 REX.

3473 124 3592 187 542

175 244 520 309 audierant,
547 239 741 314 plagis
771 238 1035 296 sentiunt
1056 240 1366 312 impositis,
1399 246 1457 299 et
1475 243 1704 299 oculata
1727 242 1840 298 fide
1868 244 1923 311 Α
1954 258 2089 318 ergo
2109 244 2371 302 ordinato
2410 245 2682 315 exercitu,
2724 261 2925 306 versus
2961 248 3158 310 littora
3205 255 3592 327 proficiscun-

173 337 555 393 oontuentur.
599 332 819 386 Parant
867 334 1092 395 tamen,
1140 340 1193 387 et
1251 333 1617 388 contendunt
1664 331 1841 387 illatis

172 424 447 481 resistere
476 419 710 491 inJuriis
739 427 793 476 et
823 422 1041 475 nostris
1072 436 1238 492 aequa
1261 421 1424 477 lance
1448 421 1794 494 respondere
1821 441 1835 489 ;

178 513 284 570 sed
318 511 493 583 longe
515 512 766 579 impares
788 511 846 564 et
862 508 1077 564 animis
1108 513 1165 565 et
1184 510 1429 578 viribus,
1462 511 1524 566 in
1548 509 1841 581 proposito

182 601 491 667 deficiunt,
531 600 731 672 rugam
776 597 1069 655 ineuntes.
1113 598 1354 656 Relictis
1394 600 1572 669 igitur
1612 599 1839 669 castris,

180 692 349 751 omni
377 688 715 747 divitiarum
763 703 983 761 genere
1025 694 1080 744 et
1125 690 1539 746 commoditate
1589 689 1838 746 refertis,

179 784 321 855 ruga
350 779 483 837 vita!
522 777 856 835 consulunt.
907 777 1103 834 Nostri
1152 782 1349 834 tamen
1373 778 1722 835 insectantes
1750 777 1843 834 in-

182 870 463 939 stantius,
494 869 779 941 quotquot
808 882 876 922 ex
912 867 998 924 eis
1015 868 1294 940 consequi
1329 871 1596 939 possunt,
1632 867 1842 942 gladiis

177 959 558 1023 obtruncant,
601 958 684 1012 ita
715 960 780 1012 ut
816 956 887 1011 de
934 958 1097 1011 tanta
1147 956 1519 1012 multitudine
1542 957 1708 1027 pauci
1750 956 1842 1012 vel

182 1048 423 1107 vinnula
444 1048 532 1104 vel
577 1050 825 1102 mortem
856 1046 1162 1103 evaserint.
1199 1046 1487 1102 Dicuntur
1533 1063 1601 1103 ea
1629 1045 1721 1102 die
1749 1061 1843 1102 se·

182 1149 347 1215 ptem
376 1155 448 1197 ex
467 1140 519 1196 ei
560 1137 742 1195 millia
777 1137 1081 1194 cecidisse.
1135 1138 1323 1194 Nostri
1374 1142 1565 1194 autem
1591 1136 1841 1193 victores

183 1233 244 1289 in
277 1234 475 1288 castra
504 1228 739 1296 reversi,
790 1244 958 1302 gazas
1012 1227 1328 1300 AEgyptias,
1372 1228 1666 1285 immensa
1715 1227 1841 1283 auri

185 1319 542 1392 argentique
600 1318 881 1391 pondera,
931 1316 1350 1388 supellectilem
1420 1317 1564 1374 varii
1617 1317 1844 1389 generis

186 1408 708 1482 pretiosissimam,
740 1406 1062 1479 papiliones
1094 1410 1149 1463 et
1176 1407 1446 1476 tentoria,
1462 1423 1664 1479 equos,
1697 1405 1844 1463 lori-

184 1515 312 1568 cas,
366 1497 595 1572 gladios
652 1497 886 1569 copiose
943 1497 1317 1568 reperientes,
1371 1498 1506 1567 Jure
1554 1496 1842 1554 bellorum

186 1587 521 1645 dividentes
552 1585 763 1659 spolia,
790 1602 966 1656 supra
986 1586 1226 1642 modum
1243 1585 1600 1655 locupletati,
1623 1586 1837 1642 reversi
1873 1627 1919 1692 B

186 1680 336 1733 sunt
361 1676 435 1731 ad
468 1674 722 1747 propria.
749 1673 968 1731 Classis
1012 1690 1146 1730 vero
1194 1673 1488 1730 intellecto
1527 1674 1668 1747 quid
1717 1675 1842 1732 suis

186 1764 509 1832 acciderat,
530 1772 593 1821 ut
613 1779 878 1821 securam
895 1762 1005 1819 sibi
1027 1763 1335 1820 stationem
1358 1762 1658 1837 eligerent,
1681 1765 1840 1837 apud

185 1853 565 1919 Ascaloman,
595 1869 720 1924 quae
754 1852 947 1909 adbuc
993 1852 1053 1908 in
1083 1869 1286 1908 eorum
1348 1856 1633 1924 potestate
1691 1856 1838 1919 erat,

189 1942 580 2013 declinantes,
621 1942 693 1997 de
720 1957 965 1998 suorum
996 1941 1165 1997 ruina
1204 1941 1438 2014 plenius
1468 1942 1655 1998 edocti
1679 1946 1838 1999 sunt.

188 2033 303 2090 Per
331 2031 490 2088 idem
522 2035 776 2103 tempus,
802 2030 1075 2088 dominus
1103 2030 1447 2087 Eustochiae
1476 2030 1713 2099 Grener,
1748 2047 1842 2087 re·

194 2121 300 2196 gni
320 2124 677 2194 procurator,
709 2121 799 2177 vir
830 2118 1100 2192 providus
1138 2123 1197 2176 et
1236 2118 1546 2189 discretus,
1579 2120 1700 2177 vita
1739 2121 1841 2176 de-

194 2208 376 2265 cessit
407 2224 422 2264 :
457 2208 518 2265 in
547 2209 719 2279 cujus
760 2206 887 2263 loco
916 2207 1269 2264 substitutus
1300 2212 1386 2263 est
1421 2208 1701 2265 dominus
1723 2207 1841 2264 wil

192 2297 413 2356 lelmus
431 2297 501 2354 de
528 2295 722 2366 Buris,
742 2297 832 2352 vir
861 2296 1227 2369 magnificus,
1261 2301 1318 2352 et
1348 2313 1448 2370 per
1477 2297 1676 2354 omnia
1696 2313 1846 2355 com·

196 2386 575 2456 mandabitis,
603 2385 1040 2443 Tiberiadensis
1071 2387 1367 2443 dominus.

801 2475 1034 2533 CAPUT
1070 2476 1249 2533 xxn.

195 2571 331 2626 Dux
355 2568 725 2626 Vmeeiaeeum
735 2568 906 2625 classe
918 2584 1219 2624 numerosa
1241 2568 1519 2625 descendit
1530 2568 1592 2624 in
1607 2567 1842 2640 Syriam.

270 2657 489 2715 Eodem
523 2661 810 2730 tempore,
841 2656 1041 2713 audita
1069 2658 1232 2729 regni
1261 2656 1568 2714 orientalis
1592 2658 1848 2715 necessi·

204 2750 349 2818 tate,
381 2747 500 2803 dux
528 2746 805 2817 venetius,
837 2746 1177 2803 Dominicus
1204 2747 1526 2809 Michaelis.
1568 2763 1684 2803 una
1713 2763 1845 2805 cum

204 2836 531 2909 majoribus
577 2835 845 2908 ejusdem
896 2835 1227 2908 provincias,
1276 2835 1602 2908 composita
1637 2835 1845 2907 classe,

1943 335 2060 389 tur.
2092 333 2227 389 Erat
2247 340 2437 390 autem
2471 335 2553 392 eis
2581 341 2637 393 et
2659 353 2812 395 aurae
2838 338 2997 396 favor
3011 342 3307 413 optabilis,
3339 349 3397 402 et
3415 346 3595 405 maris

1945 428 2114 493 grata
2158 423 2566 494 tranquillitas,
2614 429 2670 481 et
2719 427 2973 484 bostium
3025 432 3231 490 classis
3272 434 3330 490 in
3381 435 3596 493 vicino.

1946 510 2354 585 Cumquejam
2386 519 2541 571 esset
2588 514 2738 571 circa
2785 519 3193 590 crepusculum
3238 525 3593 582 matutinum

1947 607 2002 657 et
2030 617 2238 659 aurora
2265 602 2417 660 lucis
2448 604 2690 661 orientis
2720 607 3016 666 nuntiaret
3039 609 3372 684 adveutum,
3393 614 3594 672 hostes

1947 689 2195 747 classem
2225 693 2487 749 sentiunt
2516 693 2821 765 advenire3
2855 695 2949 752 die
2965 714 3196 771 quoque
3216 700 3460 760 luminis
3474 719 3592 760 am·

1947 778 2104 850 plius
2159 780 2553 849 ministrante,
2619 799 2747 839 eam
2811 786 3186 857 conspiciunt
3228 789 3591 849 viciniorem.

1947 866 2267 938 stupefacti
2293 885 2446 941 ergo,
2469 874 2526 925 et
2543 871 2863 942 plurimum
2883 873 3178 945 timentes,
3208 892 3401 936 remos
3423 880 3599 937 corri-

1949 955 2136 1027 piunt,
2188 964 2242 1012 et
2285 956 2539 1014 clamore
2592 967 2645 1015 et
2685 962 2927 1018 nutibus
2975 981 3111 1022 suos
3161 964 3489 1037 hortantur,
3537 974 3606 1025 ut

1948 1045 2115 1102 funes
2147 1048 2503 1114 rescindant,
2533 1050 2817 1106 anchoras
2854 1052 3097 1124 erigant,
3151 1055 3399 1129 remiges
3438 1057 3599 1115 ordi-

1949 1138 2089 1191 nent
2107 1139 2164 1192 et
2201 1136 2272 1193 de
2303 1153 2499 1209 pugna
2528 1139 2719 1194 securi
2750 1156 2913 1196 arma
2937 1142 3275 1215 corripiant.

2531 1245 2761 1304 CAPUT
2779 1248 3006 1308 ‘'XXIII.

1946 1333 2186 1389 Classem
2223 1333 2462 1390 hostium
2507 1337 2659 1392 circa
2705 1338 2910 1410 Joppen
2965 1345 3242 1412 repertam
3283 1344 3432 1401 idem
3477 1345 3595 1403 dua:

2014 1405 2281 1460 violenter
2322 1406 2584 1478 effrinqit,
2626 1413 2675 1465 et
2716 1413 2981 1467 convertit
3030 1413 3089 1467 in
3147 1415 3361 1485 fraqam,
3417 1418 3597 1486 caleis

2012 1477 2269 1547 pluribus
2310 1481 2563 1535 retentis.

2019 1582 2248 1640 Interea
2277 1583 2418 1639 dum
2452 1585 2574 1641 haec
2609 1587 2763 1656 apud
2802 1586 2995 1645 hostes
3029 1591 3261 1648 turbato
3291 1593 3494 1652 ordine
3541 1598 3599 1653 et

1951 1671 2196 1726 confuso
2252 1670 2532 1739 tumultu,
2593 1677 2751 1727 metu
2801 1675 3205 1734 contusionem
3254 1678 3593 1751 inducente,

1950 1748 2221 1812 aguntur,
2252 1757 2383 1799 ecce
2411 1758 2479 1797 ex
2515 1741 2799 1799 Veneticis
2830 1745 3007 1819 galeis
3036 1764 3173 1815 una,
3221 1750 3315 1806 cui
3339 1751 3459 1808 dux
3507 1752 3596 1808 in-

1951 1835 2094 1897 erat,
2118 1831 2261 1888 alias
2290 1830 2592 1888 velocitate
2611 1849 2991 1904 praecurrens,
3012 1853 3142 1893 eam
3165 1854 3301 1895 casu
3325 1839 3587 1910 fortuito,

1951 1922 2044 1976 cui
2076 1921 2255 1993 partis
2293 1922 2411 1978 dux
2439 1922 2694 1979 adversas
2739 1923 3046 1993 insidebat,
3085 1930 3247 1984 tanto
3291 1929 3592 1988 concussit

1950 2010 2196 2081 impetu,
2226 2015 2290 2067 ut
2310 2026 2455 2083 pene
2477 2016 2657 2068 totam
2678 2028 2812 2069 cum
2832 2015 2957 2071 suis
2979 2016 3297 2089 remigibus
3316 2017 3595 2077 fluctibus

1951 2100 2264 2157 involveret
2286 2121 2301 2171 ;
2324 2101 2449 2157 aliae
2480 2101 2710 2159 tandem
2729 2103 2913 2159 multa
2941 2104 3239 2163 velocitate
3260 2112 3599 2182 sequentes,

1954 2191 2196 2264 singulae
2237 2190 2502 2262 singulas
2542 2207 2688 2263 pene
2721 2192 2881 2248 fretis
2919 2193 3246 2254 involvunt.
3278 2196 3368 2253 Fit
3417 2198 3602 2272 igitur

1956 2297 2153 2355 pugna
2182 2281 2399 2354 gravis,
2428 2286 2485 2338 et
2513 2297 2868 2355 congressus
2913 2281 3183 2355 utrinque
3214 2283 3378 2342 valde
3413 2286 3605 2344 hosti-

1955 2369 2050 2438 lis,
2082 2375 2359 2442 tantaque
2404 2379 2625 2442 strages
2654 2370 2986 2438 hominum,
3024 2380 3084 2428 ut
3114 2372 3291 2430 etiam
3316 2373 3453 2446 (etsi
3484 2375 3600 2431 flde

1953 2461 2219 2518 videatur
2246 2461 2465 2533 carere)
2494 2460 2596 2532 qui
2621 2460 3035 2531 interfuerunt,
3077 2465 3413 2520 constanter
3440 2479 3597 2522 asse·

1957 2555 2108 2618 rant,
2129 2551 2417 2606 victorum
2441 2549 2639 2622 pedes,
2662 2549 2989 2607 occisorum
3013 2551 3298 2623 sanguine
3316 2567 3501 2625 usque
3523 2553 3599 2610 ad

1957 2655 2255 2696 summum
2281 2654 2505 2706 eorum,
2538 2642 2869 2695 cruentatos
2898 2639 3196 2696 sorduisse
3233 2655 3247 2695 :
3280 2655 3441 2698 mare
3461 2656 3597 2699 vero

1955 2728 2229 2798 adjacens
2257 2727 2329 2783 de
2359 2726 2732 2799 praecipitatis
2748 2726 3111 2799 corporibus,
3145 2733 3201 2785 et
3230 2728 3505 2787 effluente
3519 2730 3593 2787 de

1959 2816 3005 2889 navibusinteremptorumsanguine,
3028 2819 3292 2891 usquead
3310 2835 3594 2892 passuum

199 2941 336 2983 oum
368 2924 760 2997 quadraginta
788 2925 991 2997 galeis.
1013 2925 1164 2997 gatis
1186 2925 1400 2998 vigenti
1422 2930 1572 2993 octo,
1597 2933 1846 2999 quatuor
1955 2906 2014 2962 ¹¹¹
2037 2905 2283 2963 emmim
2325 2906 2440 2962 ‘¹¹¹⁰
2490 2903 2693 2975 mini&
2742 2905 2992 2964 ⁰⁰¹01'0m
3041 2908 3430 2979 ⁸⁸1¹8¹¹i⁰0¹³¹1²
3469 2925 3602 2966 ⁰01²·

199 3014 525 3086 maJoribus
550 3015 616 3072 ad
652 3014 990 3072 devehenda
1018 3031 1192 3072 onera
1211 3015 1421 3086 aptatis
1448 3015 1712 3082 navibus,
1739 3016 1848 3073 iter
1875 2992 1920 3061 C
1956 2995 2204 3053 “⁸¹5⁸‘ss
2233 3016 2249 3066 ἱ
2284 2996 2479 3053 mmm
2508 3012 2643 3052 ‘'⁰¹⁸“
2686 2996 3061 3054 cadwel’ffiu‘
3091 3014 3125 3054 ²
3149 2996 3274 3055 ³⁸¹0
3320 2996 3598 3072 FPO-5⁰⁰&

199 3104 260 3161 in
292 3104 520 3175 Syriam
549 3104 872 3177 arripiunt;
906 3121 1161 3178 cumque
1192 3106 1249 3161 in
1293 3107 1542 3181 Cyprum
1590 3106 1846 3164 insulam

200 3192 621 3267 pervenissent,
641 3193 1051 3250 denuntiatum
1082 3198 1172 3250 est
1201 3194 1306 3261 eis,
1338 3210 1536 3251 eorum
1560 3195 1684 3267 jam
1709 3211 1849 3267 praa·

198 3281 438 3356 cognito
498 3282 775 3350 adventu,
820 3281 971 3353 quod
1015 3283 1417 3355 AEgyptiorum
1451 3283 1657 3340 classis
1693 3284 1848 3341 circa

198 3379 397 3443 partes
425 3370 608 3444 Syrias
637 3370 696 3427 in
728 3368 1024 3427 maritima
1052 3371 1333 3443 Joppensi
1364 3372 1767 3443 applicuisset,
1789 3377 1848 3429 et

195 3460 356 3517 circa
384 3463 583 3532 partes
602 3457 735 3515 illas
757 3474 980 3517 moram
1008 3460 1240 3529 faceret,
1266 3460 1512 3516 urbibus
1532 3460 1845 3519 maritimis

191 3547 365 3605 valde
404 3552 756 3618 suspectam.
809 3548 932 3613 Quo
974 3549 1196 3616 audito,
1248 3548 1366 3605 dux
1395 3550 1672 3621 proet'atus
1719 3551 1844 3608 suis

188 3652 499 3712 egressum
520 3636 748 3706 indicit,
769 3642 824 3694 et
845 3637 1115 3694 ordinato
1138 3639 1412 3705 exercitu,
1431 3654 1633 3695 versus
1648 3638 1844 3697 littora

186 3725 511 3801 Joppensia
541 3741 777 3783 cursum
806 3727 1446 3784 accelerat.Nuntiatur
1477 3727 1560 3783 eis
1598 3728 1840 3795 interea.

189 3815 349 3889 quod
382 3814 660 3887 prodicta
705 3814 913 3871 elassis
958 3815 1244 3889 AEgyptia,
1291 3817 1477 3888 Joppe
1528 3817 1748 3879 relicta,
1781 3818 1840 3874 in

190 3907 392 3979 partes
411 3920 474 3961 se
498 3903 829 3962 contulerat
848 3904 1291 3962 Ascalonitanas
1315 3924 1329 3975 ;
1364 3906 1666 3963 audierant
1686 3905 1840 3963 enim

192 3995 265 4051 de
292 3994 439 4057 suis.
477 3992 580 4066 qui
608 4008 744 4050 cum
775 3992 995 4050 nostris
1025 3993 1082 4049 in
1117 3997 1268 4051 terra
1298 4001 1709 4067 pugnaverant,
1741 4012 1843 4052 ru-

191 4099 383 4141 mores
411 4081 722 4150 sinistros;
755 4098 937 4155 eaque
970 4082 1270 4141 occasione
1309 4085 1380 4140 ad
1414 4100 1582 4141 suam
1611 4100 1674 4141 se
1702 4101 1842 4141 con·

188 4172 451 4231 tulerant
479 4170 791 4228 civitatem.
825 4173 946 4238 Quo
976 4172 1152 4228 etiam
1173 4171 1377 4229 Veneti
1408 4189 1511 4245 per
1541 4173 1843 4231 internun-

184 4262 305 4319 tios
337 4259 587 4332 cognito,
618 4259 761 4316 illuc
777 4260 1027 4317 classem
1049 4261 1329 4335 dirigunt,
1354 4266 1622 4334 optantes
1638 4263 1841 4320 intime

1957 3087 2041 3143 ita
2065 3086 2281 3159 repleta
2307 3087 2508 3154 fuisse,
2542 3090 2605 3143 ut
2633 3087 2703 3143 de
2734 3087 2912 3143 fetore
2943 3088 3399 3161 putrescentium
3432 3090 3598 3146 fune-

1956 3192 2111 3243 rum,
2169 3176 2580 3248 circumposita
2615 3176 2772 3248 regio
2802 3179 2860 3232 et
2906 3176 3063 3234 luem
3112 3180 3499 3250 contraheret,
3542 3186 3602 3241 et

1956 3267 2106 3322 aeris
2138 3266 2551 3338 corruptelam.
2584 3265 2971 3322 continuatur
3008 3267 3276 3326 cominus
3298 3287 3512 3345 pugna,
3542 3279 3601 3331 et

1954 3354 2293 3411 ardentibus
2342 3354 2552 3411 studiis
2599 3354 2951 3427 impugnant
3003 3356 3085 3423 bi,
3115 3356 3198 3412 illi
3248 3362 3473 3416 tentant
3504 3377 3598 3418 re-

1954 3445 2194 3514 sistere3
2229 3444 2332 3501 sed
2361 3443 2596 3499 tandem
2641 3447 2877 3499 auctore
2930 3444 3193 3513 Domino,
3235 3446 3376 3502 facti
3425 3464 3596 3518 supe-

1953 3537 2135 3595 riores
2190 3535 2409 3596 Veneti.
2452 3534 2643 3590 hostes
2690 3538 2928 3590 vertunt
2974 3534 3031 3590 in
3077 3536 3315 3607 rugam;
3351 3540 3594 3596 retentis

1950 3624 2133 3698 galeis
2180 3628 2453 3697 quatuor,
2504 3638 2630 3679 cum
2692 3622 2933 3679 totidem
2987 3625 3139 3696 gatis
3187 3632 3244 3680 et
3281 3640 3423 3682 nave
3474 3643 3594 3686 una

1951 3713 2224 3781 maxima,
2254 3713 2400 3768 duce
2446 3727 2647 3769 eornm
2687 3713 3054 3784 interempto,
3092 3713 3396 3772 victoriam
3436 3716 3590 3774 obti-

1951 3809 2200 3859 nuerunt
2226 3800 2458 3857 saeculis
2508 3800 2959 3858 memorabilem.
3009 3802 3233 3858 Collata
3274 3802 3452 3877 igitur
3481 3820 3589 3861 no-

1950 3894 2090 3949 stris
2121 3892 2397 3948 divinitus
2427 3890 2703 3963 praedicta
2734 3891 2998 3958 victoria,
3050 3892 3313 3951 nolentes
3350 3898 3589 3966 tempus

1950 3983 2234 4040 inutiliter
2306 3996 2672 4051 consumere,
2734 3982 3106 4056 praecipiente
3161 3984 3329 4053 duce,
3391 3984 3597 4044 versui!

1948 4073 2246 4146 AEgyptias
2268 4076 2461 4145 partes
2490 4087 2679 4144 usque
2700 4071 2868 4129 Laris
2887 4072 3361 4144 antiquissimam
3384 4074 3592 4132 solitu-

1951 4161 2105 4218 dinis
2136 4163 2342 4219 urbem
2378 4161 2755 4231 maritimam,
2790 4167 3196 4233 pervenerunt,
3221 4163 3592 4235 explorantes

1951 4256 2144 4308 utrum
2176 4250 2430 4308 hostium
2464 4266 2639 4308 naves
2678 4250 2910 4324 aliquas
2967 4251 3080 4308 sibi
3123 4268 3261 4309 casu
3312 4253 3595 4310 baberent

189 4349 453 4407 hostium
474 4348 727 4406 classem
758 4348 1019 4406 invenire
1051 4352 1106 4407 st
1149 4365 1282 4406 cum
1319 4350 1404 4407 sia
1435 4356 1661 4408 tentam
1700 4368 1836 4409 con·
1872 4371 1917 4436 D
1950 4341 2146 4398 obvias
2178 4358 2192 4397 :
2226 4339 2384 4414 quod
2412 4340 2496 4397 ita
2533 4340 2751 4398 sactum
2799 4345 2909 4408 est,
2950 4346 3010 4396 et
3052 4341 3133 4397 ita
3178 4340 3263 4397 eis
3309 4342 3595 4399 successit

187 4453 482 4513 gressum.
516 4439 697 4495 Porro
726 4438 880 4495 sicut
908 4438 1014 4494 viri
1043 4439 1289 4512 providi,
1318 4444 1374 4497 et
1403 4439 1460 4496 in
1492 4456 1559 4497 eo
1607 4441 1837 4513 negotio
1947 4432 2017 4488 ad
2048 4435 2265 4499 votum,
2290 4434 2569 4503 tanquam
2596 4431 2648 4487 si
2678 4432 2877 4503 aliquo
2900 4434 3057 4487 certo
3089 4430 3295 4487 nuntio
3322 4431 3594 4487 universa

185 4526 507 4595 exercitati,
530 4526 784 4585 classem
830 4528 1124 4594 ordinant,
1170 4529 1495 4585 secundum
1550 4530 1702 4601 quod
1751 4530 1835 4588 eis

186 4616 394 4675 utilius
425 4615 615 4673 visum
646 4619 755 4673 est.
788 4616 966 4673 Erant
986 4632 1127 4673 sane
1147 4617 1206 4672 in
1241 4619 1444 4675 eadem
1475 4618 1664 4676 classe
1684 4634 1842 4691 quas-

187 4707 329 4764 dam
366 4721 543 4762 naves
600 4708 887 4773 rostratas,
944 4721 1087 4776 quas
1142 4713 1304 4777 gatos
1360 4712 1587 4779 vocant,
1658 4708 1842 4781 galeis

191 4794 472 4866 majores,
493 4793 773 4851 habentes
803 4793 1048 4868 singulte
1079 4812 1272 4852 remos
1303 4801 1604 4868 centenos,
1627 4798 1841 4870 quibus

187 4881 439 4955 singulis
467 4881 584 4939 duo
609 4886 777 4939 erant
801 4884 1052 4955 remiges
1082 4884 1419 4941 necessarii.
1444 4885 1617 4942 Erant
1643 4889 1839 4942 autem

186 4978 246 5030 et
276 4974 530 5044 quatuor
573 4987 750 5028 naves
793 4971 1065 5043 majores,
1113 4977 1176 5027 ut
1215 4972 1602 5046 prediximus.
1644 4973 1715 5029 ad
1747 4972 1843 5029 de-

188 5060 481 5134 portanda
511 5076 710 5128 onera,
746 5061 1070 5132 machinas,
1103 5077 1266 5118 arma
1295 5067 1353 5119 et
1379 5061 1561 5119 victui
1576 5077 1841 5120 necessa·

189 5151 284 5208 ria
315 5148 619 5221 deputato.
646 5151 760 5207 Has
784 5165 915 5206 cum
961 5152 1110 5225 gatis
1160 5151 1377 5222 priores
1427 5151 1722 5221 ordinant,
1774 5167 1843 5208 ea

186 5239 540 5309 intentione,
581 5248 645 5296 ut
673 5241 724 5297 si
753 5242 825 5297 ab
855 5240 1123 5299 hostibus
1146 5242 1289 5299 forte
1328 5242 1399 5298 de
1440 5250 1659 5299 remoto
1700 5258 1840 5300 con·

185 5331 577 5406 spicerentur,
606 5346 723 5388 non
755 5334 1060 5403 putaretur
1088 5331 1346 5388 hostium
1393 5331 1702 5402 exercitus,
1734 5332 1836 5389 sed

1947 4537 2076 4594 quas
2098 4524 2295 4592 postea
2321 4520 2680 4588 acciderunt,
2701 4535 2771 4575 ex
2800 4518 3004 4575 ordine
3042 4517 3426 4588 didicissent;
3458 4533 3593 4575 nam

1952 4611 2158 4669 illisio
2188 4628 2255 4668 eo
2303 4609 2507 4684 pelago
2536 4609 2958 4680 laborantibus,
2999 4609 3197 4664 decem
3251 4624 3425 4665 naves
3482 4607 3591 4664 ho-

1952 4703 2130 4760 stium
2161 4701 2319 4758 haud
2361 4700 2532 4774 longe
2575 4701 2647 4757 ab
2677 4699 2762 4757 eis
2789 4700 2920 4756 visis
2968 4701 3125 4767 sunt,
3159 4699 3229 4754 ad
3276 4714 3422 4770 quas
3451 4713 3589 4755 cum

1952 4792 2112 4850 omni
2151 4791 2440 4849 celeritate
2487 4790 2927 4858 contendentes,
2979 4787 3181 4862 primis
3216 4789 3592 4862 congressio-

1953 4882 2128 4938 nibus
2157 4895 2257 4937 sas
2286 4879 2565 4937 violenter
2593 4885 2898 4950 occupant,
2940 4876 3078 4934 viris
3108 4893 3255 4949 quos
3302 4876 3363 4934 in
3393 4878 3475 4935 eis
3504 4894 3593 4935 re-

1950 4970 2185 5043 periunt
2230 4968 2439 5041 partim
2473 4968 2701 5035 occisis,
2743 4968 2948 5040 partim
3009 4966 3390 5038 compedibus
3421 4982 3594 5024 man-

1950 5059 2178 5132 cipatis.
2238 5058 2420 5115 Erant
2466 5061 2660 5114 autem
2709 5072 2883 5113 naves
2931 5056 3145 5113 eaedem
3202 5054 3596 5111 Orientalibus

1950 5153 2200 5206 onerate
2225 5144 2642 5214 mercimoniis,
2667 5145 2973 5217 speciebus
2993 5142 3277 5213 videlicet,
3305 5146 3363 5199 et
3380 5142 3592 5215 pannis

1950 5238 2153 5295 sericis
2175 5253 2192 5308 ;
2215 5254 2342 5309 quas
2356 5237 2554 5294 omnia
2570 5237 2893 5292 secundum
2918 5232 3392 5292 consuetudinem
3416 5247 3588 5289 suam

1948 5327 2291 5395 dividentes,
2315 5326 2453 5384 t'acti
2472 5325 2903 5399 locupletiores,
2933 5322 3200 5381 deductis
3222 5337 3418 5381 secum
3442 5337 3593 5395 prae-

188 5424 587 5482 mercatorum
606 5433 796 5480 naves.
827 5417 1014 5479 Galea>
1036 5436 1169 5479 vero
1193 5420 1722 5495 subsequebantur.
1741 5421 1837 5481 Sie
1944 5415 2115 5476 dietis
2125 5415 2552 5489 navibus,apud
2566 5415 2765 5474 urbem
2780 5410 3596 5487 acconenssmsppucnarnnt.
