3784 6000
182 252 290 315 221

1123 252 1334 317 Hls‘r.
1379 250 1651 313 RERUM
1700 250 2244 316 TRANSMARIN.
2291 284 2369 299 —
2414 250 2565 312 LIB.
2608 250 2661 312 1.

180 401 333 458 pem,
364 386 442 443 ad
472 403 649 461 quem
680 387 964 447 universa
1001 403 1132 461 quar
1160 386 1221 443 in
1252 385 1451 444 eadem
1484 385 1636 443 tribu
1663 383 1841 442 simul
1864 384 1922 454 Α
1949 385 2085 443 dam
2114 384 2420 459 puerulum
2445 385 2835 454 innocentem,
2860 379 3262 453 precipientes
3292 377 3369 448 ei,
3399 381 3465 435 ut
3493 378 3609 436 im-

179 477 581 550 mergebant,
626 478 1024 535 rel'erebantur
1088 477 1438 551 quaestiones
1481 501 1496 544 ς
1557 475 1842 547 cujusque

178 566 333 622 dieto
372 567 453 624 ab
506 572 755 640 utraque
802 567 1227 625 dissonantium
1277 571 1439 639 parte
1489 565 1838 638 parebatur3

178 656 466 728 cujusque
516 672 636 713 non
680 657 920 729 impune
977 655 1190 713 licebat
1236 671 1475 711 examen
1525 652 1834 711 declinare.

178 744 503 816 Nigr-antes
532 749 754 816 autem,
785 745 1118 803 universam
1151 760 1349 800 secum
1373 760 1540 801 suam
1563 744 1836 800 substan·

179 833 316 890 tiam
366 834 827 907 transferebant,
869 835 1111 908 equitia,
1161 849 1387 907 greges,
1442 841 1497 889 et
1550 836 1838 904 armenta,

174 937 379 979 servos
410 926 471 979 et
491 922 735 980 ancillas
761 939 776 992 ;
831 940 962 981 nam
990 923 1050 979 in
1081 922 1175 980 his
1205 937 1409 979 eorum
1439 936 1614 981 omne
1642 920 1838 977 consi-

175 1012 371 1070 stebat
392 1012 691 1085 peculium
716 1029 731 1069 z
761 1029 1053 1085 nusquam
1076 1011 1450 1085 agriculturis
1480 1012 1684 1069 dantes
1714 1027 1844 1082 ope-

178 1116 344 1169 ram;
378 1103 749 1174 emptionum
780 1109 839 1160 et
876 1103 1279 1159 venditionum
1322 1101 1653 1174 ignorantes
1698 1115 1839 1158 con-

173 1194 423 1257 tractus,
471 1191 574 1246 sed
624 1190 766 1247 solis
798 1191 1349 1263 permutationibus,
1380 1190 1509 1246 vitae
1543 1189 1654 1247 sibi
1685 1206 1842 1246 com·

176 1282 459 1349 parantes
488 1279 836 1336 necessaria.
865 1278 1141 1336 Volestes
1177 1285 1375 1338 autem
1407 1278 1646 1347 alicubi,
1677 1277 1838 1336 loco-

174 1383 300 1424 rum
354 1366 744 1426 herbidorum
805 1369 1141 1427 amoenitate
1209 1370 1404 1437 tracti,
1469 1368 1838 1426 tabernacula

172 1457 378 1530 ligere,
422 1461 481 1514 et
510 1458 584 1515 ad
617 1463 847 1532 tempus
892 1458 1124 1532 aliquod
1159 1476 1384 1517 moram
1416 1460 1541 1516 sins
1571 1459 1839 1516 molestia

174 1547 388 1617 facem,
418 1563 527 1620 per
553 1550 838 1620 quosdam
867 1565 936 1606 ex
972 1550 1114 1617 suis,
1149 1550 1251 1622 qui
1300 1549 1649 1607 videbantur
1696 1564 1834 1620 pru·

172 1635 495 1706 dentiorea,
541 1637 842 1711 regionum
890 1638 1183 1710 principes
1231 1637 1496 1695 solebant
1529 1637 1839 1696 convenire

1949 475 2126 533 missa
2157 492 2337 533 manu
2368 476 2475 533 sub
2506 474 2854 541 velamento,
2886 488 2998 544 quo
3030 467 3440 543 praedictarum
3468 466 3610 525 lats·

1947 566 2047 623 bat
2071 566 2407 638 manipulus
2430 565 2884 639 sagittarum,eo
2905 575 3080 617 unam
3104 558 3378 616 educeret
3392 556 3607 627 solam,

1948 671 2015 712 ea
2043 655 2374 712 conditione
2418 659 2483 710 ut
2522 654 2592 709 de
2640 670 2706 710 ea
2757 651 2981 708 familia
3030 663 3131 706 rex
3177 651 3606 714 assumeretur,

1948 745 2117 815 quus
2162 749 2316 801 sorte
2377 743 2590 816 sagitta
2652 742 2852 798 exiret.
2919 740 3275 811 Factumque
3335 742 3420 793 est
3467 750 3607 794 casu

1950 835 2101 906 quod
2135 849 2278 905 puer
2329 832 2528 889 eduxit
2571 831 2843 904 sagittam
2893 826 3128 884 familiai
3184 824 3602 883 Selducorum.

1950 923 2110 980 Unde
2138 923 2401 980 constitit
2422 922 2573 994 apud
2605 935 2828 989 omneS,
2863 917 3037 975 sicuti
3070 916 3233 988 prius
3263 913 3604 970 ordinatum

1949 1012 2162 1081 fuerat,
2192 1013 2346 1084 quod
2378 1027 2446 1068 ex
2474 1027 2539 1067 ea
2594 1009 2750 1067 tribu
2800 1008 3069 1082 prinecps
3115 1005 3346 1061 futurus
3377 1016 3606 1061 creare·

1947 1105 2064 1158 tur.
2097 1102 2454 1175 Praeceptum
2484 1104 2575 1158 est
2605 1099 2837 1165 iterum,
2871 1101 2934 1152 ut
2963 1113 3031 1152 ex
3050 1094 3253 1152 eadem
3282 1092 3440 1148 tribu
3464 1107 3600 1149 oen·

1951 1195 2066 1248 tum
2097 1190 2469 1263 eligerentur,
2501 1190 2598 1261 qui
2639 1196 2692 1244 ct
2721 1191 2888 1243 aetate
2916 1189 2974 1241 et
3006 1183 3295 1248 moribus,
3328 1185 3386 1237 et
3415 1180 3604 1238 virtu-

1948 1287 2004 1338 ts
2034 1286 2273 1338 caeteros
2313 1281 2604 1336 anteirent
2645 1294 2786 1334 suos
2815 1273 3216 1342 contribules;
3273 1274 3454 1344 utque
3481 1269 3605 1326 sin·

1947 1369 2102 1444 gulis
2122 1370 2386 1443 singulas
2409 1367 2682 1424 afferrent
2703 1367 2972 1439 sagittae,
2995 1360 3367 1420 offerentium
3387 1358 3603 1415 haben·

1950 1472 2033 1521 tes
2064 1464 2347 1537 inscripta
2367 1461 2624 1518 nomina.
2651 1460 3011 1530 Factumque
3032 1471 3100 1512 sx
3132 1455 3217 1511 eis
3233 1453 3444 1510 iterum
3475 1466 3602 1507 ma-

1949 1553 2170 1626 nipulo,
2221 1543 2279 1610 st
2324 1551 2634 1624 diligenter
2672 1552 2939 1621 cooperto
2979 1547 3219 1603 vocatus
3260 1545 3350 1600 est
3389 1542 3605 1599 iterum

1948 1659 2110 1713 puer,
2143 1641 2229 1699 vel
2253 1642 2405 1697 idem
2438 1640 2535 1712 qui
2566 1644 2625 1696 et
2655 1638 2837 1710 prius,
2860 1634 2947 1693 vel
2981 1633 3133 1691 alius
3168 1633 3413 1689 tortasse
3443 1630 3607 1702 ejus-

172 1728 227 1782 st
254 1724 457 1798 pactis
496 1725 664 1783 initis
692 1728 802 1783 sub
833 1726 1066 1799 placitis
1096 1727 1556 1797 conditionibus,
1594 1731 1652 1784 et
1679 1730 1837 1782 certa
1867 1753 1917 1819 B
1946 1732 2080 1789 dem
2126 1731 2506 1789 innocentiae:
2557 1728 2651 1786 oui
2701 1725 2972 1784 similiter
3012 1737 3360 1797 persuasum
3386 1722 3498 1787 est,
3534 1719 3610 1777 ut

172 1813 541 1871 tributorum
591 1816 976 1888 praestatione,
1026 1816 1133 1875 sub
1183 1816 1448 1890 principe
1478 1815 1580 1889 qui
1613 1814 1835 1889 regioni

174 1906 447 1970 preerat,
480 1917 704 1959 moram
727 1903 896 1976 juxta
929 1903 1259 1960 condictum
1312 1903 1608 1960 habebant
1636 1902 1697 1958 in
1731 1918 1839 1974 pa-

173 1990 335 2046 scuis
366 1994 435 2047 et
463 1991 825 2049 nemoribus.
857 1992 1081 2049 Accidit
1129 1997 1323 2050 autem
1357 1993 1512 2066 quod
1543 1991 1702 2048 illius
1736 2007 1840 2064 po-

176 2078 292 2149 puli
328 2079 665 2137 multitudo
696 2081 952 2139 maxima
982 2082 1054 2140 ab
1084 2081 1215 2140 alita
1242 2098 1506 2140 seorsum
1539 2083 1838 2152 incedens,

176 2166 499 2226 Persarum
531 2167 781 2242 ingressi
813 2170 976 2239 tinas,
1028 2172 1317 2244 regionem
1347 2173 1699 2230 invenerunt
1726 2170 1837 2228 sibi

176 2255 578 2330 aptissimam.
632 2259 891 2333 Datoque
932 2260 1076 2334 regi,
1126 2261 1225 2333 qui
1269 2270 1387 2318 erat
1417 2277 1520 2334 pro
1558 2267 1838 2333 tempore,

178 2348 515 2405 secundum
546 2348 701 2421 quod
734 2350 1002 2407 intereos
1031 2352 1104 2407 ab
1134 2350 1300 2408 initio
1338 2355 1704 2420 convenerat,
1736 2350 1839 2405 tri-

180 2436 345 2505 buto,
382 2452 491 2509 per
520 2453 708 2496 annos
736 2437 962 2511 aliquot
992 2454 1210 2496 moram
1242 2439 1322 2495 ibi
1353 2440 1683 2496 babuerunt
1710 2438 1846 2495 diu·

184 2526 549 2596 curniorem,
582 2527 912 2598 Augebatur
940 2533 1130 2585 autem
1153 2544 1350 2585 eorum
1383 2527 1632 2600 populus
1651 2528 1712 2583 in
1734 2525 1843 2583 im·

187 2630 488 2685 mensum,
517 2620 577 2672 et
605 2616 1107 2688 multiplicationis
1127 2634 1328 2675 eorum
1364 2634 1480 2675 non
1511 2619 1634 2675 erat
1664 2616 1840 2687 ssnis3

186 2705 259 2762 ita
284 2710 349 2762 ut
381 2705 511 2779 regi
540 2710 597 2762 et
626 2705 939 2779 indigenis,
978 2714 1227 2765 mentem
1259 2708 1691 2780 quodammodo
1732 2706 1844 2762 ha-

190 2795 469 2854 bentibus
519 2812 864 2870 praesagam,
908 2804 1183 2870 suspecta
1228 2799 1404 2855 nimis
1450 2805 1601 2855 esset
1637 2811 1841 2854 eorum

191 2885 443 2942 embola.
478 2884 643 2942 Unde
663 2886 881 2942 factum
909 2893 1013 2955 est,
1047 2886 1198 2957 quod
1229 2886 1425 2943 habito
1447 2886 1692 2943 consilio
1720 2886 1844 2942 vio-

192 2973 379 3032 lenter
408 2991 445 3031 a
487 2975 656 3048 regni
687 2974 905 3033 finibus
936 2989 1033 3033 eos
1072 2992 1172 3048 per
1195 2992 1254 3033 se
1288 2975 1620 3049 propellere,
1652 2976 1844 3033 decre·

197 3070 412 3121 verant.
458 3064 575 3121 Sed
612 3068 836 3123 mutato
884 3064 1127 3123 consilio
1176 3067 1364 3123 visum
1411 3071 1500 3124 est
1544 3066 1630 3122 eis
1675 3081 1844 3137 expe-

199 3153 476 3221 dientius,
522 3158 587 3209 nt
630 3153 1030 3226 multiplicatis
1092 3155 1366 3228 angariis,
1413 3160 1473 3212 st
1549 3155 1843 3212 consuetis

200 3242 629 3316 pressionibus,
679 3242 840 3301 novis
869 3243 1269 3317 irregulariter
1318 3244 1706 3316 superadditis
1748 3260 1847 3302 eos

199 3334 538 3406 fatigarent,
571 3348 744 3404 usque
770 3334 910 3390 dum
942 3339 1150 3407 sponte
1179 3334 1307 3391 sine
1340 3334 1633 3392 coactione
1661 3333 1847 3392 disce-

200 3426 423 3482 derent.
441 3423 705 3496 Cumque
718 3425 843 3497 jam
867 3426 1037 3482 annis
1050 3425 1676 3498 pluribusinjuriarum
1700 3444 1847 3499 pon-

198 3517 301 3572 dus
332 3518 398 3572 et
425 3514 785 3571 tributorum
829 3516 1232 3573 enormitatem
1283 3520 1616 3574 exactorum
1664 3516 1848 3574 susti-

197 3609 427 3672 nentes,
453 3603 681 3661 diutius
710 3602 955 3662 tolerare
981 3604 1154 3673 nolle,
1187 3606 1619 3663 communicato
1649 3605 1845 3664 decer·

197 3698 402 3750 nerent
427 3692 701 3767 consilio,
731 3697 790 3751 st
809 3694 918 3751 hoc
941 3695 1061 3767 regi
1082 3699 1236 3753 esset
1255 3700 1642 3769 compertum,
1665 3698 1848 3756 missa

196 3799 325 3842 voce
378 3783 687 3856 preconia,
734 3784 888 3856 jussi
945 3788 1083 3842 sunt
1128 3802 1163 3843 a
1212 3802 1388 3859 regno
1435 3786 1585 3844 inl'ra
1621 3793 1846 3846 certum

194 3878 426 3947 tempus
484 3875 783 3931 discedere
814 3875 1106 3934 universo.
1157 3878 1698 3951 Transeuntssquss
1741 3880 1847 3937 ilu-

191 3964 345 4021 vium
382 3963 593 4031 Gabar,
627 3965 725 4035 qui
746 3980 991 4038 regnum
1015 3983 1079 4022 ex
1104 3983 1173 4022 ea
1205 3971 1368 4038 parte
1396 3967 1706 4038 limitabat,
1743 3970 1843 4026 ubi

190 4053 390 4110 vident
416 4052 592 4110 solito
619 4051 855 4110 liberius
891 4057 949 4109 et
989 4054 1329 4126 diligentius
1372 4073 1612 4113 suorum
1644 4057 1840 4114 infini-

186 4151 300 4199 tam
334 4141 813 4211 multitudinem;
843 4159 979 4199 nam
1014 4145 1173 4214 prius
1195 4161 1457 4201 seorsum
1488 4147 1842 4219 habitantes,

185 4233 273 4288 sni
306 4247 420 4288 nec
449 4247 762 4288 numerum
793 4236 1091 4301 noverant,
1121 4250 1225 4290 nec
1260 4234 1571 4305 potentiam
1599 4252 1613 4290 :
1646 4236 1844 4294 mirati

183 4327 325 4380 sunt
371 4323 671 4394 quomodo
717 4326 918 4379 tantus
963 4328 1200 4395 tamque
1250 4325 1699 4383 innumerabilis
1738 4342 1841 4399 po·

188 4411 362 4481 putas
392 4410 644 4482 alicujus
667 4411 998 4483 principum
1022 4412 1338 4485 aliquando
1361 4414 1608 4471 tolerare
1635 4421 1838 4487 potue·

184 4500 256 4557 rit
285 4499 651 4572 superbiam,
699 4508 754 4557 et
802 4502 1177 4573 angariarum
1209 4509 1268 4559 et
1298 4503 1649 4561 tributorum
1680 4520 1843 4561 acer-
1872 4492 1919 4557 D

185 4588 426 4647 bitatem
474 4593 723 4660 portare.
768 4590 1090 4662 visumque
1119 4595 1210 4648 est
1256 4592 1341 4648 eis
1391 4592 1613 4665 absque
1638 4593 1838 4662 dubie,

184 4680 335 4752 quod
365 4681 427 4736 et
454 4677 768 4735 Persarum
802 4678 1033 4750 populo,
1081 4688 1136 4736 et
1186 4680 1445 4752 qualibet
1475 4682 1708 4740 natione
1737 4697 1842 4740 nec

183 4783 437 4825 numero
466 4782 576 4824 nee
619 4768 841 4825 viribus
887 4773 1088 4825 essent
1131 4768 1422 4840 imparss3
1457 4769 1720 4843 nihilque
1755 4771 1842 4829 eis

184 4859 251 4914 ad
280 4856 639 4915 obtinendas
688 4856 968 4915 violenter
999 4857 1279 4914 finitimas
1325 4859 1585 4930 regiones
1613 4862 1842 4920 deesset

184 4947 367 5014 aliud,
415 4960 597 5018 quam
646 4946 705 5002 id
756 4946 917 5017 quod
971 4961 1129 5002 more
1180 4945 1428 5005 aliorum
1488 4950 1837 5022 populorum

184 5037 294 5092 sibi
325 5050 525 5102 regem
559 5051 674 5095 non
705 5034 1003 5092 haberent.
1035 5035 1313 5092 volentes
1335 5038 1510 5108 igitur
1531 5039 1680 5095 votis
1699 5055 1840 5095 con-

181 5124 341 5182 sonis
370 5123 487 5181 sibi
520 5139 715 5197 regem
754 5140 963 5191 creare,
997 5125 1394 5181 describentes
1430 5142 1674 5183 suorum
1705 5128 1838 5185 uni-

184 5230 414 5272 versam
468 5211 925 5283 multitudinem,
975 5223 1312 5286 repererunt
1361 5214 1418 5269 in
1476 5215 1561 5271 eis
1601 5224 1835 5274 centum

185 5304 434 5361 familias
477 5302 701 5360 ceteris
729 5302 1150 5375 splendidiores
1181 5324 1196 5375 ;
1233 5320 1483 5376 quarum
1515 5305 1839 5376 quamlibet

184 5393 461 5466 sagittam
506 5407 687 5449 unam
744 5401 1135 5465 preceperunt
1183 5394 1408 5460 afferre,
1466 5398 1523 5449 et
1559 5394 1836 5466 juxtanu-

184 5498 411 5540 merum
436 5480 791 5539 familiarum
803 5485 1038 5538 centum
1053 5481 1399 5554 sagittarum
1413 5480 1839 5555 colligaverunt

180 5569 577 5643 manipulum.
621 5570 817 5637 Quem.
849 5570 1196 5644 aperientes,
1240 5572 1590 5632 vocaverunt
1629 5585 1833 5644 quem·

1949 1837 2126 1877 unam
2152 1837 2221 1877 ex
2250 1820 2332 1876 eis
2361 1819 2668 1876 educeret:
2701 1816 3016 1887 eduxitque
3045 1828 3224 1870 unam
3254 1809 3350 1868 cui
3393 1805 3608 1865 inscri-

1949 1917 2111 1983 ptum
2139 1916 2265 1968 erat
2296 1926 2507 1967 nomen
2539 1907 2768 1966 Selduc.
2805 1907 2939 1963 Erat
2958 1909 3157 1963 autem
3184 1904 3231 1959 is
3260 1901 3349 1958 vir
3377 1897 3606 1972 specio·

1947 2018 2051 2059 sus
2089 2001 2428 2067 admodum,
2479 1997 2692 2056 nobilis
2737 2000 2794 2053 et
2823 1996 2883 2052 in
2939 2011 3049 2052 sua
3078 1993 3230 2054 tribu
3262 1988 3604 2063 preclarus,

1950 2094 2230 2165 provectae
2256 2089 2464 2157 etatis,
2497 2089 2599 2145 ssd
2637 2088 2859 2157 integer
2889 2084 3134 2153 viribus,
3167 2085 3226 2139 st
3253 2079 3317 2137 in
3349 2096 3410 2136 rs
3442 2076 3600 2135 mili·-

1951 2180 2061 2237 tari
2109 2179 2351 2237 multam
2399 2178 2623 2234 habeus
2671 2173 3086 2248 experientiam
3125 2191 3142 2240 ς
3210 2169 3426 2244 quique
3483 2170 3603 2225 tota

1947 2269 2208 2343 eorporis
2249 2267 2594 2325 habitudine
2647 2263 2844 2336 magni
2894 2260 3172 2334 principis
3217 2257 3608 2331 praetenderet

1948 2361 2311 2434 elegantiam.
2358 2360 2526 2418 Hunc
2572 2374 2707 2429 ergo
2755 2356 2827 2413 de
2873 2351 3176 2411 communi
3228 2351 3456 2407 decreto
3485 2346 3604 2404 sibi

1951 2451 2351 2525 praeficientes,
2397 2451 2455 2507 in
2505 2449 2713 2506 throno
2745 2443 3210 2503 sublimaverunt
3244 2439 3424 2512 regio,
3464 2452 3596 2494 eam

1951 2558 2078 2614 quse
2125 2541 2367 2598 debetur
2415 2539 2670 2612 regibus,
2716 2537 2769 2593 ei
2815 2534 3157 2593 exhibentes
3188 2526 3598 2596 reverentiam,

1950 2637 2007 2690 et
2047 2633 2118 2688 ad
2168 2633 2295 2703 ejus
2330 2629 2625 2701 implenda
2667 2624 2931 2699 imperia,
2995 2622 3208 2679 t'oedere
3254 2615 3596 2688 complacito

1950 2730 2005 2779 et
2050 2722 2395 2794 juramentis
2440 2717 2813 2791 corporaliter
2842 2712 3116 2787 praestitis
3146 2726 3209 2768 se
3247 2708 3594 2780 obligantes.

1952 2813 2056 2869 ille
2111 2816 2307 2868 autem
2355 2811 2555 2866 statim
2603 2805 2811 2863 collata
2857 2803 2972 2861 sibi
3014 2801 3157 2858 satis
3204 2815 3309 2872 pro
3349 2797 3596 2870 imperio

1954 2906 2122 2958 utens
2172 2903 2477 2972 potestate,
2519 2897 2697 2954 missa
2740 2910 2876 2951 voce
2918 2890 3227 2966 praecouia,
3285 2888 3434 2946 edici
3491 2901 3601 2959 pu-

1951 2992 2104 3050 blice
2153 2990 2413 3059 mandat,
2489 2990 2553 3045 ut
2609 2984 2918 3043 retransito
2991 2981 3234 3039 flumine
3293 2986 3346 3035 et
3402 2982 3601 3035 trans-

1956 3080 2154 3139 missis
2228 3078 2556 3152 legionibus
2637 3073 2949 3144 universis,
3031 3073 3340 3128 Persarum
3428 3067 3601 3136 fines,

1956 3170 2110 3229 unde
2160 3169 2320 3240 prius
2366 3168 2645 3234 exierant,
2696 3165 2980 3236 occupent
3020 3160 3320 3228 violenter,
3347 3161 3405 3215 et
3432 3154 3604 3226 adia-

1955 3259 2147 3317 rentia
2182 3258 2291 3315 sibi
2323 3255 2617 3314 vindicent
2656 3268 2853 3325 regna,
2896 3268 2968 3308 ne
3006 3252 3076 3309 ds
3104 3252 3310 3307 ctstero
3343 3243 3603 3315 compel-

1955 3348 2151 3406 lantur
2180 3348 2446 3420 regiones
2471 3349 2695 3402 exteras
2736 3341 3049 3399 errabundi
3081 3337 3346 3407 circuire,
3376 3338 3435 3393 et
3460 3335 3608 3391 alia-

1956 3454 2086 3494 rum
2131 3436 2438 3495 nationum
2490 3433 2736 3492 tolerare
2775 3433 2963 3488 fastus
3013 3425 3436 3501 importabiles.
3498 3424 3609 3479 Fa-

1955 3531 2237 3598 ctumque
2265 3529 2373 3594 est,
2405 3525 2563 3597 quod
2596 3524 2747 3580 inl'ra
2778 3537 2993 3593 paucos
3024 3535 3212 3577 annos
3262 3532 3379 3573 non
3412 3513 3604 3573 solum

1953 3620 2290 3686 Persarum,
2319 3630 2522 3670 verum
2543 3613 2722 3669 stiam
2745 3610 3015 3668 universa
3029 3605 3411 3666 Orientalium
3430 3618 3612 3677 regna

1954 3706 2069 3764 sibi
2101 3706 2585 3777 subjugaverunt,
2610 3702 2852 3758 subacta
2874 3698 3131 3757 Arabum
3153 3699 3211 3752 et
3234 3694 3480 3752 aliarum
3510 3708 3614 3749 na-

1953 3794 2201 3862 tionum,
2233 3808 2356 3864 quae
2382 3790 2747 3865 principatus
2763 3787 3124 3853 obtinebant,
3157 3781 3449 3842 violentia.
3478 3780 3608 3838 Sic·

1955 3898 2070 3956 que
2100 3882 2353 3956 populus
2382 3879 2516 3937 vilis
2534 3883 2593 3937 et
2622 3880 2883 3949 abjectus
2911 3876 2981 3932 ad
3007 3879 3236 3931 tantum
3268 3870 3462 3929 subito
3482 3867 3607 3927 cul·

1954 3989 2087 4029 men
2114 3970 2379 4038 evolavit,
2412 3969 2563 4043 quod
2589 3968 2926 4025 universum
2962 3960 3266 4036 occupavit
3285 3961 3606 4017 Orientem.

1953 4062 2134 4133 quue
2165 4061 2375 4115 iactum
2407 4061 2497 4116 est
2524 4057 2618 4113 vix
2666 4055 2902 4127 triginta
2930 4049 3463 4126 aut„quadraginta
3489 4064 3608 4105 an-

1953 4150 2065 4218 nis,
2099 4154 2412 4221 antequam
2463 4146 2642 4204 nostri
2689 4142 3088 4203 occidentales
3118 4140 3409 4213 principes
3440 4151 3609 4211 pere-

1950 4240 2298 4314 grinationis
2346 4240 2479 4308 iter,
2527 4239 2599 4295 de
2628 4253 2743 4309 quo
2783 4235 2874 4291 hic
2905 4233 3201 4307 agendum
3225 4234 3338 4302 est,
3370 4229 3606 4301 arripe-

1952 4335 2103 4386 rent.
2130 4329 2314 4401 thue
2341 4328 2540 4402 aliqua
2568 4331 2722 4385 esset
2753 4325 3085 4382 differentia
3117 4321 3325 4380 saltem
3349 4317 3608 4378 nominis

1951 4403 2101 4477 inter
2127 4436 2225 4476 sos
2256 4420 2358 4493 qui
2388 4419 2500 4476 sibi
2531 4432 2725 4491 regem
2766 4417 3123 4484 creaverant,
3152 4416 3211 4469 st
3240 4425 3346 4485 per
3374 4410 3484 4468 hoc
3513 4407 3611 4465 in-

1950 4518 2179 4584 gentem
2229 4513 2396 4566 erant
2438 4507 2684 4581 gloriam
2746 4503 3082 4571 consecuti;
3130 4505 3188 4558 et
3231 4516 3351 4568 eos,
3402 4497 3501 4570 qui
3545 4498 3607 4555 in

1950 4617 2056 4658 suo
2102 4600 2349 4658 ruditate
2388 4599 2578 4655 adhuc
2644 4600 3008 4669 permanent,
3070 4592 3319 4663 priorem
3375 4585 3608 4645 vivendi

1952 4691 2194 4747 modum
2226 4705 2341 4745 non
2373 4689 2726 4753 deserentes,
2756 4685 3033 4742 dicuntur
3068 4680 3168 4736 isti
3198 4679 3370 4736 hodie
3397 4676 3605 4744 Turci;

1950 4777 2032 4833 illi
2065 4794 2199 4835 vero
2228 4776 2422 4851 prisca
2458 4775 2848 4848 appellatione
2891 4768 3297 4828 Turcomanni.
3337 4765 3607 4822 subactis

1951 4868 2147 4939 itaque
2189 4867 2384 4938 regnis
2432 4863 2845 4930 Orientalibus,
2899 4860 3243 4931 adjecerunt
3289 4856 3490 4925 stiam,
3543 4861 3608 4911 ut

1953 4955 2427 5027 potentissimum
2473 4954 2876 5026 AEgyptiorum
2922 4963 3171 5020 regnum
3216 4946 3600 5003 invaderent:

1949 5045 2480 5116 descendentesque
2531 5042 2590 5097 in
2647 5039 2897 5110 Syriam,
2955 5036 3416 5111 Hierosolymam
3466 5050 3601 5093 cum

1950 5134 2306 5206 quibusdam
2336 5132 2466 5187 aliis
2498 5129 2762 5188 finitimis
2789 5128 3051 5190 urbibus,
3085 5129 3367 5186 violenter
3399 5124 3605 5195 subju-

1948 5227 2223 5296 gaverunt
2251 5221 2387 5288 sibi,
2422 5219 2619 5277 fideles
2648 5236 2794 5293 quos
2819 5220 2881 5277 in
2912 5233 2983 5276 ea
3014 5221 3341 5290 repererant
3380 5214 3610 5271 habita—

1947 5318 2124 5381 tores,
2173 5311 2505 5368 durioribus
2552 5311 2731 5367 solito
2779 5317 3159 5383 aggravantes
3206 5303 3512 5373 molestiis,
3541 5307 3603 5360 et

1945 5402 2317 5473 angariarum
2375 5398 2801 5471 multiplicitate
2855 5398 3188 5470 fatigantes,
3235 5399 3300 5453 ut
3364 5394 3599 5468 premi·

1945 5506 2157 5550 simus.
