3784 6000
202 204 211 221 '
289 222 434 285 «sss
1707 227 1899 286 Lucu
1941 228 2017 285 m
2055 229 2267 294 PAPAE
2331 284 2340 294 ,
2789 222 2796 233 “
3568 226 3707 288 ¹⁸⁶4

280 365 537 411 assensu
563 350 803 411 abbatis
821 356 879 410 et
901 351 1174 421 fratrum,
1204 353 1309 427 qui
1338 353 1565 412 habent
1588 352 1705 410 illis
1729 369 1943 411 neces·
1973 356 2019 409 Α
2125 358 2246 425 Ego
2270 353 2521 412 Albinus
2557 353 2642 409 tit.
2684 353 2741 408 S.
2773 350 2976 409 Crucis
3007 351 3067 407 in
3096 351 3426 409 Jerusalem
3456 334 3706 425 presby'

282 440 445 502 seria
470 441 806 516 providere,
828 441 1179 500 electionem
1209 443 1502 501 moniales
1527 455 1645 500 non
1675 443 1939 511 fecerint,

283 537 391 591 eut
398 529 605 589 electio
615 528 913 590 celebrate
931 530 1135 589 abbati
1150 538 1292 589 tunc
1305 536 1501 589 vestro
1518 539 1943 605 repraesentata

285 635 408 681 non
451 618 646 687 tuerit,
680 618 825 677 nulli
851 619 1277 693 episcoporum
1312 621 1484 678 liceat
1513 637 1803 695 personas
1826 620 1946 681 ele-

286 715 413 768 ctas
437 708 667 783 absque
687 708 844 766 illius
869 710 1385 781 repraesentatione
1414 712 1787 777 benedicere,
1805 727 1945 784 quoe

284 797 534 874 quidem
549 796 665 871 ipsi
690 797 896 855 abbati
920 804 1112 856 vestro
1128 799 1537 858 obedientiam
1559 807 1614 857 et
1633 801 1924 873 subjectio

287 902 429 946 nem
440 887 809 961 promittant.
822 886 913 945 Ad
932 889 1059 945 haec
1077 888 1356 961 prasenti
1377 888 1617 947 decreto
1631 889 1944 946 sancimus

290 981 356 1035 nt
385 975 641 1050 alicujus
682 977 1029 1034 monasterii
1065 993 1189 1034 non
1215 980 1516 1051 cogamini
1557 980 1826 1052 regimen
1853 978 1948 1036 vel

289 1065 872 1127 administrationem
900 1067 960 1123 in
991 1073 1348 1140 perpetuum
1378 1070 1657 1142 recipere,
1688 1068 1802 1126 nisi
1832 1068 1951 1141 ple·

288 1169 435 1222 nam
463 1153 805 1212 facultatem
832 1154 1162 1213 habueritis
1182 1156 1380 1229 ipsum
1411 1157 1839 1215 monasterium
1862 1174 1951 1215 se·

292 1243 564 1303 cundum
592 1248 812 1303 statuta
840 1244 1018 1301 vestri
1062 1245 1291 1302 ordinis
1335 1245 1699 1318 disponendi
1732 1247 1953 1319 pariter

293 1338 352 1392 et
373 1333 772 1407 gubernandi.
801 1332 1068 1392 obeunte
1093 1350 1234 1391 vero
1265 1337 1322 1390 te
1352 1349 1513 1392 nunc
1537 1335 1811 1407 ejusdem
1835 1333 1950 1392 loci

294 1422 539 1491 abbate,
569 1421 660 1480 vel
692 1427 928 1481 tuorum
969 1422 1230 1497 quolibet
1279 1439 1722 1494 successorum,
1749 1423 1952 1480 nullus

296 1512 379 1571 ibi
393 1511 658 1586 qualibet
668 1511 1074 1585 subreptionis
1086 1513 1306 1570 astutia
1317 1529 1425 1569 seu
1436 1512 1713 1570 violentia
1727 1530 1955 1586 praepo·

295 1607 497 1670 natur,
544 1601 660 1660 nisi
705 1616 888 1677 quem
916 1600 1130 1659 fratres
1176 1603 1487 1660 communi
1531 1618 1835 1659 consensu
1863 1601 1954 1659 vel

2054 450 2140 501 ter
2168 443 2333 501 card.
2368 442 2720 514 subscripsi.

2126 535 2244 603 Ego
2285 532 2618 589 Adelardus
2670 529 2755 586 tit.
2803 531 2858 586 S.
2905 528 3153 586 Marcelli
3201 530 3518 602 presbyter
3546 531 3715 588 card.

2054 623 2403 697 subscripsi.

2126 715 2247 782 Ego
2302 711 2528 769 Arditio
2589 712 2647 768 S.
2701 708 2990 765 Theodori
3040 707 3281 765 diacon.
3339 709 3510 766 card.
3578 709 3720 767 sub-

2055 816 2296 872 scripsi.
2689 856 2693 860 .

2129 892 2246 959 Ego
2278 890 2591 946 Gratianus
2633 889 2730 946 SS.
2764 886 2995 945 Cosmoe
3044 891 3102 942 et
3144 886 3418 944 Damiani
3474 888 3717 945 diacon.

2057 979 2221 1036 card.
2255 978 2601 1049 subscripsi.

2130 1070 2252 1137 Ego
2274 1067 2557 1126 sofredus
2579 1065 2637 1122 S.
2667 1065 2858 1123 Mariae
2883 1064 2944 1120 in
2976 1063 3080 1122 Via
3104 1066 3247 1121 Lata
3276 1063 3523 1123 diacon.
3553 1067 3715 1125 cerd.

2059 1156 2406 1229 subscripsi.

2132 1247 2253 1316 Ego
2285 1243 2587 1302 Rolandus
2624 1242 2685 1300 S.
2712 1241 2906 1300 Μανίας
2931 1241 2990 1297 in
3019 1242 3252 1299 Porticu
3280 1241 3529 1300 diacon.
3557 1244 3716 1301 card.

2060 1333 2408 1406 subscripsi.

2133 1425 2255 1493 Ego
2279 1425 2480 1480 Petrus
2504 1422 2562 1480 S.
2587 1419 2811 1478 Nicolai
2829 1421 2890 1477 in
2915 1421 3162 1477 carcere
3186 1417 3459 1476 Tulliano
3479 1419 3716 1478 diacon.

2060 1511 2225 1570 card.
2260 1509 2611 1583 subscripsi.

2133 1603 2257 1671 Ego
2286 1598 2573 1657 Raduli'us
2602 1599 2660 1657 S.
2688 1598 2917 1670 Georgii
2945 1597 3024 1654 ad
3050 1595 3254 1654 velum
3285 1599 3553 1654 Aureum
3585 1597 3719 1654 sub·

297 1705 440 1765 pars
489 1689 723 1748 consilii
753 1689 1031 1757 sanioris,
1071 1689 1410 1749 secundum
1448 1691 1724 1748 timorem
1768 1692 1864 1747 Dei
1895 1696 1953 1748 et
1990 1711 2034 1767 Β
2062 1688 2295 1762 scripsi.

301 1782 363 1841 B.
393 1779 694 1839 Benedicti
715 1778 1003 1851 Regulam
1034 1780 1417 1852 praeviderint
1440 1779 1806 1852 eligendum.

371 1922 758 1981 Decernimus
773 1937 914 1995 ergo
937 1931 998 1978 ut
1020 1921 1163 1978 nulli
1181 1921 1431 1979 omnino
1450 1923 1764 1980 hominurn
1781 1922 1957 1980 liceat

299 2013 618 2088 prefatum
640 2012 1070 2069 monasterium
1086 2015 1309 2068 temere
1325 2012 1695 2083 perturbare,
1713 2012 1877 2085 autej
1887 2027 1957 2069 us

300 2101 718 2181 possessiones
739 2099 993 2166 auterre,
1015 2099 1109 2156 vel
1127 2100 1363 2158 ablatas
1379 2102 1648 2169 retinere,
1664 2101 1953 2168 minuere,

301 2208 410 2250 seu
436 2189 807 2265 quibuslibet
835 2189 1253 2247 vexationibus
1278 2189 1563 2263 latigar03
1594 2191 1696 2248 sed
1728 2190 1959 2249 illibata

301 2279 514 2341 'omnia
533 2283 593 2338 et
610 2279 841 2352 integra
862 2284 1291 2336 conserventur
1312 2295 1543 2345 eorum,
1566 2297 1676 2353 pro
1695 2296 1955 2354 quorum

283 2369 739 2444 gubernatione
776 2374 835 2426 et
871 2368 1303 2426 sustentatione
1331 2384 1617 2427 concessa
1647 2375 1805 2433 sunt,
1841 2369 1958 2427 usi·

304 2462 420 2518 bus
438 2457 808 2518 omnimodis
837 2457 1173 2530 protutura,
1192 2457 1361 2515 salva
1385 2457 1840 2532 salzpurgensis
1864 2475 1958 2516 ar-

304 2548 670 2624 chiepiscopi
690 2548 982 2604 canonica
1003 2547 1352 2615 reverentia,
1375 2548 1468 2603 cui
1491 2552 1690 2604 tamen
1708 2548 1959 2605 omnino

305 2653 430 2698 non
459 2637 633 2695 liceat
658 2637 711 2694 ei
738 2637 1115 2694 vexationem
1154 2636 1422 2711 aliquam
1454 2636 1547 2694 vel
1574 2636 1961 2694 consuetudi-

304 2743 470 2797 nem,
498 2742 636 2799 quae
673 2724 1040 2797 regularium
1088 2725 1272 2799 quieti
1302 2732 1532 2793 noceat,
1574 2727 1857 2797 irrogare.
1903 2725 1962 2785 Si

307 2831 433 2894 qua
478 2816 657 2890 igitur
704 2815 766 2872 in
819 2813 1088 2872 futurum
1139 2814 1544 2872 ecclesiastica
1583 2815 1961 2874 saecularisve

305 2905 753 2982 persona,hanc
763 2909 981 2961 nostroe
992 2904 1430 2961 constitutionis
1446 2904 1730 2976 paginam
1746 2907 1959 2973 sciens,

308 3002 521 3055 contra
544 3011 678 3054 eam
705 2998 927 3052 temere
956 2993 1158 3051 venire
1191 2994 1518 3060 tentaverit,
1549 2993 1819 3053 secundo
1844 2999 1961 3052 ter-

2136 1780 2348 1836 Datum
2379 1778 2624 1835 Veronoe
2665 1792 2770 1849 per
2800 1791 3049 1833 manum
3089 1774 3310 1832 Alberti
3346 1780 3581 1833 sanctie
3610 1777 3718 1833 Ro·

2066 1883 2264 1925 manat
2288 1865 2565 1924 Ecclesiae
2581 1864 2917 1938 presbyteri
2942 1863 3270 1921 cardinalis
3287 1871 3344 1921 et
3357 1863 3719 1930 cancellarii.

2064 1972 2118 2014 xi
2169 1955 2298 2013 Kal.
2350 1960 2524 2026 Aug„
2557 1954 2884 2012 indictione
2925 1953 3483 2021 111,1ncarnationis
3531 1953 3721 2011 Domi·

2065 2046 2217 2102 nicae
2259 2059 2421 2101 anno
2467 2047 2625 2116 1185,
2672 2043 3054 2116 pontificatus
3095 2058 3234 2099 vero
3281 2042 3516 2101 domini
3568 2043 3722 2101 Lucii

2066 2137 2170 2193 PP.
2197 2134 2272 2191 111
2310 2148 2473 2190 anno
2511 2130 2706 2207 v[1v].

2742 2220 3054 2279 ccxxx1x.

2069 2312 2321 2373 clericis
2332 2313 2406 2370 de
2422 2310 2716 2383 Rhodiqio
2745 2311 3047 2382 significat
3067 2326 3130 2368 se
3140 2310 3448 2381 deteqasse
3460 2310 3728 2381 episeopo

2137 2385 2437 2442 Patauino
2460 2398 2703 2440 causam
2721 2397 2890 2440 novar
2906 2383 3167 2439 ecclesia!
3183 2381 3418 2451 seipsis
3430 2386 3727 2439 construe·

2141 2461 2216 2514 tar
2225 2456 2289 2512 in
2302 2454 2720 2525 praeiudicium
2736 2455 3002 2511 ecclestae
3011 2455 3077 2511 S.
3089 2455 3182 2509 Jo.
3197 2453 3494 2520 Baptista
3504 2453 3583 2511 de
3595 2454 3726 2511 Cos·

2140 2535 2225 2596 ta,
2246 2527 2529 2598 subjectat
2546 2526 2903 2583 monasterio
2918 2525 2988 2582 S.
3016 2525 3314 2596 Cypriani
3330 2525 3408 2582 de
3425 2525 3723 2584 Mariano.

2600 2616 2887 2688 (ven-ome,
2917 2615 3033 2672 Jul.
3062 2614 3179 2687 26.)

2143 2705 2431 2780 [Cossum
2457 2705 2687 2764 Ecclcs.
2731 2705 3014 2768 Vener..t.
3049 2706 3109 2770 X,
3132 2719 3271 2777 pars
3300 2720 3381 2770 iv,
3416 2719 3474 2776 p.
3509 2704 3665 2777 2044

2141 2797 2343 2852 Luctus
2372 2794 2710 2868 episcopus,
2751 2809 2959 2850 servus
2992 2807 3305 2850 servorum
3332 2793 3451 2859 Dei,
3493 2792 3731 2851 dilectis

2070 2883 2209 2942 filiis
2237 2883 2464 2941 clericis
2494 2883 2569 2939 de
2594 2882 2823 2953 Rodigo
2854 2882 3111 2939 salutem
3138 2885 3197 2939 et
3212 2879 3604 2954 apostolicam
3629 2881 3733 2939 be-

2069 2973 2494 3033 nedictionem.

308 3086 470 3144 2507„
486 3084 877 3152 commonita,
899 3082 1014 3139 nisi
1035 3083 1566 3155 proegumpflonem
1585 3100 1758 3140 suam
1776 3084 1963 3156 digna
1991 3072 2033 3130 c
2144 3063 2526 3136 significante
2563 3062 2780 3120 dilecto
2808 3060 2933 3120 filio
2964 3066 3169 3119 nostro
3204 3060 3428 3120 abbate
3459 3062 3520 3119 S.
3549 3064 3727 3120 Bene-

307 3174 714 3235 satistsctlons
747 3173 1085 3237 correxerit,
1118 3174 1426 3246 potestatis
1453 3173 1826 3248 honorisque
1868 3174 1960 3231 sui

305 3264 595 3338 dignitate
613 3268 832 3327 careat,
856 3276 1143 3336 reamque
1160 3277 1223 3318 se
1246 3261 1452 3320 divino
1464 3261 1695 3335 judicio
1711 3263 1961 3320 existere

306 3353 384 3413 de
400 3358 735 3428 perpetrata
746 3351 1057 3426 iniquitate
1070 3357 1417 3426 cognoscat,
1432 3357 1486 3407 et
1500 3368 1536 3409 a
1549 3351 1961 3410 sacratissimo

308 3457 559 3517 corpore
605 3446 663 3500 et
689 3441 984 3514 sanguine
1034 3442 1132 3499 Dei
1163 3446 1221 3498 et
1272 3440 1505 3498 Domini
1549 3440 1963 3514 Redemptoris

308 3531 496 3591 nostri
539 3531 681 3589 lesu
727 3529 939 3588 Christi
977 3529 1176 3589 aliena
1217 3530 1341 3596 flat,
1374 3536 1553 3604 atque
1592 3530 1652 3586 in
1695 3536 1962 3587 extremo

307 3621 588 3683 examine
606 3619 888 3678 districtoe
910 3619 1123 3677 ultioni
1141 3618 1471 3692 subjaceat.
1498 3620 1736 3677 Cunctis
1761 3625 1961 3676 autem

307 3709 508 3776 eidem
538 3710 671 3768 loco
718 3724 832 3767 sua
854 3709 994 3782 jura
1046 3708 1426 3766 servantibus
1459 3709 1534 3765 sit
1577 3725 1691 3781 pax
1730 3708 1964 3766 Domini

306 3800 498 3860 nostri
524 3801 661 3857 lesu
690 3798 906 3858 Christi
942 3806 1240 3873 quatenus
1274 3802 1331 3855 et
1359 3798 1456 3854 hic
1490 3797 1750 3855 fructum
1787 3797 1965 3856 bonoe

309 3886 1521 3962 actionispercipisnt,etapuddistrictum
1534 3887 1798 3959 judicem
1813 3903 1962 3960 prae-

310 3977 437 4039 mia
461 3982 697 4036 oternoe
722 3975 889 4051 pacis
909 3976 1234 4035 inveniant.
1258 3980 1467 4036 Amen.

384 4122 508 4193 Ego
548 4119 766 4177 Lucius
809 4119 1126 4177 catholicas
1170 4118 1441 4176 Ecclesia
1467 4118 1793 4191 episcopus
1823 4117 1971 4176 sub-

312 4225 547 4283 scripsi.

384 4299 509 4371 ugo
538 4297 847 4357 conradus
877 4297 1193 4355 sabinens.
1230 4298 1574 4371 episcopus,
1609 4295 1969 4368 maguntina

312 4387 478 4448 udis
503 4386 992 4461 archiepiscopus
1017 4386 1369 4460 subscripsi.

384 4480 506 4550 Ego
540 4475 939 4535 Theodwinus
977 4476 1316 4534 Portuensis
1345 4480 1402 4531 et
1449 4477 1506 4532 S.
1543 4474 1765 4531 Rufinus
1809 4472 1970 4532 sedis

313 4566 498 4643 episc.
531 4565 882 4639 subscripsi.

385 4658 511 4728 Ego
539 4655 847 4713 Heinricus
878 4654 1232 4712 Albanensis
1260 4653 1445 4727 episc.
1476 4654 1682 4711 subsc.

386 4747 512 4817 Ego
548 4743 929 4803 Theobaldus
956 4745 1246 4803 Ostiensis
1276 4750 1335 4800 et
1361 4742 1756 4799 veleternens.
1783 4741 1967 4815 episc.

315 4833 664 4908 subscripsi.

387 4927 511 4999 Ego
551 4924 814 4980 loannes
858 4925 942 4980 tit.
986 4924 1044 4981 S.
1077 4924 1248 4980 Marci
1295 4923 1606 4995 presbyter
1635 4920 1800 4979 card.
1832 4920 1976 4978 sub·

314 5014 553 5090 scripsi.

387 5108 511 5177 830
535 5105 847 5164 Laborans
864 5102 1180 5176 presbyter
1205 5100 1370 5159 card.
1404 5102 1460 5159 S.
1494 5101 1688 5157 Μανία
1717 5099 1972 5157 Transti-

314 5194 510 5258 berim
541 5193 893 5267 subscripsi.

388 5288 513 5357 :go
537 5284 833 5343 liubertus
862 5282 948 5340 tit.
979 5280 1276 5339 Laurentii
1302 5281 1616 5354 presbyter
1639 5278 1804 5336 eard.
1833 5278 1973 5336 sub·

314 5374 547 5447 scripsi.

388 5462 514 5532 Ego
541 5460 869 5519 Pandultus
913 5458 1224 5533 presbyter
1270 5456 1434 5515 card.
1469 5458 1552 5515 tit.
1584 5457 1850 5517 basilicae
1881 5456 1973 5514 xil

319 5547 744 5623 Apostolorum
769 5547 1120 5627 subscripsi.

2070 3152 2214 3210 dicti
2256 3167 2438 3225 super
2468 3151 2699 3208 Padum
2728 3167 2868 3208 cum
2900 3149 3116 3207 dilecto
3140 3149 3265 3207 filio
3296 3154 3509 3208 nostro
3540 3150 3726 3224 priore

2071 3242 2129 3299 S.
2156 3240 2434 3317 Cypriani
2452 3241 2526 3298 de
2551 3241 2805 3297 venetiis
2833 3239 3255 3307 intelleximus,
3276 3238 3454 3313 quod
3477 3254 3620 3297 cum
3639 3240 3729 3297 de-

2069 3348 2200 3389 cem
2221 3337 2281 3387 et
2302 3335 2437 3387 octo
2452 3329 2582 3402 jam
2611 3330 2788 3387 annis
2813 3329 3033 3402 elapsis
3061 3327 3382 3385 ecclesiam
3402 3328 3730 3400 baptisma·

2070 3420 2186 3477 lem
2214 3420 2275 3476 in
2295 3420 2650 3476 memoriam
2670 3421 2726 3477 S.
2746 3418 2995 3476 Joannis
3022 3419 3080 3474 in
3104 3416 3264 3484 villa,
3292 3433 3436 3490 qum
3455 3418 3637 3475 Costa
3653 3417 3730 3475 di·

2071 3509 2243 3574 citur,
2258 3508 2332 3564 de
2348 3507 2585 3566 licentia
2599 3508 2771 3565 bona.-
2791 3507 3100 3564 memoriae
3116 3506 3180 3562 V.
3198 3521 3305 3579 qu.
3320 3505 3601 3564 Adriensi
3621 3507 3729 3580 epi·

2071 3597 2238 3671 scopi
2262 3598 2753 3661 construxissent,
2770 3612 2875 3652 vos
2900 3597 2958 3652 in
2976 3595 3191 3652 eadem
3218 3593 3356 3651 villa
3378 3602 3525 3667 post
3540 3594 3731 3669 appel·

2071 3687 2357 3745 lationem
2376 3686 2455 3743 ad
2469 3686 2673 3742 sedem
2687 3683 3079 3759 apostolicam
3094 3683 3545 3756 interpositam,
3565 3692 3625 3743 et
3642 3684 3731 3741 de·

2074 3777 2508 3835 nuntiationem
2527 3776 2667 3832 novi
2685 3775 2883 3848 operis
2894 3773 3205 3831 ecclesiam
3217 3788 3448 3830 novam
3466 3779 3729 3831 constru-

2074 3866 2245 3924 erein
2265 3864 2689 3922 detrimentum
2715 3864 2927 3921 veteris
2949 3862 3292 3936 incoepistis.
3312 3862 3588 3936 ideoque
3611 3880 3731 3922 ceu·
3779 3921 3784 3942 ÷

2079 3971 2210 4015 sam
2239 3954 2524 4012 venerab.
2545 3953 2710 4012 fratri
2727 3959 2930 4010 nostro
2956 3952 3243 4011 Paduano
3262 3951 3557 4025 episcopo
3583 3969 3727 4011 com·
3781 3947 3784 4025 ἱ

2077 4043 2394 4110 mittentes,
2416 4058 2524 4116 per
2539 4042 2867 4115 apostolica
2890 4041 3112 4115 scripta
3130 4039 3506 4097 mandamus
3528 4047 3731 4115 quate-
3775 4077 3784 4132 1

2076 4149 2193 4190 nus
2219 4148 2356 4190 cum
2387 4138 2633 4206 propter
2656 4133 2773 4189 hoc
2800 4131 3025 4189 fueritis
3054 4129 3283 4187 evocati
3314 4131 3394 4186 ad
3429 4130 3572 4202 ejus
3600 4146 3730 4204 pro-
3777 4135 3784 4196 Α

2078 4223 2334 4279 sentiam
2353 4222 2671 4289 accedatis,
2694 4227 2753 4279 et
2775 4221 2939 4295 quod
2959 4222 3111 4277 iuter
3126 4235 3235 4277 vos
3253 4216 3732 4294 judicaveritap-
3777 4201 3784 4224 ¹

2077 4311 2395 4385 pellatione
2417 4315 2647 4367 remota
2671 4309 3009 4383 suscipiatis
3035 4314 3090 4366 et
3113 4309 3367 4366 firmiter
3384 4306 3730 4367 observetis.

2152 4400 2369 4458 Datum
2397 4400 2665 4468 veronae,
2698 4415 2776 4455 vn
2802 4399 2931 4456 Kal.
2964 4404 3115 4469 Aug.

2076 4579 2469 4652 Pn'vt'lwium
2486 4592 2598 4651 pro
2611 4577 2914 4707 frati-{bus
2926 4577 3157 4705 ἵνάίςιίε
3169 4575 3232 4633 S.
3249 4575 3523 4634 Ioannis
3539 4577 3740 4635 Hier-o-

2722 4665 2785 4707 so
2813 4666 2937 4721 yma
2966 4665 3094 4707 ant.

2608 4741 2899 4811 (Veronae,
2919 4742 3067 4810 Aug.
3089 4739 3205 4804 22.)

2222 4827 2437 4904 mono,
2466 4828 2689 4885 Istoria
2717 4828 2874 4887 della
2887 4828 3013 4885 mil.
3045 4827 3111 4883 di
3132 4828 3196 4884 S.
3226 4824 3381 4893 OEo„
3405 4825 3455 4898 1,
3491 4828 3614 4900 em]

2153 4920 2351 4976 Lucius
2390 4918 2733 4990 episcopus,
2766 4933 2976 4973 servus
3005 4931 3317 4974 servorum
3350 4914 3487 4981 Dei,
3523 4913 3748 4974 dilectis

2079 5008 2218 5066 ffliis
2246 5010 2314 5067 R.
2339 5008 2626 5078 magistro
2654 5012 2712 5064 et
2739 5007 3025 5064 tratribus
3051 5003 3374 5079 Hospitalis
3413 5006 3752 5080 Hierosoly·

2080 5097 2308 5162 mitani,
2338 5096 2593 5154 salutem
2614 5102 2671 5153 et
2701 5096 3097 5169 apostolicam
3126 5092 3659 5154 benedictionem.

2152 5188 2391 5255 Quanto
2404 5186 2781 5257 pergratiam
2799 5186 2900 5242 Dei
2914 5183 3209 5257 obsequio
3220 5197 3588 5256 pauperum
3599 5192 3663 5243 et
3676 5201 3756 5243 so-

2079 5276 2611 5335 latioinfirmorum
2624 5271 3387 5332 attentiusinsudatisetde
3399 5272 3596 5332 diein
3607 5276 3754 5332 dieu

2081 5365 2369 5439 proficitis
2387 5365 2546 5421 eires
2557 5380 2743 5437 opera
2776 5364 3010 5437 pietatis
3019 5361 3423 5420 extendentes
3438 5378 3560 5420 vos
3573 5367 3756 5423 ads*

2083 5455 2710 5526 teriora,posteriorum
2724 5454 2879 5511 obliti
2890 5459 3077 5521 ,tanto
3091 5450 3395 5509 sincerius
3417 5452 3754 5529 religiones

2081 5549 2333 5604 vestram
2346 5542 3754 5620 diligimus,etpetitienessestrss,qoe1urtess-
