3784 6000
175 225 297 289 stc

1242 212 1665 279 nummum
1705 211 2092 276 TYRENSIS
2131 212 2502 278 AncmEP.

3458 222 3581 284 ate

176 357 439 434 quandiu
468 354 787 432 praedictus
811 353 957 411 vixit
982 352 1320 425 imperator.
1362 350 1489 416 Quo
1511 349 1750 406 demum
1779 364 1816 405 a
1846 350 1899 417 A
1930 348 2063 405 nais
2093 362 2267 421 passa
2293 351 2382 407 est
2409 347 2712 408 laboribus
2742 365 2848 424 per
2871 366 3057 410 annos
3109 355 3578 429 quadringentos

179 448 375 508 Pboca
398 449 645 514 cesare,
689 443 791 518 qui
834 442 1021 500 eidem
1068 438 1440 513 postmodum
1484 438 1545 495 in
1573 437 1821 511 imperio

177 537 480 606 suecessit,
508 534 825 610 proditiose
852 531 1171 601 interfecto,
1213 528 1591 587 abominatus
1618 543 1819 587 eorum

174 627 503 705 perfidiam.
533 624 636 698 qui
663 626 783 680 tam
827 620 1113 678 nefarium
1142 618 1464 681 homiuem.
1512 622 1573 676 et
1627 618 1819 676 adbuc

174 715 396 775 domiui
410 713 503 773 sui
519 712 677 770 caede
692 712 1088 780 cruentatum,
1108 724 1288 782 super
1306 724 1371 766 se
1399 724 1645 781 regnare
1662 707 1821 781 passi

174 807 422 874 fumat,
474 799 645 874 quasi
697 798 943 858 occulto
1001 797 1300 856 societatis
1355 813 1486 856 reos
1542 801 1601 854 et
1654 796 1819 854 illius

172 892 409 955 sceleris
437 891 720 949 babentes
747 887 1168 948 conscientiam
1203 901 1218 942 z
1250 885 1478 960 imperii
1526 886 1672 944 flnes
1699 885 1825 943 vio-

169 982 358 1042 lenter
381 980 686 1054 ingressus
715 982 824 1048 est,
856 978 915 1035 in
945 992 1040 1035 res
1068 992 1270 1035 eorum
1319 975 1605 1033 violenter
1627 977 1817 1033 desai-

169 1071 355 1141 vieus,
384 1069 568 1129 soced
598 1084 822 1140 necem,
867 1082 1045 1125 uxore
1098 1065 1463 1136 stimulante,
1516 1066 1707 1122 ultum
1741 1064 1813 1121 iri

169 1163 558 1221 desiderans:
597 1158 970 1230 subactisque
1016 1157 1239 1215 catoris
1296 1156 1653 1229 regionibus,
1686 1171 1814 1228 quae

169 1251 564 1311 Romanorum
596 1249 875 1307 suberant
892 1245 1123 1314 ditioni,
1150 1245 1462 1303 novissime
1485 1244 1731 1318 Syriam,
1758 1251 1822 1300 ut

175 1339 585 1412 promisimus,
615 1335 890 1404 obtinuit,
921 1334 1153 1407 populis
1179 1333 1311 1405 ejus
1357 1337 1460 1390 aut
1502 1333 1819 1406 peremptis

173 1427 390 1503 gladio,
422 1430 523 1485 aut
548 1441 750 1485 secum
790 1425 849 1482 in
884 1424 1180 1482 Persidem
1227 1422 1521 1479 deductis.
1562 1421 1821 1494 Ingressi

173 1534 308 1592 ergo
336 1518 577 1588 Arabes,
606 1521 821 1573 terram
853 1513 1313 1572 habitationibus
1344 1512 1701 1586 reperientes
1729 1528 1819 1570 va·

170 1625 366 1679 cuam,
426 1607 710 1680 majorem
759 1604 1109 1676 subjiciendi
1152 1620 1282 1661 eam
1330 1602 1442 1662 sibi
1477 1606 1820 1675 repererunt

168 1695 689 1771 opportunitatem.
730 1695 829 1752 Sic
874 1710 1009 1768 ergo
1061 1692 1269 1750 urbem
1326 1692 1445 1750 Deo
1482 1690 1816 1753 amabilem,
1850 1716 1900 1781 Β

171 1786 631 1859 Hierosolymam
660 1782 951 1852 videlicet,
983 1782 1224 1854 paribus
1252 1780 1689 1839 calamitatibus
1727 1781 1816 1838 in·

170 1875 429 1935 volutam
457 1872 1045 1945 comprehendentes,
1078 1869 1314 1943 populo,
1346 1868 1448 1941 qui
1479 1869 1538 1925 in
1589 1885 1658 1926 ea
1695 1876 1823 1925 erat

173 1964 423 2034 modico,
457 1963 634 2020 uteie
670 1963 862 2020 factus
905 1958 1254 2017 tributarius
1293 1958 1565 2016 extremis
1614 1958 1818 2015 condi-

171 2051 434 2112 tionibus
463 2050 800 2120 deserviret,
846 2055 1244 2122 pepsrcerunt‚
1291 2048 1691 2120 permittentes
1735 2046 1819 2103 eis

175 2158 347 2201 suum
379 2140 590 2199 babere
618 2139 951 2213 episcopum
983 2136 1380 2208 eteoclesiam,
1411 2153 1563 2210 quei,
1591 2141 1656 2193 ut
1676 2152 1822 2209 prte-

172 2232 394 2291 dictum
425 2234 536 2298 est,
568 2229 793 2301 dejecta
824 2228 1035 2297 fuerat,
1067 2241 1356 2300 reparare,
1389 2233 1447 2282 et
1478 2225 1819 2298 religionem

174 2319 357 2379 libere
375 2334 712 2379 mnservare
732 2316 1139 2375 Christianam.
1162 2317 1305 2372 Dum
1323 2318 1521 2371 autem
1543 2314 1601 2371 in
1617 2314 1820 2371 eadem

173 2410 406 2467 civitate
438 2409 707 2481 princeps
735 2423 916 2480 supra
947 2406 1288 2463 nominatus
1327 2420 1553 2461 moram
1586 2406 1822 2477 faceret,

170 2497 341 2569 cepit
369 2496 686 2570 diligenter
713 2511 749 2552 a
776 2495 1004 2553 civibus
1034 2493 1421 2567 percunctari,
1469 2498 1528 2550 et
1570 2494 1823 2551 maxime

174 2603 211 2646 a
234 2586 361 2647 viro
389 2584 709 2644 venerabili
739 2583 1089 2656 Sophronia,
1119 2583 1385 2655 ejusdem
1410 2582 1519 2640 loci
1551 2582 1823 2655 episcopo

170 2675 294 2751 (qui
319 2676 587 2734 Modesto
614 2672 721 2746 pio
751 2672 1051 2730 memorias
1076 2672 1202 2743 Jam
1227 2672 1503 2728 defuncto
1531 2685 1826 2728 successe-

172 2765 287 2840 rat)
314 2764 561 2823 ubinam
590 2766 747 2822 esset
795 2761 960 2819 locus
1005 2761 1066 2818 in
1097 2777 1213 2833 quo
1270 2760 1552 2834 templum
1585 2759 1819 2818 Domini

176 2856 387 2925 ruerat,
418 2854 574 2928 quod
604 2871 640 2911 a
684 2853 816 2910 Tito
872 2853 1134 2910 Romano
1185 2849 1473 2924 principe,
1530 2866 1664 2909 cum
1694 2851 1827 2923 ipsa

1933 438 2284 511 nonaginta3
2316 439 2753 498 conditionibus
2781 444 2979 500 tamen
2997 441 3263 502 alternis.
3293 446 3440 504 Nam
3461 447 3577 505 sre-

1931 528 2133 603 quenti
2155 545 2352 587 rerum
2374 530 2718 600 mutatione,
2742 531 3011 591 dominos
3030 535 3279 593 mutavit
3299 537 3578 610 trequen-

1928 617 2047 675 tius
2073 636 2087 688 ;
2118 619 2444 676 secundum
2466 634 2722 691 quorum
2744 621 3213 694 dispositionem,
3232 624 3580 700 plerumque

1928 706 2145 777 lucida,
2193 708 2538 783 plerumque
2583 709 2785 769 nubila
2831 714 3050 786 recepit
3101 714 3405 773 intervalla
3439 757 3456 786 ,
3523 722 3581 773 et

1931 798 2268 871 aegrotantis
2299 814 2480 871 more,
2511 802 2841 874 temporum
2871 802 3267 875 presentium,
3289 806 3578 876 gravaba-

1931 889 2031 943 tur
2057 892 2160 944 aut
2187 887 2512 960 respirabat
2537 888 2834 961 qualitate.
2868 891 3104 950 Plenius
3141 896 3339 951 tamen
3368 911 3576 952 conva-

1927 975 2146 1034 lescere
2176 993 2293 1034 non
2325 981 2570 1050 poterat,
2601 995 2729 1052 quae
2766 979 3094 1039 infidelium
3147 983 3480 1057 principum
3517 989 3579 1042 et

1931 1065 2130 1139 populi
2159 1067 2288 1125 sine
2309 1068 2448 1135 Deo,
2479 1068 2872 1127 dominatione
2895 1072 3268 1143 premebatur
3294 1074 3571 1132 violenta.

1930 1155 2144 1212 Diebus
2169 1160 2365 1214 tamen
2391 1156 2554 1215 illius
2581 1158 2943 1217 admirabilis
2973 1165 3032 1218 et
3060 1163 3415 1233 prndicandi
3440 1165 3573 1237 viri,

1930 1247 2148 1301 Aarum
2203 1244 2490 1313 videlicet,
2530 1247 2630 1319 qui
2675 1249 3122 1322 cognominatus
3164 1256 3255 1309 est
3311 1252 3577 1321 Ressith,

1928 1333 2028 1405 qui
2050 1333 2319 1393 universo
2340 1336 2569 1409 profuit
2604 1336 2820 1394 Orienti
2862 1338 3057 1411 (cujus
3077 1340 3484 1400 liberalitatem
3515 1347 3577 1400 et

1932 1423 2322 1482 urbanitatem
2346 1427 2796 1499 pmcipuam,et
2816 1442 3007 1485 mores
3023 1428 3402 1504 singulariter
3419 1448 3573 1490 com·

1930 1513 2304 1583 insedabiles,
2363 1515 2665 1573 universus
2706 1516 2884 1574 etiam
2917 1533 3106 1592 usque
3143 1518 3318 1578 hodie
3364 1521 3573 1580 Oriens

1929 1602 2277 1671 admiratur,
2308 1610 2366 1661 et
2395 1605 2701 1677 praeconiis
2729 1606 2936 1664 attollit
2982 1608 3434 1683 immortalibus)
3479 1613 3572 1670 in·

1927 1695 2190 1750 terventu
2246 1692 2500 1765 piissimi
2557 1695 2908 1752 immortalis
2956 1698 3248 1756 memoria
3303 1699 3433 1768 viri,
3464 1702 3574 1759 do-

1928 1780 2073 1837 mini
2128 1780 2395 1839 videlicet
2442 1782 2809 1855 imperatoris
2856 1785 3046 1842 Caroli
3093 1787 3220 1859 (qui
3281 1792 3573 1859 mutuam,

1911 1866 2448 1947 ⁴intercurrentibus
2468 1869 2691 1926 nuntiis
2721 1870 3144 1944 frequentibus,
3175 1874 3332 1931 inter
3357 1892 3422 1933 se
3441 1891 3571 1948 gra-

1930 1957 2065 2012 tiam
2098 1959 2156 2014 et
2184 1957 2430 2013 mirabili
2462 1958 2773 2016 subnixam
2805 1960 3030 2030 saedere,
3072 1962 3565 2037 conciliaverant),

1932 2044 2085 2118 plebi
2110 2045 2205 2102 Dei
2220 2046 2613 2119 tranquillitas
2635 2049 2892 2119 praestita
2911 2053 3024 2118 est,
3037 2054 3095 2107 et
3116 2052 3275 2109 favor
3292 2053 3571 2126 principis

1931 2133 2530 2193 clementerindultus
2561 2137 2632 2194 ad
2665 2138 2915 2195 multam
2963 2140 3456 2214 consolationem;
3490 2144 3570 2201 ita

1933 2229 1998 2280 ut
2025 2224 2211 2297 magis
2247 2224 2359 2282 sub
2405 2226 2749 2298 imperatore
2780 2229 3002 2296 Carolo,
3043 2247 3218 2302 quam
3277 2232 3385 2289 sub
3414 2232 3567 2290 dicto

1934 2311 2197 2385 principe
2224 2312 2428 2384 degere
2467 2314 2816 2372 viderentur.
2856 2317 2931 2373 De
2962 2334 3078 2388 quo
3137 2319 3215 2374 ita
3253 2318 3466 2393 legitur
3512 2322 3569 2377 in

1932 2400 2061 2456 Vita
2091 2401 2345 2474 praedicti
2377 2402 2482 2459 viri
2529 2404 2768 2478 gloriosi
2796 2422 2809 2461 τ
2861 2406 2992 2462 Cam
3021 2409 3246 2479 Aurum,
3280 2427 3410 2482 repe
3438 2413 3574 2468 Per·

1932 2507 2141 2563 sarum,
2190 2494 2306 2564 qui,
2354 2502 2577 2566 excepta
2637 2495 2820 2568 India,
2880 2505 3053 2554 totam
3104 2515 3242 2571 pene
3297 2500 3571 2559 Orientem

1933 2581 2169 2648 tenebat,
2208 2581 2374 2639 talem
2402 2583 2593 2641 habuit
2642 2587 2704 2641 in
2738 2587 2992 2642 amicitia
3034 2589 3404 2661 concordiam,
3443 2596 3504 2647 at
3530 2595 3577 2648 is

1932 2672 2174 2742 qratiam
2219 2673 2356 2744 ejus,
2399 2672 2649 2730 omnium
2699 2674 2799 2748 qai
2844 2677 2905 2730 in
2953 2680 3065 2733 toto
3114 2677 3245 2735 orbe
3299 2684 3575 2737 terrarum

1933 2767 2099 2816 erant
2126 2776 2312 2832 requam
2346 2777 2410 2817 ac
2431 2761 2756 2836 principum
2782 2762 3046 2821 amicitia
3071 2775 3449 2839 praeponeret,
3482 2786 3574 2826 so-

1934 2848 2155 2922 lumque
2174 2847 2346 2906 illam
2372 2850 2579 2909 honore
2604 2869 2670 2908 ac
2695 2853 3109 2925 magnificentia
3151 2857 3258 2913 sibi
3281 2858 3574 2916 colendum

180 2945 327 3004 urbe
357 2944 620 3003 dirutum
650 2941 833 3000 fuisse
877 2941 1132 3016 legitur:
1183 2940 1283 3016 qui
1339 2940 1714 3000 ostendentes
1770 2939 1823 2998 ei
1923 2936 2226 3011 Jadtcaret.
2274 2939 2350 2995 Ac
2400 2939 2632 3012 proinde
2682 2957 2805 2996 cum
2859 2942 3031 3013 leuati
3083 2945 3228 3015 εἰπε,
3289 2960 3424 3019 quos
3451 2963 3579 3005 cum

178 3037 376 3096 locum
393 3036 868 3109 designaverunt,
879 3033 1078 3107 aliqua
1096 3032 1307 3091 vetusti
1326 3032 1515 3103 operis
1534 3031 1823 3090 exstantia

1930 3030 2196 3087 donariis
2239 3032 2318 3088 ad
2387 3032 2823 3090 sacratissimum
2876 3034 3102 3091 Domini
3154 3052 3222 3094 ac
3273 3038 3578 3097 &tuatonis

182 3125 424 3196 vestigia
439 3126 927 3192 demonstrantes,
952 3122 1053 3179 ubi
1074 3122 1410 3195 sumptibus
1439 3123 1538 3195 qui
1560 3121 1824 3178 sufficere
1851 3094 1897 3164 G
1933 3119 2110 3177 nostri
2127 3120 2440 3192 sepulcrum
2470 3121 2753 3196 meumque
2789 3125 3207 3183 resurrectionis
3235 3130 3481 3200 miserat,
3505 3130 3581 3186 ad

184 3218 425 3288 possent
449 3213 521 3270 ad
552 3214 880 3285 impensam
912 3212 1231 3283 designatis
1251 3215 1307 3268 et
1335 3211 1667 3268 convocatis
1683 3210 1827 3268 arti-

182 3302 421 3373 ficibus,
447 3301 715 3374 subJecta
742 3317 845 3374 pro
874 3299 1024 3358 votis
1055 3299 1299 3356 materia
1329 3304 1449 3356 tam
1477 3315 1546 3356 ex
1577 3315 1830 3356 marmo-

182 3407 316 3450 rum
343 3390 681 3449 diversitate
709 3406 889 3464 quam
915 3405 985 3446 ex
1013 3388 1306 3461 lignorum
1328 3388 1651 3446 differentia
1673 3388 1829 3445 mul-

182 3482 389 3556 tiplici,
446 3481 731 3555 templum
789 3481 1063 3539 edificari
1110 3480 1402 3553 precepit.
1459 3482 1583 3547 Quo
1627 3485 1830 3554 postea

180 3574 334 3634 inira
379 3573 678 3632 modicum
721 3577 976 3646 tempus,
1019 3572 1190 3643 juxta
1220 3574 1582 3642 ‘conceptum
1614 3571 1828 3629 mentis

182 3663 429 3723 feliciter
482 3668 903 3729 consummato,
964 3658 1139 3733 quale
1187 3659 1357 3717 bodie
1414 3659 1828 3731 Hierosolymis

182 3769 312 3813 esse
341 3752 731 3828 dignoscitur,
760 3750 964 3808 multia
993 3752 1051 3807 et
1078 3748 1330 3806 infinitis
1358 3748 1567 3805 ditavit
1592 3765 1828 3821 posses-

182 3845 472 3910 sionibus,
505 3844 661 3901 unde
700 3844 1066 3915 suppeterent
1113 3840 1422 3898 facultates
1450 3841 1522 3897 ad
1556 3841 1828 3898 habenda

184 3941 461 4008 perpetuo
483 3932 745 4004 ejnsdem
777 3935 934 3988 sarta
954 3934 1126 3999 tacu,
1155 3934 1214 3989 et
1242 3938 1442 3988 vetera
1470 3930 1823 4000 renovanda,

184 4027 244 4079 et
272 4022 624 4080 continenda
655 4019 965 4078 luminaria
997 4036 1101 4092 per
1132 4036 1368 4077 manum
1400 4035 1603 4077 eorum
1634 4020 1737 4091 qui
1765 4020 1826 4078 in

182 4111 391 4169 eodem
448 4109 667 4183 templo
722 4108 1097 4165 deservirent.
1156 4110 1294 4177 Quo
1341 4116 1536 4166 autem
1567 4110 1618 4166 si
1667 4109 1827 4168 illius

183 4202 393 4267 forma,
421 4203 480 4258 et
506 4217 634 4273 quai
664 4199 853 4271 operis
881 4199 1190 4271 elegantia,
1222 4201 1500 4272 quoniam
1531 4217 1676 4272 pene
1705 4217 1824 4259 om·

181 4288 355 4346 nibus
382 4292 589 4345 notum
618 4294 727 4356 est,
758 4304 874 4344 uon
903 4292 990 4343 est
1019 4288 1321 4358 praesentis
1368 4292 1615 4347 tractare
1644 4305 1828 4363 nego-

178 4376 267 4433 tii.
297 4377 543 4433 Exstant
570 4390 743 4449 porro
766 4376 824 4431 in
844 4374 1047 4432 eodem
1072 4375 1272 4449 templi
1301 4376 1563 4448 aidiflcim
1592 4380 1753 4436 intus
1771 4387 1827 4436 et

182 4471 364 4534 extra,
392 4480 463 4523 ex
484 4480 657 4539 opere
686 4463 970 4533 musaico,
997 4463 1230 4521 Arabici
1261 4464 1561 4521 idiomatis
1596 4465 1827 4524 littera-

182 4569 317 4614 rum
344 4552 742 4612 vetustissima
769 4557 1168 4621 monumenta,
1202 4569 1329 4626 quae
1359 4552 1519 4610 illius
1548 4556 1827 4628 temporis

185 4659 314 4704 esse
340 4643 662 4702 creduntur
690 4640 952 4715 :quibus
982 4645 1041 4700 et
1065 4645 1292 4710 auctor,
1318 4644 1376 4699 et
1422 4642 1826 4715 impensarum

187 4733 500 4809 quantitas,
525 4737 586 4792 et
609 4749 724 4805 quo
752 4737 1017 4806 tempore
1042 4747 1193 4805 opus
1223 4732 1560 4805 inemptum,
1592 4749 1829 4806 quoque

186 4826 661 4882 consummatum
692 4820 887 4889 luerit,
914 4820 1209 4878 evidenter
1236 4820 1580 4879 declaratur.

185 4984 399 5054 Quanto
427 4987 663 5055 tempore
711 4983 812 5040 sub
826 4909 1398 5041 czaffuudlbmmm
1437 4985 1602 5057 Syria
1618 4988 1827 5059 jupam

251 5069 417 5127 passa
441 5060 516 5110 est
545 5054 820 5111 servitutis
841 5073 860 5109 .·
889 5060 941 5112 et
969 5055 1231 5128 quomodo
1258 5056 1532 5127 fidelibus,
1581 5061 1678 5132 qai
1723 5060 1823 5116 sub

250 5121 572 5197 infidelium
610 5125 819 5181 ditione
872 5126 1161 5196 devehant,
1220 5128 1374 5184 utilis
1427 5130 1543 5199 fuit
1570 5132 1826 5187 amicitia

251 5197 536 5269 mapnifici
588 5198 935 5269 imperatoris
998 5197 1204 5268 Caroli,
1261 5214 1388 5255 cum
1440 5207 1649 5256 aarum
1699 5216 1827 5273 repe

254 5274 561 5433 ςίἵέἓῖἲιῖῗ
586 5276 1005 5416 ‹mauge-Deo
1060 5358 1298 5417 amabili
1340 5365 1398 5416 et
1426 5364 1818 5431 sacrosancta,

184 5446 440 5519 matis
468 5447 685 5506 nostris
736 5446 1125 5521 exigentibus,
1181 5448 1507 5507 infidelium
1553 5451 1825 5523 subjectu

185 5533 445 5597 bostium
474 5535 702 5610 ditioni,
727 5537 939 5610 Jugum
972 5536 1245 5597 indebito
1292 5538 1595 5598 servitutis
1638 5540 1825 5600 conti-

1936 3225 2061 3266 eam
2091 3212 2381 3281 venissent,
2411 3216 2465 3268 et
2507 3213 2564 3268 ei
2607 3212 2820 3270 domini
2843 3214 2939 3271 sai
2962 3216 3303 3274 voluntatem
3332 3219 3579 3276 indicas-

1935 3301 2074 3368 sent,
2113 3315 2226 3356 non
2251 3301 2429 3356 solam
2473 3317 2593 3373 quse
2636 3302 2971 3374 petebantur
3013 3304 3142 3375 fieri
3164 3307 3445 3377 permisit,
3486 3309 3581 3366 sed

1936 3389 2100 3445 etiam
2156 3404 2377 3445 sacrum
2421 3390 2588 3447 illam
2627 3396 2679 3448 et
2733 3393 3037 3450 salutarem
3099 3395 3301 3465 locum,
3333 3402 3395 3453 at
3423 3398 3579 3456 itlius

1934 3480 2189 3549 potestati
2219 3479 2601 3551 ascriberetur,
2630 3485 2906 3545 concessit,
2963 3492 3018 3540 et
3073 3487 3468 3545 revertentibus
3498 3489 3581 3544 le-

1934 3570 2077 3638 ostis
2094 3583 2220 3625 suos
2246 3569 2574 3640 abjanqens,
2611 3570 2764 3627 inter
2793 3576 2961 3628 vestes
2989 3580 3041 3630 et
3069 3582 3345 3644 aromata,
3374 3583 3429 3633 et
3467 3593 3581 3634 car-

1937 3662 2083 3714 teras
2111 3656 2485 3715 Orientalium
2521 3667 2802 3717 terrarum
2831 3676 2978 3733 opes,
3040 3662 3289 3736 inperitia
3319 3664 3412 3722 illi
3436 3666 3584 3724 dona

1934 3743 2181 3801 direxit:
2211 3761 2338 3803 cam
2363 3747 2418 3804 ei
2445 3755 2573 3805 ante
2612 3765 2785 3806 annos
2812 3765 3038 3821 paucos,
3085 3768 3211 3809 eam
3256 3770 3415 3827 quem
3445 3762 3580 3813 tanc

1933 3834 2118 3890 solam
2168 3835 2417 3905 habebat,
2470 3839 2692 3907 royanti
2747 3842 2990 3898 mitteret
3044 3840 3414 3914 elephantem.
3464 3846 3586 3903 Nec

1937 3924 2126 3983 solum
2157 3927 2230 3984 iis
2268 3928 2371 4001 qui
2400 3929 2822 4004 Hierosolymis
2850 3933 3197 3991 babitabant
3226 3935 3338 3993 sub
3370 3937 3585 3995 infide·-

1937 4014 2082 4072 lium
2113 4021 2391 4087 potestate
2411 4018 2705 4087 fidelibus,
2726 4037 2926 4078 verum
2949 4025 3006 4079 et
3027 4022 3101 4080 iis
3125 4024 3309 4096 quiin
3338 4026 3584 4100 AEgypto

1935 4111 1988 4161 et
2013 4104 2073 4160 in
2104 4104 2294 4162 Al'rica
2321 4107 2433 4164 sub
2462 4107 2766 4179 impietate
2788 4110 3076 4183 degebant
3100 4113 3583 4172 sarracenorum,

1936 4209 2178 4251 suarum
2199 4195 2572 4270 largitionum
2605 4198 2941 4270 frequenter
2955 4200 3242 4274 dirigebat
3270 4203 3501 4276 solatia,
3526 4211 3587 4262 et

1936 4284 2166 4355 pietatis
2192 4301 2369 4358 opera
2397 4286 2729 4360 porrigebat
2752 4303 2768 4355 ;
2790 4286 2947 4346 sicut
2967 4289 3025 4345 in
3048 4290 3178 4361 ejus
3199 4291 3326 4349 Vita
3351 4292 3580 4367 legitur,

1937 4387 2065 4444 quie
2120 4372 2296 4430 habet
2350 4374 2434 4430 ita
2473 4391 2488 4429 ε
2539 4375 2702 4432 Circa
2745 4391 3012 4448 pauperes
3063 4382 3463 4452 sustentandos,
3529 4391 3586 4440 et

1835 4452 1904 4520 ,Β
1931 4462 2236 4532 yrataitam
2264 4462 2663 4520 liberalitatem
2711 4464 2900 4538 (quam
2931 4466 3113 4525 Groeci
3142 4469 3581 4545 eleemosynam

1936 4553 2156 4623 vocant)
2210 4551 2608 4626 devotissimus,
2656 4562 2717 4611 ut
2770 4555 2974 4612 nonin
3011 4559 3196 4629 patria
3220 4560 3401 4617 solum
3439 4563 3582 4618 etin

1937 4656 2102 4713 rayno
2126 4655 2223 4697 suo
2251 4642 2315 4698 id
2340 4643 2527 4710 facere
2551 4645 2850 4711 curaverit,
2870 4660 3064 4702 veram
3089 4650 3245 4704 trans
3268 4649 3478 4720 maria,
3520 4653 3586 4707 in

1937 4733 2101 4801 Syria
2128 4732 2407 4803 etAEoypto
2435 4737 2602 4803 atque
2626 4733 2837 4804 Ali-ica,
2887 4736 3290 4808 Hierosolymis,
3338 4738 3586 4797 Aleman-

1938 4819 2076 4877 drioe
2101 4828 2265 4893 atque
2291 4819 2642 4890 Carthaaim',
2675 4822 2772 4880 ubi
2801 4822 3149 4882 Christianos
3167 4829 3228 4881 in
3254 4833 3582 4900 paupertate

1937 4913 2118 4967 vivere
2143 4917 2504 4982 compererat,
2533 4914 2779 4982 penurioe
2801 4928 2997 4970 eoram
3018 4917 3386 4988 compatiens,
3412 4933 3584 4988 pecu·

1935 5002 2093 5056 aiam
2120 4999 2337 5057 mittere
2363 5001 2588 5057 solebat.
2646 5002 2726 5058 Ob
2756 5002 2853 5059 hoc
2891 5005 3136 5061 maxime
3171 5008 3585 5063 transmarino·

1935 5107 2060 5146 ram
2114 5105 2310 5160 recum
2363 5089 2644 5147 amicitias
2679 5095 2952 5164 expetens,
3001 5099 3063 5149 at
3111 5093 3452 5151 Christianis
3480 5099 3582 5153 sub

1931 5198 2122 5240 eorum
2148 5182 2440 5241 dominata
2483 5182 2822 5255 deqeutibus,
2870 5184 3234 5258 resriyeriam
3264 5186 3490 5259 aliquod
3519 5205 3586 5244 ac

1933 5273 2196 5329 revelatio
2221 5273 2552 5344 proveniret.
2581 5272 2743 5338 Quod
2772 5276 2968 5330 autem
2999 5278 3058 5331 et
3086 5274 3327 5347 quantis
3359 5291 3583 5345 rerum,

1934 5368 2261 5434 temporum
2291 5366 2351 5419 et
2378 5360 2772 5419 dominiorum
2819 5362 2996 5419 variis
3043 5364 3585 5436 permutationibus

1933 5450 2044 5508 boc
2075 5450 2267 5508 medio
2295 5454 2555 5524 tempore
2583 5450 2874 5525 flagellata
2903 5452 3101 5523 fuerit,
3146 5457 3269 5511 tam
3305 5455 3587 5526 prodicta

1935 5540 2037 5600 Dei
2066 5539 2277 5599 cultris
2299 5540 2508 5601 civitas
2527 5555 2702 5615 quam
2723 5541 2994 5602 universa
3011 5542 3066 5601 ei
3093 5543 3374 5616 adjacens
3397 5545 3587 5620 regio,
