3784 6000
274 282 395 345 699

1341 271 1774 338 GUlLLELMl
1818 270 2200 334 'PYRENSIS
2244 270 2610 334 AncmEP.

3561 271 3688 334 '100

271 425 564 498 tores,qui
589 423 847 482 hostium
872 420 1184 478 adventum
1207 413 1487 472 citissime
1509 411 1753 485 possent
1774 426 1918 485 prae-
1951 412 2005 479 Α
2037 409 2189 466 muri
2221 407 2486 482 partibus
2517 420 2617 480 per
2636 406 2760 464 loca
2787 405 2948 463 varia
2988 421 3103 464 non
3135 402 3335 464 deerat
3372 405 3686 464 conuictus

277 519 574 576 nuntiare.

875 621 1110 680 CAPUT
1138 618 1343 677 XXIV.

270 717 514 775 Secundo
552 714 848 772 obsidionis
888 727 1090 777 mense,
1129 694 1275 767 ade'st
1316 707 1735 780 pereyrinorum
1762 707 1922 759 tran·

341 793 500 854 situs,
528 788 734 843 multas
761 784 1015 858 deferens
1043 782 1114 839 ad
1142 797 1277 854 opus
1305 779 1600 836 obsidionis
1628 776 1924 834 commodi-

353 868 511 916 tales.

346 968 438 1024 Sic
470 966 651 1040 igitur
679 966 905 1023 duobus
926 962 1236 1021 mensibus
1265 960 1467 1017 eodem
1501 966 1698 1016 tenore
1728 956 1922 1014 conti-

275 1067 453 1115 nuata
482 1056 806 1122 obsidione,
826 1053 1037 1111 accidit
1069 1056 1134 1108 ut
1159 1066 1317 1108 more
1340 1048 1509 1107 solito
1529 1048 1683 1104 circa
1705 1046 1924 1103 Pascha

278 1149 510 1204 adesset
543 1145 840 1211 transitus,
887 1149 944 1199 et
987 1141 1421 1215 peregrinorum
1486 1138 1758 1196 advenire
1803 1136 1925 1194 fre-

281 1236 536 1310 quentia.
567 1232 1008 1290 Communicato
1040 1248 1175 1304 ergo
1207 1229 1453 1287 consilio
1495 1229 1830 1301 diriguntur
1850 1228 1923 1284 de

275 1326 555 1394 exercitu,
605 1324 705 1396 qui
756 1321 1096 1379 auctoritate
1142 1321 1297 1394 regia
1338 1325 1458 1377 tam
1502 1319 1694 1375 nautis
1744 1335 1922 1390 quam

279 1414 601 1489 peregrinis
648 1411 833 1469 redire
882 1409 1207 1467 volentibus
1260 1409 1611 1466 interdicant
1648 1409 1922 1475 reditum,

277 1510 338 1562 et
368 1520 571 1561 omnes
601 1503 672 1560 ad
704 1501 1068 1558 obsidionem
1103 1506 1159 1556 et
1191 1499 1449 1556 laborem
1485 1500 1595 1555 Deo
1628 1503 1743 1555 tam
1771 1513 1926 1554 acce·

278 1599 444 1668 ptum
483 1591 788 1667 promissis
833 1589 1079 1647 invitent
1127 1590 1458 1662 stipendiis,
1496 1594 1554 1646 et
1602 1605 1778 1645 naves
1807 1593 1925 1645 tam

282 1685 533 1757 majores
555 1698 730 1755 quam
766 1680 1016 1736 minores
1054 1677 1193 1734 illuc
1223 1679 1534 1737 deducant.
1569 1672 1927 1751 Factumque

279 1778 366 1832 est
396 1777 460 1829 ut
502 1771 698 1828 subito
758 1775 814 1826 et
862 1769 1015 1826 intra
1049 1786 1262 1843 paucos
1292 1769 1438 1836 dies,
1480 1770 1737 1825 secundo
1785 1772 1925 1824 actae

276 1862 417 1920 flatu
451 1877 627 1917 naves
664 1875 885 1927 omnes,
939 1862 1229 1931 quotquot
1261 1856 1361 1914 illo
1396 1857 1650 1914 transitu
1684 1856 1927 1914 advene-

277 1955 430 2019 rant,
464 1955 599 2008 ante
632 1949 833 2005 urbem
867 1953 1170 2020 apessent;
1197 1948 1634 2021 peregrinorum
1695 1963 1927 2021 quoque

274 2046 399 2099 tam
432 2041 696 2114 equitum
719 2056 895 2111 quam
928 2039 1186 2111 peditum
1216 2039 1484 2112 ingentes
1512 2039 1690 2112 copioe
1714 2037 1927 2095 nostris

276 2129 744 2203 expeditionibus
785 2144 847 2184 se
880 2128 1285 2202 adjungerent,
1337 2137 1392 2184 et
1440 2129 1645 2185 diebus
1676 2127 1928 2200 singulis

274 2220 559 2278 exercitus
589 2226 920 2289 augeretur.
965 2218 1100 2273 Erat
1129 2234 1266 2291 ergo
1298 2217 1355 2272 in
1388 2217 1601 2274 castris
1632 2215 1832 2273 laetitia
1872 2219 1933 2272 et

277 2326 410 2382 spes
454 2308 681 2365 fruendi
728 2307 1011 2376 victoria;
1042 2309 1195 2380 apud
1239 2308 1430 2363 hostes
1480 2313 1672 2363 autem
1722 2323 1931 2362 maeror

274 2398 664 2457 invalescebat
695 2406 747 2452 et
776 2399 1040 2453 anxietas
1066 2416 1082 2468 3
1113 2402 1170 2455 et
1214 2397 1286 2452 de
1327 2397 1548 2453 viribus
1598 2397 1931 2453 diffidentes

280 2489 471 2545 rarius
531 2486 975 2559 egrediebantur
1040 2487 1113 2542 ad
1165 2485 1491 2553 conflictus,
1542 2485 1679 2542 licet
1719 2485 1932 2557 saepius

284 2576 562 2634 lacessiti.
612 2575 1033 2647 Frequentibus
1106 2576 1277 2632 etlam
1352 2575 1577 2632 nuntiis
1639 2574 1933 2647 calipham

283 2664 620 2737 AEgyptium
687 2661 1008 2718 sollicitant
1075 2667 1363 2734 quatenus
1422 2667 1620 2718 nature
1669 2665 1936 2734 procuret

282 2752 611 2810 subsidium
636 2769 655 2808 .·
681 2750 940 2823 alioquin
964 2751 1021 2807 in
1046 2751 1309 2824 proximo
1331 2768 1393 2809 se
1415 2752 1742 2810 defecturos
1759 2752 1935 2826 signi-

281 2843 474 2898 ficant.
528 2840 630 2897 llle
670 2857 802 2897 vero
835 2840 1083 2913 impiger
1115 2857 1216 2912 per
1255 2840 1544 2914 principes
1589 2859 1744 2910 sune,
1775 2843 1934 2914 operi

285 2929 620 3003 hujusmodi
663 2929 1023 3003 praepositos,
1075 2929 1318 2987 classem
1372 2931 1632 3002 instruit,
1665 2931 1934 2989 militiam

287 3026 608 3093 comparat,
662 3022 862 3091 armis,
921 3021 1269 3078 victualibus
1316 3025 1374 3077 et
1429 3021 1716 3078 machinis
1760 3039 1936 3079 naves

289 3111 551 3170 excelsas
583 3114 804 3174 oneret,
857 3110 1154 3180 praefectos
1210 3109 1460 3181 ordinat,
1504 3127 1788 3182 expensas
1822 3112 1939 3168 tri-

292 3199 441 3267 buit,
474 3214 668 3255 moras
698 3197 886 3270 arguit
914 3202 971 3253 et
994 3198 1241 3270 imperat
1261 3197 1633 3256 celeritatem.
1656 3201 1728 3255 At
1748 3201 1933 3256 nostri

298 3288 523 3344 interea
551 3288 764 3358 emptis
793 3286 973 3342 multo
1002 3286 1182 3359 pretio
1207 3287 1452 3343 navibus
1482 3288 1845 3360 sumptisque
1868 3304 1938 3344 ex

295 3378 382 3435 eis
401 3376 590 3448 malis,
621 3376 840 3433 vocatis
877 3376 1218 3444 artificibuS,
1253 3386 1505 3433 castrum
1554 3376 1813 3451 ligneum
1846 3377 1941 3433 in·

296 3466 482 3539 gentis
536 3466 768 3536 erigunt
823 3465 1232 3533 celsitudinis;
1293 3467 1567 3539 intusque
1625 3472 1684 3523 et
1723 3467 1940 3523 deforis

297 3556 554 3613 cratibus
575 3558 631 3611 et
659 3555 834 3613 coriis
855 3559 1050 3612 contra
1090 3555 1357 3612 incendia
1387 3565 1441 3612 et
1483 3556 1746 3613 fortuitos
1764 3572 1940 3614 casus

299 3647 602 3718 diligenter
621 3646 1053 3711 communiunt,
1092 3651 1152 3704 ut
1173 3647 1243 3703 iis
1286 3647 1503 3719 quibus
1533 3664 1600 3704 ex
1639 3664 1704 3705 eo
1735 3648 1936 3705 urbem

298 3738 643 3810 impugnare
700 3737 1112 3805 mandabatur,
1177 3741 1369 3794 tutum
1438 3743 1636 3809 posset
1680 3739 1941 3796 conferre

299 3827 657 3899 praesidium.
689 3827 770 3883 Ex
800 3826 1025 3899 reliqua
1066 3831 1261 3883 autem
1312 3826 1603 3898 lignorum
1645 3827 1940 3883 navalium

302 3918 564 3985 materia,
632 3917 938 3973 machinas
985 3917 1282 3973 instruunt
1338 3918 1743 3988 jaculatorias,
1792 3936 1943 3992 quas

300 4005 571 4078 congruis
643 4005 719 4060 ad
762 4006 1136 4077 infringenda
1211 4006 1424 4063 moenia
1488 4006 1683 4064 locant
1740 4008 1940 4066 statio·

302 4096 494 4151 nibus.
526 4093 814 4163 Scropbas
861 4108 1094 4165 quoque
1132 4109 1198 4149 ex
1237 4095 1439 4150 eadem
1470 4101 1787 4153 contexunt
1816 4114 1943 4153 ma·

304 4186 468 4252 teria,
527 4183 743 4255 quibus
791 4182 1031 4253 impune
1079 4182 1149 4238 ad
1196 4185 1656 4256 complanandos
1705 4203 1942 4258 aggeres

299 4272 703 4329 accedebatur.
736 4270 837 4327 His
884 4285 1021 4342 ergo
1055 4270 1163 4328 rite
1206 4274 1540 4347 compositis
1580 4276 1942 4333 considerata

303 4376 533 4435 quoque
553 4376 621 4415 ea
650 4358 803 4416 muri
833 4368 1013 4433 parte,
1045 4361 1139 4419 cui
1179 4365 1477 4421 castellum
1511 4371 1774 4422 nostrum
1809 4382 1942 4438 pos-

301 4458 386 4508 set
416 4448 694 4522 applicari
735 4449 986 4520 facilius,
1031 4451 1397 4525 complanato
1442 4470 1511 4511 ex
1562 4455 1748 4511 multa
1777 4460 1941 4527 parte

2031 502 2089 556 et
2119 514 2307 572 pugna
2356 496 2637 569 pertinax,
2677 497 2760 552 ita
2804 499 2869 551 ut
2922 494 3015 552 le
3058 492 3278 567 absque
3322 499 3522 568 strage
3554 494 3683 553 dies

2033 588 2351 661 praeteriret
2380 586 2516 655 ulla,
2544 583 2796 658 exceptis
2835 585 3072 656 sauciis,
3117 600 3365 658 quorum
3398 585 3684 659 utrinque

2031 680 2203 737 turba
2232 683 2357 736 erat
2402 678 2672 752 plurima.
2707 675 3050 733 Audivimus
3079 679 3137 732 et
3193 675 3589 748 quorumdam
3619 673 3682 731 in

2032 769 2129 826 illa
2149 768 2476 839 obsidione,
2501 771 2618 824 tam
2644 768 2976 823 nostrorum
3000 781 3177 839 quam
3210 765 3475 822 hostium
3499 762 3685 821 virtu-

2032 863 2149 915 tem
2169 858 2479 931 egregiam,
2497 856 2653 913 facta
2674 854 3093 912 memorabilia.
3112 854 3219 910 Sed
3261 869 3368 911 nos
3388 852 3688 926 generalia

2033 951 2468 1023 prosequentes,
2503 944 2841 1017 hujusmodi
2879 943 3236 1016 specialibus
3266 959 3383 1000 non
3426 940 3683 1000 multam

2032 1033 2244 1094 damus
2276 1050 2541 1110 operum.

2638 1159 2871 1217 CAPUT
2898 1159 3075 1217 XXV.

2031 1253 2235 1322 Quinto
2267 1266 2464 1318 mense,
2486 1250 2675 1307 classis
2696 1251 3081 1322 AEqyptioram
3102 1246 3173 1304 ad
3207 1247 3400 1304 urbem
3431 1248 3683 1315 accessit,

2130 1324 2366 1379 multam
2394 1324 2592 1380 obessis
2621 1321 2830 1379 civibus
2868 1321 3103 1393 afferens
3135 1318 3593 1376 consolationem.

2101 1434 2246 1490 Cum
2278 1431 2455 1505 igitur
2483 1448 2581 1501 per
2613 1430 2873 1503 quinque
2897 1445 3127 1486 menses
3155 1428 3473 1486 continuos
3491 1426 3689 1484 nostri

2033 1523 2327 1594 principes
2358 1521 2417 1577 in
2447 1521 2755 1577 obsidione
2777 1522 3263 1592 perseverassent,
3296 1517 3683 1589 hostiumque

2033 1613 2187 1668 vires
2209 1610 2421 1667 attritae
2460 1608 2797 1666 viderentur
2818 1607 3207 1679 aliquatenus,
3232 1608 3466 1663 nostros
3485 1609 3684 1662 autem

2037 1721 2170 1776 spes
2211 1702 2382 1760 solito
2429 1701 2680 1773 amplior
2734 1699 3032 1756 obtinendi
3079 1698 3371 1754 civitatem
3442 1697 3687 1767 foveret,

1959 1790 2005 1856 B
2033 1811 2165 1851 ecce
2195 1794 2385 1850 subito
2428 1790 2831 1864 AEgyptiorum
2865 1788 3070 1845 classis
3110 1787 3349 1843 flatibus
3382 1794 3511 1843 acta
3552 1801 3689 1858 pro-

2034 1884 2244 1957 speris,
2260 1882 2606 1954 comparuit.
2622 1880 2808 1946 Quam
2833 1879 3092 1935 videntes
3131 1877 3496 1944 Ascalonita,
3515 1890 3689 1931 voces

2036 1989 2166 2029 cum
2201 1970 2471 2027 manibus
2496 1968 2830 2025 tenduntad
2855 1967 3050 2024 sidera
3073 1974 3130 2022 et
3162 1965 3394 2038 magnis
3426 1964 3696 2020 intonant

2036 2060 2412 2124 clamoribus,
2435 2056 2822 2114 recedendum
2850 2055 3065 2112 nostris
3094 2070 3242 2121 esse,
3274 2057 3377 2109 aut
3405 2051 3465 2108 in
3498 2053 3694 2125 proxi-

2039 2166 2133 2206 mo
2193 2148 2575 2223 pereundum.
2638 2145 2921 2202 Girardus
2970 2160 3102 2201 vero
3154 2142 3546 2210 sidoniensis,
3589 2140 3690 2213 qui

2037 2244 2245 2297 nostrae
2305 2237 2475 2294 classi
2537 2242 2761 2309 praerat,
2818 2235 3022 2291 videns
3077 2233 3334 2290 hostium
3367 2230 3684 2288 exercitum

2038 2330 2110 2385 ad
2153 2330 2354 2386 urbem
2388 2327 2679 2393 accedere,
2704 2341 2836 2381 cum
2870 2324 3073 2396 paucis
3113 2339 3259 2395 quas
3289 2321 3545 2378 babebat
3587 2336 3686 2392 ga·

2042 2418 2168 2487 leis,
2195 2421 2432 2474 tentans
2449 2429 2753 2471 occurrere
2782 2419 2841 2470 et
2872 2411 3158 2485 impedire
3176 2426 3505 2472 accessum.
3535 2409 3689 2465 mul·

2044 2509 2356 2565 titudinem
2386 2507 2623 2574 veritus,
2649 2509 2805 2576 terga
2834 2504 3027 2573 vertit,
3056 2505 3194 2575 fuga
3214 2502 3346 2558 vitas
3378 2499 3688 2558 consulens

2041 2600 2099 2653 et
2127 2596 2325 2653 saluti.
2368 2600 2441 2651 At
2467 2610 2599 2652 vero
2611 2593 2820 2651 classis
2841 2591 3104 2649 bostium
3136 2591 3208 2646 ad
3227 2589 3430 2646 urbem
3445 2588 3690 2646 accessit

2043 2686 2354 2758 intrepida,
2387 2684 2616 2740 civibus
2633 2685 2891 2757 optatam
2929 2681 3193 2737 deterens
3208 2678 3688 2736 consolationem.

2044 2776 2219 2831 Erant
2259 2789 2428 2846 porro
2460 2773 2520 2828 in
2579 2772 2778 2828 eadem
2835 2768 3045 2838 classe,
3077 2769 3281 2841 galeas,
3339 2771 3405 2823 ut
3459 2766 3689 2833 dicitur,

2045 2862 2408 2936 septuaginta
2429 2865 2487 2918 et
2517 2861 2643 2918 aliae
2667 2875 2840 2917 naves
2868 2859 3026 2926 viris,
3047 2858 3226 2915 armis
3254 2861 3312 2912 et
3339 2856 3691 2912 victualibus

2049 2969 2236 3027 usque
2267 2952 2341 3010 ad
2372 2966 2673 3008 summum
2704 2957 2976 3015 oneratas,
3001 2947 3161 3004 mirae
3192 2947 3251 3003 ia
3283 2944 3536 3019 ingentis
3571 2960 3692 3000 ma·

2045 3043 2392 3119 gnitudinis,
2415 3059 2563 3115 quas
2583 3055 2786 3098 omnes
2805 3040 2867 3097 in
2903 3038 3230 3096 subsidium
3253 3037 3384 3094 urbi
3413 3036 3691 3108 praedictae

2045 3136 2315 3208 princeps
2367 3131 2605 3188 miserat
2660 3130 2980 3203 AEgyptius.
3044 3127 3114 3184 Hi
3163 3128 3353 3183 denuo
3410 3133 3688 3198 tanquam

2045 3223 2327 3296 reparatis
2349 3220 2574 3277 viribus
2604 3227 2661 3276 et
2706 3219 2776 3275 de
2805 3218 3069 3276 subsidio
3118 3219 3566 3289 praesumentes,
3594 3229 3692 3269 no-

2047 3316 2155 3373 tris
2186 3314 2442 3371 rediviva
2491 3316 2790 3384 coeperunt
2836 3311 3030 3367 hostes
3078 3309 3294 3366 inferre
3343 3304 3665 3364 certamina

2047 3404 2220 3462 solito
2251 3403 2575 3476 protervius
2606 3407 2664 3459 et
2693 3402 3052 3472 frequentius
3073 3399 3380 3457 conflictus
3410 3401 3691 3469 appeten-

2046 3494 2352 3563 tes3cives
2399 3498 2599 3551 tamen
2637 3492 2891 3561 cautius,
2932 3490 3150 3563 quibus
3189 3492 3524 3545 nostrorum
3558 3489 3694 3542 nota

2046 3593 2209 3643 erant
2259 3584 2492 3657 negotia
2524 3600 2539 3643 t
2572 3584 2745 3639 rudes
2790 3598 2945 3649 vero,
2979 3589 3034 3637 et
3063 3580 3163 3652 qui
3212 3582 3478 3635 recenter
3512 3590 3692 3632 vene·

2047 3681 2199 3743 rant,
2249 3675 2443 3746 gloria·
2492 3673 2711 3745 cupidi,
2761 3676 2825 3728 ut
2874 3672 3026 3729 vires
3086 3671 3448 3727 ostentarent
3514 3666 3692 3721 auda·

2049 3764 2223 3831 ciam,
2272 3764 2416 3819 dum
2464 3763 2699 3818 incaute
2740 3760 3130 3833 negotiantur,
3180 3756 3540 3814 occumbunt
3579 3755 3692 3810 fre·

2049 3852 2343 3927 quentius‚
2366 3865 2666 3923 quousque
2697 3857 2754 3906 et
2780 3846 2893 3921 ipsi
2927 3854 3256 3903 nostrorum
3300 3841 3521 3914 experti
3544 3855 3694 3896 con-

2050 3943 2344 4003 stantiam.
2378 3940 2709 3996 didicerunt
2748 3938 2977 4012 parcius
3008 3936 3221 3992 irruere
3262 3937 3319 3989 et
3368 3930 3695 3987 modestius

2049 4030 2398 4088 irruentium
2428 4029 2685 4102 impetus
2721 4027 3033 4084 sustinere.

2635 4134 2865 4192 CAPUT
2893 4132 3085 4191 XXVl.

2051 4226 2368 4284 Constantia
2416 4224 2876 4281 Antioc-hennam
2932 4222 3262 4294 principissa
3314 4216 3585 4273 Ruinaldo
3631 4216 3697 4271 de

2121 4299 2445 4354 Cascelliano
2476 4297 2656 4352 nubit.
2708 4296 3023 4352 Nor-adium
3059 4306 3267 4365 quoque
3319 4305 3555 4356 regnum
3589 4289 3694 4343 Da·

2118 4385 2496 4427 mascenorum
2559 4372 2783 4436 occupat
2823 4367 3103 4423 violenter.
3173 4363 3490 4419 Almaricus
3535 4359 3696 4416 Suio-

2118 4439 2303 4498 niensi
2323 4439 2634 4513 praeficitur
2662 4438 2935 4496 Ecclesiae.

301 4555 404 4612 per
435 4538 703 4612 praedicta
724 4538 1113 4597 instrumenta
1136 4542 1300 4612 prius
1321 4559 1546 4616 aggere,
1569 4544 1796 4615 magnis
1824 4543 1939 4602 cla·
1971 4548 2015 4615 1)
2122 4549 2389 4620 Dumque
2411 4548 2535 4603 haec
2557 4546 2708 4603 circa
2723 4544 3061 4601 Ascalonem
3082 4543 3139 4599 in
3154 4541 3362 4599 castris
3386 4543 3692 4612 geruntur,

301 4629 560 4685 moribus
592 4634 849 4686 castrum
884 4646 1051 4687 muro
1075 4631 1387 4703 applicant,
1408 4632 1562 4687 unde
1589 4639 1758 4689 totam
1792 4635 1939 4691 emi-

301 4734 415 4775 nus
444 4722 568 4775 erat
599 4720 797 4775 urbem
822 4721 1178 4791 conspicere,
1201 4726 1404 4777 etcum
1428 4722 1498 4777 iis
1524 4721 1621 4792 qui
1646 4721 1701 4778 in
1729 4723 1940 4781 vicinis

299 4811 467 4866 erant
493 4808 772 4879 turribus,
795 4809 1058 4865 cominus
1085 4810 1349 4881 experiri.
1374 4811 1740 4868 Laborabaut
1770 4829 1939 4884 porro

300 4896 452 4954 cives
479 4901 536 4953 et
557 4897 852 4954 instabant
882 4899 1227 4971 protervius,
1258 4916 1393 4957 cum
1424 4916 1493 4956 ex
1515 4902 1701 4958 muris
1733 4905 1856 4958 tum
1871 4918 1941 4960 ex

300 5001 526 5059 aggere,
569 4987 811 5043 arcabus
841 4993 897 5045 et
936 4987 1198 5058 balist1s;
1229 4990 1329 5047 sed
1373 4990 1671 5047 incassum
1703 5008 1937 5064 operam

299 5080 732 5141 consumentes,
756 5093 854 5134 eos
876 5078 974 5149 qui
1000 5077 1162 5135 intus
1181 5077 1453 5146 latebant,
1470 5097 1719 5153 quorum
1744 5080 1939 5138 studio

301 5166 1047 5237 promovebaturmachina,
1073 5166 1278 5225 laedere
1298 5187 1409 5227 non
1431 5175 1716 5244 poterant.
1744 5172 1942 5228 Fiebat

298 5270 431 5326 ergo
474 5256 687 5312 civium
731 5272 1048 5313 concursus
1079 5258 1147 5313 ad
1181 5274 1307 5315 eam
1361 5260 1512 5316 muri
1548 5269 1782 5331 pestem,
1815 5277 1940 5331 quai

299 5343 535 5401 castello
569 5349 694 5401 erat
722 5347 988 5417 opposita
1015 5363 1028 5415 ;
1052 5352 1108 5403 et
1160 5349 1260 5421 qui
1292 5349 1444 5406 inter
1491 5366 1590 5406 eos
1629 5354 1792 5406 erant
1821 5351 1940 5406 ani·

302 5434 602 5502 mosiores,
633 5433 712 5489 ibi
748 5435 1237 5508 praecipiebantur
1275 5439 1426 5495 vires
1453 5439 1723 5513 experiri,
1754 5440 1940 5498 conti-

298 5535 482 5577 nuum
532 5520 816 5580 habentes
858 5533 912 5582 et
950 5526 1095 5598 juge
1138 5530 1435 5585 certamen
1480 5545 1616 5586 eum
1645 5528 1720 5586 iis
1749 5528 1945 5602 quide

296 5607 537 5668 castello
567 5627 667 5668 eos
714 5611 1161 5687 impugnabant.
1192 5606 1303 5673 Sed
1351 5619 1410 5675 et
1432 5615 1491 5673 in
1513 5605 1648 5676 aliis
1673 5607 1938 5688 eiusdem

2050 4638 2289 4696 domina
2317 4636 2677 4705 Constantia,
2720 4633 2943 4691 domini
2983 4630 3295 4689 Raimundi
3335 4627 3689 4685 Antiocheni

2049 4727 2330 4800 principis
2359 4725 2556 4793 vidua,
2608 4723 2738 4780 licet
2787 4722 3005 4780 multos
3046 4721 3291 4794 inclytos
3345 4723 3402 4774 et
3464 4716 3694 4774 nobiles

2046 4817 2225 4883 viros,
2249 4816 2376 4886 ejus
2400 4812 2840 4870 matrimonium
2862 4815 3223 4885 appetentes,
3259 4824 3419 4865 more
3436 4807 3695 4863 feminco

2049 4903 2378 4977 repulisset,
2404 4902 2753 4959 Rainaldum
2784 4902 2855 4957 de
2877 4900 3223 4958 Castellione
3253 4897 3564 4971 quemdam
3590 4896 3697 4951 sti-

2050 4993 2413 5069 pendiarium
2438 4990 2831 5063 militem,sibi
2853 4991 3078 5047 occulte
3099 4991 3157 5046 in
3182 4988 3462 5044 maritum
3485 4983 3662 5057 elegit
3685 5001 3698 5051 ;

2050 5082 2446 5141 noluitautem
2471 5081 2710 5137 verbum
2735 5078 3041 5152 publicari,
3066 5078 3449 5151 quoadusque
3471 5074 3699 5131 domini

2051 5172 2205 5245 regis
2263 5173 2456 5243 (cujus
2485 5175 2608 5227 erat
2658 5170 3025 5238 consobrina,
3066 5173 3123 5225 et
3171 5168 3281 5223 sub
3318 5167 3488 5236 cujus
3521 5167 3703 5236 prote-

2051 5261 2242 5318 ctione
2295 5259 2647 5331 principatus
2705 5259 3009 5315 videbatur
3073 5255 3414 5325 consistere)
3448 5255 3706 5310 interve-

2052 5350 2204 5408 niret
2258 5348 2576 5406 auctoritas
2636 5352 2694 5404 et
2740 5364 3084 5405 consensus.
3135 5344 3454 5403 Festinavit
3525 5343 3708 5415 igitur

2054 5440 2362 5512 praedictus
2397 5438 2710 5495 Rainaldus
2757 5439 2826 5494 ad
2861 5438 3176 5495 exercitum
3224 5439 3281 5491 et
3311 5434 3549 5489 verbum
3596 5432 3703 5489 do·

2053 5531 2216 5586 mino
2245 5527 2366 5602 regi
2395 5528 2856 5591 communicans.
2885 5534 3119 5601 sumpta
3145 5526 3276 5605 ejus
3305 5521 3703 5589 conniventia,

2054 5616 2422 5677 Antiochiam
2460 5616 2716 5691 rediens,
2758 5616 3096 5690 predictam
3143 5611 3309 5672 duxit
3352 5610 3413 5669 in
3463 5625 3705 5670 uxorem
