3784 6000
170 238 263 306 .9l
1250 243 1589 306 ARNULFI
1637 240 2157 307 LExovasts
2199 235 2554 300 EpiscoPI
3529 238 3612 299 92

193 376 311 447 bic,
370 380 514 434 tunc
559 377 993 436 constantiensi
1022 377 1428 437 archidiacono
1477 396 1636 438 nunc
1664 380 1843 436 Abrin
1872 386 1929 452 Α
1955 379 2142 445 bates,
2166 375 2449 448 religiosa
2493 388 2780 447 persone,
2810 370 3126 445 optimates
3175 368 3340 443 regni
3371 370 3476 442 qui
3502 370 3616 427 ad-

191 465 352 523 censi
374 466 675 539 episcopo,
704 466 1023 539 multisque
1037 465 1169 523 aliis
1192 470 1309 523 tota
1338 468 1453 525 fide
1466 472 1525 525 et
1543 469 1847 542 diligentia
1892 481 1900 488 ’

196 555 487 611 mandatis
517 555 858 628 apostolicis
878 555 1216 612 studuimus
1236 556 1494 614 obedire.
1524 558 1720 615 Abbas
1738 558 1845 631 igi-

196 645 316 711 tur,
346 642 449 715 qui
474 643 689 700 actoris
720 643 779 698 in
811 659 881 699 ea
909 658 1089 701 causa
1118 644 1471 715 fungebatur
1489 645 1680 702 ol'flcio
1710 661 1845 719 pos-

199 731 517 789 sessorium
532 731 592 787 in
606 732 968 789 sacerdotem
985 733 1277 802 ,iudicium
1290 734 1647 802 intendebat,
1668 750 1848 807 super

194 820 513 893 quaestione
541 819 677 876 sacti
726 820 1039 877 multorum
1075 823 1429 880 testimoniis
1461 839 1608 880 usus
1633 828 1744 895 est,
1775 841 1845 882 ac

192 909 436 966 tandem
467 917 692 982 septem
725 910 1056 982 praelautos
1092 916 1294 984 testes,
1323 914 1589 986 quinque
1622 913 1847 972 scilicet

194 998 530 1055 sacerdotes
558 1001 854 1071 regulares
899 1000 1302 1071 canonicos,et
1322 1000 1474 1059 duos
1513 1001 1660 1059 alios
1682 1019 1847 1076 pres-

193 1086 429 1158 byteros
447 1088 816 1160 experientia
841 1092 1052 1146 nostras
1074 1090 1378 1163 proposuit
1399 1107 1546 1163 quos
1577 1091 1845 1165 diligenti

190 1174 609 1233 examinationi
639 1176 956 1249 subjectos,
989 1179 1049 1233 in
1075 1179 1334 1235 omnium
1366 1195 1606 1252 prorsus
1623 1179 1846 1238 inveni-

192 1279 327 1321 mus
340 1263 752 1322 testificatione
774 1266 1106 1324 concordes.
1136 1268 1369 1325 Auditis
1398 1283 1631 1341 quoque
1662 1269 1848 1326 nibil-

191 1352 431 1409 ominus
486 1353 937 1426 allegationibus
996 1357 1319 1414 sacerdotis
1373 1357 1425 1414 ei
1482 1358 1714 1415 dicendi
1785 1359 1844 1415 in

188 1456 473 1513 personas
496 1442 737 1498 testium
768 1443 928 1514 quod
957 1443 1133 1503 vellet
1164 1444 1412 1503 fecimus
1441 1450 1795 1519 potestatem
1829 1466 1847 1517 ς

196 1530 301 1588 sed
349 1532 553 1590 multis
599 1533 937 1606 propositis,
966 1539 1026 1592 et
1060 1539 1282 1593 attente
1328 1537 1633 1608 discussis,
1694 1536 1844 1595 nibil

194 1620 498 1677 inventum
547 1626 638 1678 est
698 1638 795 1692 per
843 1624 996 1696 quod
1042 1624 1302 1696 aliquem
1346 1641 1549 1683 eorum
1571 1626 1848 1698 repellere

1953 470 2121 523 eraut
2151 480 2254 537 pro
2284 463 2439 519 bono
2458 466 2634 518 tantis
2668 460 2830 533 pacis
2844 458 3045 516 multis
3071 458 3347 531 precibus
3366 457 3616 517 institis·

1955 559 2109 623 sent,
2141 552 2423 625 quoniam
2443 551 2505 608 iu
2527 549 2933 608 observatione
2954 548 3130 621 regio
3150 547 3456 619 dignitatis
3476 546 3612 606 nul-

1955 644 2187 701 latenus
2215 641 2521 699 videbatur
2540 638 2711 696 nobis
2741 637 2980 694 libertas
3008 639 3111 693 aut
3130 634 3385 709 dignitas
3427 636 3614 695 eccle-

1954 732 2190 790 siastica
2219 729 2587 805 praegravari.
2607 727 2907 801 Siquidem
2931 725 3188 798 dignitas
3207 725 3614 785 ecclesiastice

1956 823 2176 894 regiam
2210 821 2406 893 potius
2432 817 2718 892 provehit,
2750 831 2928 890 quam
2963 815 3205 886 adiuvat
3236 813 3608 886 dignitatem,

1955 916 2012 968 ct
2043 909 2256 984 regalis
2276 908 2534 983 dignitas
2559 904 3016 965 ecclesiasticam
3047 919 3392 961 conservare
3411 902 3609 976 potius

1955 1001 2276 1068 consuevit,
2307 1016 2484 1072 qnam
2535 997 2736 1056 tollere
2789 995 3143 1053 libertatem.
3183 994 3414 1051 Etenim
3435 993 3610 1067 quasi

1955 1091 2311 1164 quibusdam
2333 1089 2448 1146 sibi
2469 1088 2715 1145 invicem
2731 1084 3132 1158 complexibus
3143 1083 3408 1158 dignitas
3427 1082 3609 1140 eccle·

1956 1181 2198 1239 siastica
2222 1186 2283 1237 et
2301 1179 2515 1253 regalis
2525 1180 2842 1236 occurrunt
2860 1192 2997 1233 cum
3032 1190 3138 1232 nec
3167 1190 3335 1249 reges
3353 1174 3604 1232 salutem

1957 1271 2086 1329 sine
2112 1270 2392 1340 Ecclesia,
2427 1286 2532 1326 nec
2553 1267 2810 1325 Ecclesia
2842 1280 3041 1338 pacem
3071 1265 3202 1322 sine
3231 1263 3590 1337 protectione

1956 1359 2119 1432 regia
2144 1361 2557 1431 consequatur.
2591 1354 2853 1413 Genibus
2899 1354 3096 1426 itaque
3137 1352 3374 1426 pietatis
3392 1355 3600 1410 vestras

1955 1452 2173 1521 quanta
2209 1448 2516 1506 devotione
2573 1460 2891 1519 possumus
2946 1440 3204 1499 advoluti
3260 1439 3607 1513 suppliciter

1957 1538 2283 1609 obnixeque
2341 1534 2735 1608 deposcimus,
2767 1548 2839 1589 ne
2876 1530 3163 1602 sapientia
3208 1533 3407 1587 vestra
3426 1527 3604 1601 quasi

1958 1627 2287 1683 litterarum
2310 1625 2505 1699 apices
2526 1628 2585 1680 et
2612 1622 3023 1693 conceptiones
3042 1619 3377 1689 verborum,
3403 1616 3524 1690 poti
3535 1632 3602 1675 us

188 1716 417 1782 posset,
463 1711 552 1768 vel
599 1711 1014 1770 existimationi
1073 1713 1327 1786 alicujus
1357 1714 1418 1772 in
1449 1715 1648 1787 aliquo
1677 1716 1845 1772 dero·
1957 1733 2135 1790 quam
2167 1732 2286 1773 rem
2317 1715 2507 1789 ipsam
2537 1712 2768 1770 duxerit
2794 1709 3222 1782 amplectenda,
3252 1707 3351 1765 sed
3383 1723 3603 1764 secun-

187 1799 635 1873 gare.Receptis
664 1803 872 1874 itaque
886 1807 1109 1875 septem
1141 1804 1846 1875 proeuxatorumtestium
1878 1761 1927 1827 B
1954 1808 2098 1864 dum
2147 1806 2345 1862 datum
2376 1822 2410 1861 a
2438 1805 2554 1860 Deo
2611 1800 2775 1859 vobis
2817 1799 3088 1872 spiritum
3134 1796 3505 1854 discretionis
3543 1796 3601 1853 id

174 1885 564 1957 juramentis,
588 1889 790 1947 abbati
838 1891 1266 1962 possessionem
1300 1892 1559 1949 ecclesiae
1588 1892 1847 1949 restitui·

182 1991 340 2036 mus,
375 1975 514 2047 quia
562 1976 747 2034 visum
805 1982 896 2035 est
943 1979 1114 2037 nobis
1144 1981 1354 2037 debere
1383 1980 1456 2038 de
1486 1981 1727 2038 veritate
1758 1985 1847 2039 tot

189 2063 511 2137 taliumque
554 2065 798 2124 testium
852 2069 1166 2126 assertione
1230 2074 1517 2127 constare.
1565 2070 1847 2128 Sacerdos

193 2156 392 2210 autem
420 2152 815 2212 nihilominus
838 2156 1192 2215 audientiam
1252 2158 1497 2215 Romani
1546 2159 1841 2231 pontilicis

193 2240 527 2316 appellavit,
540 2244 822 2317 sed,quia
839 2246 1129 2319 refugium
1140 2247 1553 2320 appellationis
1575 2249 1646 2305 de
1665 2264 1845 2306 causa

196 2331 513 2402 apostolica
529 2333 872 2392 auctoritate
884 2335 1185 2392 sublatum
1199 2343 1341 2402 erat,
1357 2337 1510 2393 sicut
1530 2337 1844 2410 prudentia

192 2422 390 2475 vestra
417 2418 597 2486 novit,
630 2436 735 2477 nec
765 2420 888 2494 ipse
908 2424 980 2479 de
1008 2424 1145 2495 jure
1175 2424 1467 2496 appellare
1493 2426 1703 2497 potuit,
1735 2443 1840 2481 ne-

191 2521 308 2581 que
335 2523 443 2563 uos
471 2507 782 2565 debuimus
810 2511 1088 2569 exaudire
1111 2513 1497 2586 :dominoque
1525 2513 1841 2571 Rotboma·

191 2595 359 2669 gensi
388 2595 817 2670 archiepscopo,
847 2599 910 2656 in
967 2602 1137 2673 cujus
1165 2602 1403 2660 dioecesi
1434 2605 1710 2675 predicta
1739 2619 1833 2663 ec·

190 2685 366 2743 clesia
383 2685 701 2743 constituta
718 2691 829 2756 est,
861 2704 928 2745 ea
947 2706 1065 2762 qua
1085 2691 1477 2764 fungebamur
1495 2692 1837 2750 auctoritate

190 2774 623 2843 mandavimus,
653 2783 716 2831 ut
763 2777 915 2833 sicut
954 2794 987 2834 a
1027 2779 1195 2836 nobis
1227 2781 1560 2852 judicatum
1582 2786 1725 2849 erat,
1751 2783 1834 2838 in-

191 2860 540 2919 violabiliter
584 2865 800 2923 faceret
844 2866 1181 2925 observari:
1214 2874 1273 2926 et
1319 2870 1441 2941 ipse
1498 2871 1830 2944 prudenter,

189 2953 362 3023 prout
406 2950 623 3020 decuit,
654 2953 959 3026 acquievit,
992 2955 1143 3013 sicut
1160 2972 1232 3015 ex
1260 2956 1469 3016 litteris
1490 2959 1620 3029 ejus
1642 2974 1827 3031 prom·

185 3045 351 3112 ptum
382 3045 475 3098 est
500 3041 733 3100 intueri.
767 3044 999 3112 Verum,
1023 3047 1163 3119 quia
1192 3048 1526 3105 audivimus
1555 3050 1825 3106 sacerdo-

1955 1896 2131 1969 agite,
2163 1910 2237 1950 ne
2267 1910 2443 1951 causa
2472 1892 2652 1949 unius
2682 1891 2742 1946 in
2775 1887 3090 1945 multorum
3118 1894 3176 1943 et
3198 1886 3314 1943 lere
3334 1885 3604 1942 innume·

1952 1984 2227 2042 rabilium
2287 1980 2604 2057 perniciem
2657 1981 3053 2045 convertatur,
3083 1975 3224 2048 quia
3276 1975 3350 2032 ad
3373 1975 3599 2032 bonum

1955 2073 2111 2146 pacis
2122 2072 2474 2145 quandoque
2490 2069 2678 2143 tnagis
2687 2067 2917 2140 proficit
2945 2064 3365 2136 mansuetudo,
3379 2064 3603 2135 gratite,

1953 2178 2129 2235 quam
2161 2160 2440 2218 severitas
2466 2157 2816 2229 disciplinas.

2347 2353 2419 2392 ΑΙ)
2456 2261 2766 2393 ΙΟΝΑΕΗΙᾶξ
2774 2261 3208 2389 [gt-amonitus.

2019 2426 2178 2483 Sicut
2214 2425 2557 2484 electionem
2615 2426 2868 2479 vestram
2926 2416 3359 2491 indulgentiore
3406 2417 3599 2490 gratia

1949 2516 2265 2590 prevenire
2294 2514 2649 2584 curavimus,
2672 2513 2750 2568 ita
2766 2511 2996 2575 factam,
3026 2507 3397 2580 quantumin
3429 2505 3599 2565 nobis

1948 2610 2059 2674 est,
2080 2604 2494 2677 approbamus,
2518 2606 2577 2659 et
2596 2614 2902 2674 personam
2923 2598 3171 2655 electam
3200 2595 3471 2669 plurimes
3503 2594 3601 2651 di-

1947 2693 2214 2751 lectionis
2238 2692 2492 2750 bracbiis
2521 2685 3110 2762 amplexamur.0uod
3124 2684 3413 2742 autemad
3440 2682 3598 2741 assi-

1943 2784 2240 2857 gnandam
2270 2781 2439 2839 vobis
2465 2780 2620 2837 diem
2665 2774 3088 2834 benedictionis
3116 2774 3391 2831 nuntium
3421 2772 3598 2830 desti-

1942 2873 2148 2940 nastis,
2178 2872 2356 2929 miror
2392 2869 2709 2926 admodum
2740 2865 2894 2938 quod
2928 2864 2985 2921 id
3026 2863 3180 2936 quod
3211 2878 3317 2935 per
3340 2862 3593 2935 priorem

1942 2967 2000 3021 et
2037 2962 2325 3035 medorum
2384 2970 2760 3035 personarum
2810 2968 3118 3013 numerum
3165 2954 3592 3025 competentem

1944 3054 2131 3110 fuerat
2150 3051 2609 3123 implorandum,
2633 3060 2961 3120 personam,
2992 3043 3298 3115 ipsamque
3326 3040 3508 3099 solam
3533 3044 3593 3097 et

185 3134 304 3188 tem
334 3130 441 3188 niti
487 3132 757 3190 refricare
812 3136 965 3206 quod
999 3136 1218 3193 iactum
1242 3141 1351 3204 est,
1384 3138 1459 3194 ad
1485 3138 1828 3209 postulatio·
1854 3134 1903 3198 C
1943 3144 2072 3200 sine
2099 3139 2326 3208 litteris,
2359 3154 2463 3195 nec
2495 3136 2754 3194 moribus
2804 3149 3032 3208 gravem
3064 3147 3170 3189 nec
3209 3136 3397 3199 atate,
3430 3130 3593 3188 misi-

181 3233 317 3276 nem
348 3219 577 3278 abbatis
624 3224 778 3295 apud
827 3224 1233 3284 celsitudinem
1278 3232 1528 3284 vestram
1569 3229 1830 3287 veritatis

178 3307 589 3366 testimonium
605 3311 980 3383 perbibemus
1009 3331 1140 3386 nos,
1172 3315 1398 3373 scilicet
1427 3316 1602 3388 quale
1631 3333 1833 3389 propo·

182 3397 415 3455 suimus
442 3400 517 3455 ab
546 3400 863 3472 apostolica
896 3405 1199 3476 majestate
1238 3407 1564 3479 suscepisse
1590 3408 1828 3465 manda-

182 3488 335 3553 tum,
366 3495 424 3544 et
448 3502 519 3545 ea
547 3487 770 3547 ratione
816 3507 995 3563 quam
1045 3493 1299 3551 diximus
1328 3497 1387 3551 et
1411 3496 1614 3554 ordine
1634 3496 1832 3554 termi-

183 3590 380 3634 nasse.

470 3773 545 3813 an
582 3773 859 3816 uournuu
897 3776 1086 3818 mrsu
1121 3779 1529 3821 armannum.

251 3844 501 3904 Nuntios
526 3854 583 3904 et
602 3847 826 3906 litteras
857 3854 1080 3908 vestras
1098 3852 1376 3909 dominus
1388 3868 1485 3911 rex
1503 3853 1826 3927 Anglorum

180 3937 347 3991 tanto
377 3936 597 4007 majore
627 3935 834 3995 lotitia
861 3946 915 3995 et
961 3939 1263 3998 alacritate
1292 3944 1572 4015 suscepit,
1603 3948 1824 4015 quanto

189 4022 473 4094 majorem
498 4023 581 4079 eis
592 4025 970 4097 benignitatis
994 4034 1202 4087 vestrm
1223 4032 1468 4102 gratiam
1493 4033 1830 4106 promittere

182 4109 506 4166 videbatur.
540 4110 706 4168 Unde
763 4113 1042 4184 petitione
1088 4122 1279 4176 vestra
1307 4121 1379 4178 de
1411 4137 1551 4192 pace
1577 4127 1828 4179 cantua-

184 4197 395 4255 riensis
442 4198 861 4273 archiepiscopi
891 4207 951 4259 et
995 4220 1239 4261 suorum
1272 4209 1637 4266 restitutione
1665 4209 1832 4265 beni-

179 4287 355 4359 gnius
382 4287 675 4355 exaudita,
694 4303 829 4345 eum
860 4291 931 4346 ad
956 4292 1524 4368 archiepiscopatum
1545 4314 1719 4355 suum
1738 4315 1829 4355 re-

177 4375 327 4437 dire.
356 4375 673 4449 ipsumque
702 4392 837 4435 cum
885 4382 1048 4438 omni
1079 4382 1425 4456 integritate,
1457 4402 1573 4458 qua
1595 4388 1831 4446 tenebat

178 4466 408 4538 quando
438 4465 638 4533 exivit,
662 4467 936 4539 recipere,
961 4478 1018 4526 et
1046 4471 1322 4546 deinceps
1349 4472 1410 4531 in
1432 4476 1584 4533 bona
1604 4492 1743 4548 pace
1772 4482 1831 4534 et
1858 4505 1905 4569 D

179 4553 496 4612 securitate
523 4555 849 4627 possidere,
879 4557 953 4614 ad
1004 4558 1279 4619 bonorem
1322 4562 1613 4636 siquidem
1635 4565 1737 4623 Dei
1767 4570 1825 4623 et

180 4642 469 4712 Ecclesiae,
501 4643 661 4701 salva
716 4643 1001 4705 nimirum
1048 4650 1210 4724 regni
1241 4650 1329 4707 sui
1354 4653 1603 4724 pristina
1630 4654 1824 4728 digni-

178 4734 317 4802 tate,
348 4734 651 4790 concessit.
675 4733 882 4792 Visum
913 4737 1082 4795 nobis
1097 4743 1189 4795 est
1204 4740 1447 4799 verbum
1469 4742 1578 4799 boc
1599 4743 1824 4802 nuntiis

175 4820 407 4889 vestris,
430 4820 570 4878 viris
592 4838 731 4880 saue
769 4826 1187 4899 prudentibus,
1219 4827 1513 4901 placuisse
1543 4847 1559 4888 z
1591 4833 1737 4890 adeo
1761 4842 1827 4892 ut

174 4925 277 4967 eos
305 4911 407 4982 qui
438 4917 754 4983 praesentes
810 4922 997 4986 erant,
1019 4918 1218 4976 statim
1249 4920 1638 4992 absolverint;
1663 4928 1722 4981 et
1748 4925 1822 4982 ad

174 5014 277 5056 eos
300 4997 680 5057 absolvendos
702 5003 800 5073 qui
828 5011 997 5063 erant
1048 5008 1112 5065 in
1157 5010 1394 5083 Anglia,
1423 5013 1569 5069 alter
1597 5030 1821 5079 eorum.

176 5085 458 5161 magister
506 5087 731 5145 scilicet
799 5091 1088 5166 vivianus,
1157 5098 1316 5156 illico
1371 5101 1642 5173 transire,
1674 5102 1822 5160 alter

175 5178 319 5235 citra
345 5192 506 5235 mare
535 5178 1048 5241 adexsecutionem
1071 5188 1351 5246 condictis
1381 5191 1545 5263 pacis
1574 5208 1821 5250 cousen-

175 5266 362 5324 serint
401 5282 718 5325 remanere.
764 5274 1144 5330 Postmodum
1187 5284 1450 5337 revocato
1505 5297 1823 5351 consensu,

1939 3235 2074 3301 stis,
2096 3232 2200 3305 qui
2225 3245 2319 3287 me
2349 3229 2597 3300 benigne
2625 3227 2768 3284 satis
2790 3229 2852 3283 et
2879 3224 3099 3282 utiliter
3127 3223 3201 3281 ad
3233 3221 3435 3280 omnia
3463 3237 3589 3280 res·

1941 3324 2294 3396 pondentem
2340 3317 2611 3392 superbis
2642 3332 2760 3372 non
2797 3314 2996 3371 timuit
3023 3314 3250 3371 irritare
3296 3311 3590 3370 sermoni-

1938 3413 2074 3482 bus,
2095 3426 2203 3469 nec
2217 3408 2473 3482 superba
2490 3408 2565 3465 ad
2580 3421 2864 3480 magnum
2878 3403 3061 3460 animi
3082 3406 3307 3460 motum
3342 3399 3595 3459 andacia

1937 3514 2269 3576 provocare.
2296 3499 2488 3557 Stulto
2517 3497 2716 3569 itaque
2745 3496 3065 3551 secundum
3083 3491 3398 3550 stultitiam
3416 3505 3592 3548 suam

1938 3606 2221 3663 responso
2239 3588 2396 3661 quod
2425 3585 2685 3658 oportuit
2695 3584 2851 3653 dato,
2883 3582 3047 3640 vobis
3065 3585 3348 3654 tanquam
3360 3578 3595 3637 dilectis

1936 3681 1997 3737 in
2029 3679 2260 3737 Christo
2300 3675 2604 3741 fratribus,
2635 3690 2738 3746 per
2784 3672 3078 3746 proprium
3109 3670 3386 3729 nuntium
3407 3672 3467 3727 et
3494 3668 3594 3724 lit·

1936 3774 2090 3826 teras
2133 3766 2412 3824 duximus
2460 3763 2959 3836 respondendum,
2991 3775 3062 3817 ne
3100 3759 3236 3832 quis
3271 3775 3396 3824 vos,
3428 3757 3589 3829 quod

1935 3856 2116 3915 absitl
2150 3857 2221 3913 de
2270 3854 2631 3927 benignitate
2661 3855 2719 3908 et
2747 3850 2934 3924 gratia
2960 3852 3161 3907 nostra
3189 3847 3383 3906 fallaci
3403 3846 3592 3904 mali-

1937 3944 2157 4019 gnitate
2185 3944 2461 4013 deperare
2489 3938 2822 4013 compellat.
2855 3938 3064 3995 Sciatis
3103 3938 3302 4009 itaque
3325 3951 3418 3992 me
3439 3934 3599 3991 inlra

1938 4035 2229 4092 decimum
2254 4039 2355 4090 aut
2384 4031 2798 4088 duodecimum
2833 4029 3011 4096 diem,
3045 4028 3115 4084 ad
3151 4024 3471 4082 Ecclesiam
3494 4040 3596 4081 ve-

1937 4127 2144 4195 stram,
2176 4121 2405 4180 volente
2437 4119 3147 4189 Domino,rediturum,et
3166 4119 3306 4173 tunc
3336 4114 3592 4189 priorem

1937 4212 2011 4267 ad
2044 4229 2152 4269 nos
2172 4227 2309 4268 cum
2341 4225 2586 4267 numero
2632 4208 2881 4263 fratrum
2923 4208 3294 4277 competente
3321 4206 3380 4259 et
3398 4202 3592 4260 electa

1942 4317 2190 4374 persona
2203 4302 2400 4358 venire
2414 4299 2709 4368 volumus,
2726 4301 2788 4354 ut
2807 4311 3026 4369 percos
3055 4295 3252 4365 nobis,
3279 4292 3594 4351 sicutordo

1938 4390 2259 4447 canonicus
2298 4388 2495 4461 exigit,
2518 4391 2957 4461 repraesentetur
2987 4384 3209 4452 electio,
3236 4391 3291 4438 et
3330 4379 3592 4438 auctori-

1937 4479 2073 4535 tatis
2104 4482 2321 4535 uostrse
2351 4477 2684 4534 munimine
2716 4476 3043 4532 roboretur.
3074 4477 3235 4529 'runc
3256 4470 3593 4529 communi·

1934 4577 2061 4626 cato
2118 4567 2400 4624 nimirum
2457 4575 2651 4623 vestro
2697 4569 3146 4635 nostrorumque
3197 4559 3468 4629 consilio,
3518 4561 3593 4617 ad

1935 4656 2399 4714 benedictionem
2420 4653 2544 4711 dies
2572 4655 2941 4727 opportunus
2968 4650 3181 4723 poterit
3197 4647 3596 4721 assignari,et

1936 4763 2063 4814 nos,
2085 4745 2135 4803 si
2163 4746 2307 4817 quid
2329 4742 2619 4803 obstaculi
2637 4742 2922 4799 videbitur
2945 4754 3250 4813 apparere,
3273 4737 3600 4795 modlsom-

1935 4836 2109 4892 nibus
2167 4850 2435 4890 amovere
2490 4832 2861 4903 curabimus,
2890 4834 2950 4888 et
2998 4830 3138 4887 dare
3189 4842 3375 4896 suum,
3399 4841 3598 4899 nego—

1935 4925 2015 4981 tio
2073 4930 2366 4997 praeeunte
2414 4936 2647 4995 semper
2695 4920 2896 4977 divina
2947 4919 3133 4992 gratia
3194 4915 3599 4989 complemen-

1934 5019 2086 5072 tum.

2656 5100 2850 5157 Lx1v.

2226 5209 2300 5250 an
2339 5207 2602 5249 noxium«
2644 5207 2833 5249 rann
2868 5203 3280 5247 anmanauu.

2002 5284 2273 5352 Causam,
2303 5298 2433 5354 quie
2464 5281 2615 5339 inter
2637 5279 3005 5337 Hermerium
3028 5278 3382 5336 sacerdotem
3405 5280 3465 5333 et
3485 5275 3594 5332 ab·

173 5356 413 5413 verbum
469 5360 882 5417 conservando
926 5361 985 5418 in
1029 5363 1291 5423 futurum
1322 5370 1493 5443 regias
1522 5372 1821 5445 dignitatis
1928 5372 2128 5430 batem
2148 5372 2220 5429 de
2244 5372 2505 5443 Cultura,
2537 5386 2719 5444 super
2737 5369 3132 5450 diminutione
3151 5367 3598 5440 presbyteratus

170 5443 473 5501 admittere
504 5446 841 5520 noluerunt,
870 5465 940 5508 ea
973 5468 1102 5524 quas
1144 5454 1429 5527 disposita
1462 5460 1692 5519 fueram
1719 5477 1824 5519 ex·

1931 5459 2208 5518 Ecclesia
2255 5460 2327 5519 de
2381 5457 2651 5518 Bruslum
2701 5459 3053 5527 vertebatur,
3086 5451 3368 5529 maiestas
3394 5457 3598 5513 vestra

169 5531 337 5608 sequi
366 5541 736 5610 recusantes;
767 5554 906 5599 cum
936 5541 1381 5618 archiepiscopi,
1412 5548 1691 5628 episcqpi,
1716 5552 1825 5628 μὴ,
1929 5550 2201 5624 parvitati
2223 5555 2442 5612 nostra
2457 5549 2748 5622 delegavit
2773 5546 3302 5621 ordineJudlciario
3317 5545 3594 5602 deciden-
