3784 6000
176 254 299 323 ⁸1·

1268 252 1704 319 aulanam
1743 251 2129 321 TYRssNsls
2168 252 2535 321 anonim».

3461 248 3591 312 820

175 395 356 454 uariis
379 393 505 452 dari
536 396 941 463 consueverat,
962 389 1100 465 quin
1125 396 1343 465 queant
1364 408 1463 448 sex
1487 391 1692 448 solidis
1714 391 1817 447 vio
1847 395 1899 461 Α
1931 394 2046 447 tem
2082 407 2197 447 non
2231 389 2523 463 negligere
2561 404 2738 461 quam
2772 384 3101 461 principum
3134 382 3403 443 absentia
3425 381 3591 442 vide-

177 491 446 559 repertus
477 484 852 541 vendebatur.
884 482 1042 552 Equo
1065 490 1254 538 autem
1280 498 1383 553 pro
1409 483 1536 538 cibo
1558 497 1823 538 necessa·

179 574 267 633 rio
300 589 400 647 per
430 584 654 630 noctem
687 583 815 628 octo
859 571 950 627 vix
1000 578 1266 644 poterant
1303 571 1472 627 solidi
1512 571 1816 627 sufficeret

183 669 335 721 uude
366 664 585 719 iactum
615 668 742 717 erat
772 666 838 718 ut
865 661 965 735 qui
1009 659 1377 717 advenientes
1405 677 1687 732 equorum
1734 675 1822 716 se-

181 767 315 810 cum
347 750 711 807 deduxerant
740 751 870 823 plus
901 766 1078 823 quam
1109 751 1480 822 septuaginta
1503 750 1706 817 millia,
1731 747 1822 805 vix

177 840 238 898 in
269 840 480 898 castris
508 840 788 897 baberent
825 841 939 897 due
972 840 1174 903 millia,
1205 841 1428 897 caeteris
1461 841 1611 896 fame
1642 844 1699 895 et
1728 837 1814 895 al-

176 945 315 1002 gore
359 929 762 1001 consumptis:
823 930 1041 1000 quique
1090 945 1400 1001 superesse
1454 928 1819 995 videbantur,

175 1017 372 1076 inedia
417 1021 782 1088 tabescentes
839 1019 1119 1092 quotidie,
1165 1024 1224 1075 et
1267 1018 1498 1091 frigoris
1543 1017 1821 1074 attenuati

176 1109 474 1172 violentia.
509 1110 791 1181 paulatim
826 1109 1202 1167 deficiebant.
1235 1109 1654 1181 Computeraut
1675 1126 1823 1180 prte-

182 1201 342 1255 terea
370 1205 694 1256 castrorum
729 1198 1049 1270 papiliones
1075 1207 1134 1254 et
1161 1197 1428 1267 tentoria,
1459 1198 1542 1253 ita
1565 1204 1627 1254 ut
1653 1197 1820 1253 multi

183 1287 399 1359 quibus
427 1286 621 1344 adbuc
649 1287 836 1345 victus
857 1296 1216 1360 suppererat,
1237 1291 1568 1358 consumpti
1593 1285 1824 1359 trigoris

184 1374 768 1442 inclementia,vitam
782 1377 1823 1445 exspirarecoxerentur.Tantaenim

183 1470 308 1525 erat
322 1482 603 1539 aquarum
625 1466 990 1534 inundantia,
1009 1474 1068 1523 et
1088 1466 1410 1538 pluviarum
1428 1469 1605 1524 intem
1616 1466 1823 1539 peries,

185 1558 253 1613 ut
279 1561 339 1612 et
364 1556 550 1611 victus
576 1561 633 1611 et
650 1560 841 1612 vestes
865 1562 1418 1629 computrescerent..
1448 1562 1507 1614 et
1537 1572 1652 1613 non
1674 1559 1828 1613 esset

73 1672 76 1677 ·
184 1643 351 1703 locus
380 1645 481 1702 ubi
535 1649 637 1703 aut
674 1646 885 1717 capita,
925 1651 1028 1704 aut
1062 1648 1448 1704 necessariam
1491 1650 1729 1719 possent
1764 1644 1825 1702 in

188 1737 346 1796 sicco
375 1737 567 1797 locare
595 1736 1040 1812 supellectilem.
1072 1739 1259 1798 Tanta
1287 1739 1464 1812 igitur
1493 1738 1620 1798 lues
1648 1739 1825 1814 legio·

192 1841 298 1884 nes
326 1827 384 1883 in
415 1828 626 1885 castris
655 1834 1042 1900 oppresserat,
1075 1839 1136 1884 ut
1157 1830 1281 1900 jam
1310 1829 1471 1887 locus
1492 1830 1721 1888 deesset
1746 1847 1834 1886 se·

191 1915 464 1988 pluturai,
504 1918 630 1989 jam
689 1919 992 1975 funeribus
1036 1935 1421 1992 exsequarum
1476 1930 1832 1992 negarentur

188 2004 407 2063 cilicia.
438 2004 496 2063 Si
533 2008 631 2079 qui
662 2013 861 2062 autem
887 2009 1080 2064 adbuc
1108 2008 1322 2077 vigoris
1350 2007 1568 2081 aliquid
1596 2010 1653 2064 in
1675 2025 1739 2066 se
1758 2009 1832 2066 vi·

192 2093 485 2152 debentur
497 2095 730 2162 babere,
749 2113 820 2153 ne
838 2095 949 2169 ipsi
964 2113 997 2170 q
1009 2113 1195 2170 uoque
1210 2099 1332 2170 pari
1348 2109 1835 2156 consumerentur

183 2183 464 2258 periculo,
496 2190 599 2242 aut
625 2187 688 2243 in
720 2185 866 2244 flues
895 2187 1225 2246 Edessanos
1255 2189 1325 2245 ad
1359 2189 1669 2244 dominum
1691 2189 1823 2247 Bal·

187 2273 457 2344 duinum,
489 2282 591 2331 aut
619 2276 677 2331 in
726 2275 985 2332 Ciliciam
1037 2275 1110 2333 ad
1157 2292 1258 2334 eos
1302 2276 1402 2347 qui
1455 2277 1699 2333 urbibus
1749 2275 1831 2334 ibi

188 2367 498 2436 praeerant,
530 2369 632 2419 aut
661 2362 735 2420 ad
765 2363 879 2419 alia
906 2363 1032 2420 loca
1062 2365 1486 2439 quoslibetque
1518 2366 1577 2420 in
1613 2371 1833 2423 nostro·

189 2466 323 2508 rum
349 2453 467 2521 jam
499 2452 851 2509 devenerant
888 2458 1254 2526 pomonam,
1288 2453 1510 2513 occulte
1539 2472 1599 2511 se
1626 2456 1830 2515 coute-

191 2540 420 2597 rebant.
444 2540 539 2597 Sic
568 2557 702 2614 ergo
725 2542 817 2599 bis
846 2544 1202 2601 abeuntibus
1229 2544 1362 2601 aliis
1393 2561 1527 2601 vero
1550 2543 1835 2618 languore

187 2636 244 2688 et
288 2628 438 2684 tame
473 2631 859 2703 consumptis,
896 2630 1029 2687 aliis
1060 2631 1233 2688 etiam
1266 2636 1583 2705 peremptis
1612 2634 1831 2706 gladio,

185 2717 330 2775 adeo
358 2719 762 2776 comminutus
791 2726 914 2777 erat
944 2722 1255 2791 exercitus,
1287 2731 1349 2778 ut
1378 2721 1469 2778 vix
1498 2723 1629 2795 ejus
1655 2723 1832 2780 dimi-

188 2807 353 2865 dium
383 2808 677 2866 videretur
696 2825 991 2882 supressa.

777 2915 1008 2974 CAPUT
1052 2916 1244 2976 xviii.

197 3005 552 3065 eoam-maus
611 3013 663 3063 et
722 3007 1074 3067 Blandi-emis
1095 3024 1117 3069 .·
1169 3024 1296 3065 cum
1358 3010 1575 3081 ingenti
1626 3009 1833 3069 mititte

1932 481 2104 537 batur
2135 480 2485 536 ministrare.
2518 480 2841 536 convocata
2885 477 3066 550 igitur
3093 493 3162 533 ex
3194 476 3465 531 universa
3496 475 3584 533 ci-

1931 571 2110 627 vitate
2147 568 2489 626 omnimoda
2532 567 2927 634 multitudine,
2971 568 3042 622 ad
3092 570 3318 638 portam
3375 563 3583 623 Pontis

1927 660 2315 727 conveniunt3
2349 665 2407 714 et
2438 663 2688 715 reserato
2718 659 2875 713 aditu
2907 655 3147 729 quidam
3178 671 3282 726 per
3301 661 3566 729 pontam,

1930 751 2168 823 quidam
2205 766 2306 820 per
2348 749 2566 804 vadum
2614 748 2767 821 quod
2816 752 2952 804 eraet
2996 746 3261 814 interius,
3310 750 3579 804 certatim

1931 847 2302 897 transeuntes
2332 839 2392 895 in
2434 843 2626 895 castra
2666 837 3058 894 moliebantur
3099 836 3340 896 irruere.
3370 837 3583 895 Comes

1929 941 2123 986 autem
2157 945 2291 986 cum
2342 931 2591 999 quadam
2642 928 2937 999 equitatus
2989 942 3162 982 manu
3206 925 3326 983 illis
3375 942 3581 983 occur·

1932 1036 2089 1087 rens,
2138 1021 2367 1093 duoqus
2423 1034 2493 1075 ex
2538 1018 2623 1074 eis
2671 1015 3056 1089 interemptis,
3112 1014 3372 1088 reliquos
3424 1015 3584 1073 intra

1934 1110 2137 1167 urbem
2171 1125 2233 1166 se
2261 1109 2517 1180 recipere
2545 1105 2848 1178 compulit.
2879 1106 3180 1162 Acciderat
3209 1114 3400 1161 autem
3429 1104 3487 1160 in
3511 1121 3583 1163 eo

1931 1197 2206 1257 conflictu
2237 1197 2389 1269 quod
2426 1197 2606 1252 nostri
2638 1195 2862 1270 equites
2892 1211 3107 1266 equum
3139 1193 3456 1267 quemdam
3479 1210 3581 1250 va·

1933 1304 2132 1352 ouum.
2159 1289 2331 1357 cnjus
2363 1287 2659 1344 dominum
2685 1287 2755 1340 ad
2779 1291 2985 1340 terram
3012 1284 3364 1355 dejecerant,
3390 1298 3586 1355 perse-

1934 1382 2251 1452 querentur
2281 1383 2346 1433 ut
2374 1392 2505 1432 eum
2548 1385 2836 1445 caperent.
2879 1374 3037 1441 Quod
3080 1373 3283 1431 videns
3326 1372 3583 1447 populus

1934 1465 2137 1523 infelix
2165 1472 2223 1522 et
2246 1467 2621 1532 indiscretus,
2644 1465 2910 1521 arbitrati
2933 1463 3090 1534 quod
3115 1463 3329 1519 nostris
3350 1462 3584 1538 equites

1934 1556 2163 1613 timoris
2193 1571 2373 1612 cauea
2399 1553 2691 1626 fugerent,
2719 1553 2778 1609 iu
2810 1553 3008 1625 fugam
3040 1568 3273 1626 quoque
3299 1567 3361 1608 se
3402 1550 3585 1609 dede-

1935 1650 2094 1713 runt,
2124 1650 2182 1702 et
2211 1661 2326 1718 prae
2356 1646 2568 1702 timore
2596 1659 2659 1700 se
2700 1647 3153 1716 coangustantes
3183 1640 3258 1699 ad
3299 1640 3575 1711 invicem,

1937 1733 2049 1807 ipsi
2097 1735 2211 1792 sibi
2263 1733 2467 1791 mortis
2515 1747 2752 1790 causam
2806 1732 3240 1789 ministrabant.
3301 1729 3581 1788 videntes

1940 1823 2118 1895 igitur
2166 1824 2318 1882 cives
2364 1825 2515 1898 quod
2561 1822 2774 1879 nostris
2808 1823 3091 1895 fugerent,
3122 1819 3354 1878 nemine
3382 1835 3581 1892 perse·

1940 1920 2179 1988 quente,
2215 1930 2419 1971 rursus
2451 1929 2555 1985 per
2584 1920 2817 1983 pontem
2847 1911 3093 1985 egressi,
3116 1910 3454 1984 fugentibus
3483 1912 3587 1968 in-

1941 2011 2096 2061 stant
2124 2004 2470 2079 quominus,
2497 2019 2533 2059 a
2555 2009 2728 2074 ponte
2756 2003 2983 2075 lapideo
3016 2017 3198 2073 usque
3216 2000 3285 2057 ad
3317 2000 3583 2057 navalem

1942 2103 2173 2167 pontem
2200 2099 2423 2151 nostros
2443 2094 2812 2160 insectantes,
2835 2091 3051 2149 casdem
3074 2091 3135 2146 in
3156 2091 3243 2146 eis
3263 2088 3582 2161 plurimam

1941 2186 2161 2257 operati
2190 2189 2362 2241 sunt:
2397 2184 2613 2240 nostris
2654 2182 2810 2237 enim
2853 2196 2918 2239 se
2954 2180 3029 2237 ad
3060 2180 3303 2236 invicem
3333 2178 3587 2251 compri-

1943 2274 2261 2342 mentibus,
2311 2277 2371 2330 et
2410 2271 2901 2345 prepedientibus
2941 2271 3072 2340 iter,
3115 2270 3327 2342 partim
3364 2267 3583 2341 gladio,

1945 2364 2157 2435 partim
2189 2363 2429 2420 flumine
2458 2364 2527 2418 de
2546 2361 2844 2434 equitibus
2861 2359 3311 2433 quindecim,de
3341 2372 3588 2414 numero

1943 2454 2202 2528 peditum
2235 2452 2436 2520 viginti
2468 2448 2800 2522 consumpti
2831 2460 2989 2507 sunt.
3021 2450 3144 2516 Quo
3174 2464 3446 2506 successu
3482 2447 3586 2504 bo-

1942 2550 2064 2601 stes
2098 2543 2413 2614 plurimum
2446 2541 2641 2609 erecti,
2678 2540 2736 2595 in
2767 2542 2972 2596 urbem
3004 2553 3137 2596 cum
3171 2539 3357 2611 gloria
3384 2554 3448 2596 se
3493 2553 3588 2594 re-

1943 2641 2241 2704 ceperunt.

2560 2719 2793 2781 CAPUT
2832 2718 2978 2777 xlx.

1945 2811 2053 2882 Qut
2076 2811 2415 2886 pabulatum
2439 2810 2717 2878 exierant,
2745 2811 2979 2866 inventis
3007 2807 3248 2866 hostibus
3266 2816 3317 2864 et
3336 2807 3585 2880 deuictis,

2155 2899 2284 2940 cnm
2308 2889 2496 2955 pratae
2524 2883 2759 2939 redeunt
2788 2891 2839 2939 et
2869 2881 3058 2955 spoliis
3092 2879 3369 2938 uberibus.
3429 2878 3436 2885 '

2010 2989 2085 3051 At
2122 3008 2259 3050 vero
2289 2990 2548 3066 praedicti
2582 2990 2894 3065 principes,
2940 2987 3213 3047 dominus
3240 2987 3586 3048 Bamuudus

267 3081 599 3149 pabulatum
631 3090 833 3136 exeant
883 3081 1035 3136 Cives
1081 3081 1303 3137 interim
1350 3080 1411 3137 in
1458 3088 1642 3138 eastra
1687 3086 1834 3142 ctam
1942 3087 2001 3142 et
2032 3084 2468 3141 flandrensium
2500 3098 2718 3150 comes,
2750 3081 2850 3156 qui
2891 3082 2961 3138 de
3003 3080 3302 3138 communi
3337 3078 3581 3137 consilio

265 3152 473 3218 immi·
519 3154 719 3206 ²¹0⁸&ss
764 3153 1028 3207 damnum
1073 3157 1125 3209 δί
1168 3152 1439 3221 iniuriam
1484 3156 1819 3225 irmfflmlss'·
1848 3157 1895 3226 C
1931 3175 2273 3247 pabulatum
2302 3174 2582 3243 exierant,
2607 3177 2671 3229 ut
2695 3178 3041 3241 castrorum,
3068 3168 3581 3241 victuslsto,rele-

257 3257 531 3315 videntes
585 3258 764 3331 igitur
791 3257 911 3315 Deo
930 3258 1119 3315 devoti
1141 3259 1436 3333 principes
1457 3260 1827 3319 afflictionem

184 3343 385 3419 populi
438 3344 732 3402 molestias
788 3346 1001 3417 quibus
1055 3346 1418 3404 incessanter
1474 3347 1826 3419 promeban-

178 3436 291 3504 tur,
323 3436 731 3505 compassione
752 3433 1121 3507 liquefientes
1141 3442 1198 3491 et
1223 3439 1521 3508 pereuntis
1541 3438 1826 3496 exercitus

179 3522 380 3581 dolore
407 3524 612 3588 tabidi.
645 3532 1041 3582 convenerunt
1069 3527 1142 3584 ad
1176 3527 1424 3585 invicem
1456 3530 1603 3584 sicut
1625 3535 1685 3586 et
1714 3530 1825 3586 i're·

178 3618 428 3687 quanter
460 3614 645 3671 facere
674 3620 1113 3685 consueverant,
1145 3615 1616 3675 deliberationem
1658 3617 1826 3674 habi-

180 3705 324 3774 turi,
355 3705 646 3774 quomodo
676 3709 733 3761 et
758 3704 930 3778 quale
962 3706 1158 3763 tannis
1189 3706 1356 3765 malis
1387 3714 1626 3780 possent
1659 3708 1824 3765 adbi-

180 3791 318 3852 bere
341 3794 687 3851 remedium.
711 3794 1087 3869 Tandemque
1110 3802 1242 3868 post
1265 3798 1480 3854 multas
1503 3796 1712 3855 diversi
1732 3813 1823 3868 ge·

177 3883 336 3940 neris
357 3883 684 3955 opiniones,
706 3885 895 3941 visum
916 3889 1009 3942 est
1045 3885 1470 3957 expedientius,
1496 3893 1561 3943 ut
1580 3887 1824 3961 quidam

176 3973 250 4031 de
283 3973 675 4044 magnatibus,
709 3986 1017 4048 assumpta
1055 3991 1252 4033 secum
1306 3976 1589 4035 exercitus
1640 3985 1821 4050 parte,

177 4060 438 4120 hostium
470 4065 653 4118 terras
684 4064 1129 4133 ingrederentur
1172 4072 1236 4121 ut
1259 4066 1395 4122 inde
1424 4066 1536 4123 sibi
1570 4070 1822 4139 predam

180 4154 240 4207 et
258 4149 436 4205 victui
464 4149 755 4208 del'errent
787 4154 1146 4223 necessaria3
1170 4155 1268 4210 alii
1304 4171 1436 4212 vero
1467 4157 1659 4213 medio
1679 4163 1826 4213 tem·

180 4253 317 4310 pore
345 4238 405 4294 in
445 4241 652 4295 castris
688 4240 1026 4310 residentes,
1066 4257 1199 4299 cum
1239 4245 1398 4301 omni
1438 4245 1823 4304 sollicitudine

180 4324 505 4382 exercitum
537 4331 852 4386 tuerentur.
885 4329 1241 4403 Factumque
1264 4337 1352 4389 est
1381 4334 1461 4389 ita
1491 4339 1556 4391 ut
1583 4334 1822 4392 domino

180 4413 546 4483 Boamundo,
577 4420 636 4469 et
663 4415 861 4473 comiti
895 4416 1234 4475 Flandrensi
1256 4421 1312 4476 id
1339 4423 1600 4478 muneris
1620 4423 1822 4494 injun-

1935 3269 2141 3321 varent
2162 3262 2442 3336 inopiam,
2463 3278 2594 3319 cum
2617 3262 2743 3319 suis
2760 3260 3093 3317 cohortibus
3113 3260 3371 3317 bostium
3396 3258 3585 3334 regio·

1936 3368 2068 3411 nem
2101 3353 2371 3426 ingressi,
2419 3353 2574 3408 bunc
2612 3359 2942 3407 nostrorum
2983 3365 3183 3406 casum
3227 3343 3581 3422 quocunque

1936 3442 2131 3511 modo,
2166 3442 2334 3500 tactis
2365 3440 2716 3499 felicioribus
2758 3443 3383 3511 recompensaverunt:
3419 3455 3575 3507 nam,

1935 3539 2266 3605 expugnata
2300 3531 2559 3588 bostium
2591 3532 2730 3587 villa
2775 3529 3029 3603 quadam
3080 3526 3252 3585 bonis
3300 3527 3576 3584 omnibus

1935 3623 2167 3688 referta,
2208 3620 2584 3678 Boamundus
2612 3620 2683 3675 ad
2712 3627 2903 3692 partes
2930 3617 3124 3673 varias
3153 3616 3574 3689 exploratorias

1933 3710 2244 3768 direxerat.
2276 3716 2338 3766 ut
2367 3710 2438 3766 de
2469 3715 2628 3767 statu
2668 3706 2921 3782 regionis
2958 3723 3090 3763 eum
3133 3707 3442 3763 redeuntes
3482 3706 3579 3764 in·

1931 3804 2250 3869 struerent,
2294 3803 2352 3855 et
2400 3798 2673 3869 praedam,
2731 3798 2779 3856 si
2833 3802 3092 3871 possent,
3146 3798 3573 3868 congregarent

1928 3887 2295 3960 ampliorem.
2329 3889 2568 3946 Factum
2599 3892 2691 3943 est
2721 3894 2920 3943 autem
2980 3894 3041 3943 ut
3091 3884 3328 3958 quidam
3358 3901 3429 3941 ex
3485 3885 3575 3943 eis

1929 3984 2305 4047 revertentes,
2347 3978 2666 4035 Turcorum
2719 3975 3156 4034 multitudinem
3204 3974 3261 4030 in
3310 3974 3576 4047 proximo

1929 4070 2306 4128 constitutam
2342 4068 2747 4125 renuntiarent
2789 4073 2992 4123 contra
3038 4081 3215 4139 quam
3262 4063 3573 4121 dominum

1931 4160 2346 4217 Flandrensem
2375 4174 2512 4217 cum
2543 4158 2791 4214 honesto
2820 4154 3080 4227 dirigens
3109 4154 3412 4219 comitatu,
3446 4154 3576 4226 ipse

1931 4265 2064 4307 cum
2096 4248 2417 4320 majoribus
2446 4248 2630 4320 copiis
2661 4245 3150 4317 subsequabatur,
3180 4243 3346 4316 quasi
3373 4257 3572 4315 opem,

1930 4337 1983 4396 si
2013 4338 2308 4409 deficeret,
2337 4337 2676 4396 collaturus.
2711 4336 2812 4394 lile
2834 4351 2987 4406 vero,
3011 4333 3160 4392 sicut
3185 4334 3275 4389 vir
3295 4337 3575 4390 strenuus

1930 4434 2057 4485 erat
2097 4432 2156 4485 et
2201 4429 2573 4502 magnificus,
2613 4427 2671 4482 in
2715 4427 2910 4483 hostes
2950 4423 3271 4481 animosius
3314 4426 3575 4493 trruens,

175 4507 438 4578 geretur,
468 4504 706 4561 domino
732 4504 940 4563 comite
976 4504 1267 4565 Tolosano
1303 4516 1364 4565 et
1401 4511 1673 4583 episcopo
1713 4510 1819 4568 Po·
1852 4531 1899 4598 D
1929 4534 2042 4574 non
2079 4519 2237 4590 prius
2268 4519 2340 4576 ad
2383 4517 2791 4573 Boamundum
2829 4516 3002 4574 rediit
3042 4531 3216 4588 quam
3255 4512 3481 4571 clateris
3511 4513 3575 4572 in

172 4595 379 4652 diense
407 4594 480 4651 ad
525 4595 848 4653 custodiam
896 4601 1215 4654 castrorum
1256 4599 1570 4658 derelictis.
1612 4601 1815 4659 Comes
1929 4611 2121 4680 fugam
2145 4608 2595 4672 versis,centum
2614 4622 2683 4662 ex
2701 4606 2785 4664 eis
2801 4606 2995 4680 gladio
3016 4604 3280 4678 peremit.
3302 4602 3576 4678 Dumque

177 4684 335 4744 enim
367 4683 836 4745 Normannorum
854 4687 1076 4757 aberat,
1098 4698 1152 4746 et
1172 4689 1291 4747 dux
1312 4689 1694 4764 Letharingiae
1715 4692 1822 4750 do-

173 4778 374 4836 minus
402 4775 750 4836 Godetridus
771 4779 919 4835 lecto
941 4780 1263 4851 decubans,
1286 4780 1446 4853 gravi
1475 4782 1825 4839 molestaba-

169 4868 271 4923 tur
302 4867 666 4940 aegritudine.
708 4869 1045 4940 Assumptis
1073 4885 1209 4942 ergo
1237 4876 1362 4927 tum
1397 4887 1466 4929 ex
1493 4871 1819 4946 equitibus.

169 4962 294 5012 tum
344 4956 417 5013 de
475 4973 719 5015 numero
751 4958 1013 5032 peditum
1052 4961 1491 5021 convenienbus
1521 4963 1730 5036 copiis,
1763 4973 1820 5022 et

174 5044 380 5120 quales
423 5044 693 5118 fatigatus
740 5050 1033 5106 exercitus
1077 5056 1304 5123 poterat
1350 5054 1703 5124 ministrare,
1755 5054 1815 5111 in

173 5139 363 5192 terras
394 5133 649 5191 hostium
686 5135 980 5209 profectus
1008 5145 1117 5196 est.
1147 5140 1468 5199 Audientes
1497 5159 1630 5213 ergo
1659 5145 1818 5201 cives

180 5224 332 5299 quod
363 5222 740 5280 Boamundus
791 5229 851 5283 et
887 5225 1259 5286 flandrensis
1299 5245 1496 5289 comes
1528 5231 1813 5301 abierant,

181 5331 380 5374 eomes
406 5314 873 5375 Normanuorum
906 5319 1125 5384 aberat.
1165 5324 1282 5381 dux
1312 5338 1445 5381 vero
1475 5322 1816 5381 infirmaba-

178 5407 295 5473 tur,
319 5406 685 5463 occasionem
709 5420 1010 5469 sumentes
1029 5426 1099 5470 ex
1119 5419 1378 5484 tempore
1396 5421 1453 5473 et
1472 5429 1542 5473 ex
1570 5421 1817 5490 utroque

171 5492 349 5552 solito
379 5496 660 5568 majorem
691 5500 1026 5570 audaciam,
1066 5511 1399 5576 proponunt
1425 5506 1499 5563 de
1526 5506 1821 5568 communi

175 5581 426 5652 consilio
450 5583 512 5646 in
543 5592 881 5666 nostrorum
902 5596 1100 5651 castra
1114 5590 1361 5668 irruere,
1381 5598 1441 5656 et
1456 5598 1819 5670 omnemn-

1923 4695 2133 4754 vicitor
2160 4697 2232 4753 ad
2267 4698 2518 4766 majores
2547 4701 2935 4753 reverteretur
2962 4695 3184 4767 copias,
3222 4708 3354 4751 ecce
3374 4692 3574 4768 explo-

1925 4795 2150 4842 ratores
2169 4784 2290 4854 alii,
2333 4783 2519 4842 multo
2548 4785 2817 4843 tortiores
2847 4801 2915 4842 ex
2945 4784 3061 4842 alio
3087 4785 3264 4842 latere
3294 4783 3571 4841 nuntiant

1926 4875 2080 4933 acies
2108 4876 2408 4933 advenire:
2441 4880 2642 4931 contra
2671 4891 2821 4949 quas
2868 4872 3274 4947 multiplicatis
3316 4872 3568 4942 viribus,

1924 4971 1983 5024 et
2006 4966 2256 5024 adaucto
2275 4965 2577 5036 comitatu,
2598 4968 2868 5022 eumdem
2890 4962 3307 5022 flandrensem
3332 4961 3571 5038 dirigit;

1925 5055 2053 5131 lpse
2081 5072 2213 5113 vero
2242 5070 2375 5113 cum
2408 5054 2625 5128 reliqua
2657 5059 2817 5127 parte
2847 5056 3150 5125 copiarum
3186 5068 3334 5128 pone
3364 5052 3575 5108 subse-

1926 5149 2215 5221 quebatur
2243 5146 2301 5204 in
2343 5144 2673 5205 subsidium
2713 5161 2847 5202 cum
2878 5162 3027 5218 opus
3057 5147 3227 5212 roret,
3257 5144 3573 5201 descensu·

1925 5253 2050 5297 rus.
2068 5236 2308 5294 Factum
2331 5236 2637 5311 estjtaque
2659 5235 2870 5307 previa
2890 5234 3124 5294 Domini
3144 5231 3572 5302 misericordia,

1925 5332 1993 5385 ut
2016 5326 2284 5385 hostibus
2314 5330 2374 5385 in
2412 5325 2555 5383 locis
2593 5326 2950 5399 quibusdam
2994 5323 3435 5399 angustioribus
3465 5322 3569 5378 de·

1924 5417 2252 5489 prehensis.
2284 5433 2417 5475 cum
2448 5415 2669 5474 videret
2695 5416 2853 5490 quod
2883 5432 3074 5492 neque
3101 5412 3353 5492 sagittiS,
3376 5425 3572 5487 neque

1924 5521 2088 5577 arcu,
2108 5503 2222 5566 'sed
2251 5504 2465 5581 gladiis
2495 5505 2811 5581 quominus
2838 5522 2929 5567 res
2980 5520 3116 5568 cum
3148 5499 3236 5564 eis
3271 5506 3568 5582 ageretur,

1924 5610 2139 5672 1³⁰8oe
2165 5595 2510 5672 huiusmodi
2537 5610 2711 5678 usum
2740 5610 2860 5658 non
2877 5595 3160 5678 babentes
3188 5591 3568 5674 tamiliafem,
