3784 6000
260 264 377 333 651

262 494 458 552 nihilis
488 491 833 549 continuare
880 482 1165 540 laborem.
1221 478 1535 535 instabant
1604 481 1661 535 et
1706 478 1912 548 nostri,

262 583 395 640 telis
424 586 481 637 et
527 578 875 650 sagittarum
932 570 1302 628 immissione
1363 567 1914 635 nibilominus3sed

265 673 528 729 bostium
574 666 887 731 exercitus,
938 661 1245 719 discursus
1303 658 1529 715 habens
1589 657 1916 723 liberiores,

268 762 460 818 rarius
491 755 726 829 sagittis
755 752 1117 811 laedebantur
1136 749 1371 809 nostris.
1394 751 1614 816 Quarta
1677 748 1917 805 demum

268 850 361 908 die
380 846 738 906 continuatis
788 859 924 902 cum
953 845 1118 899 tanto
1149 839 1408 913 periculo
1455 837 1800 907 itineribus,
1847 837 1923 893 ad

268 941 462 997 locum
512 936 875 994 destinatum
930 931 1366 1004 appropiantes,
1427 928 1632 985 urbem
1688 927 1924 986 eminus

272 1031 659 1091 coementum
691 1023 791 1082 ubi
818 1038 953 1080 oum
984 1020 1173 1078 multa
1229 1018 1599 1090 difficultate,
1656 1017 1926 1074 hostibus

270 1118 550 1177 violenter
575 1113 852 1174 exclusis.
884 1126 1070 1183 aquas
1099 1110 1258 1165 intra
1277 1124 1451 1180 rupes
1478 1106 1703 1165 modice
1732 1111 1927 1164 scatu-

272 1209 492 1266 rientes
521 1207 829 1277 occupant,
875 1207 933 1259 et
997 1200 1152 1257 circa
1204 1215 1303 1255 eas
1352 1203 1545 1255 caetra
1591 1200 1924 1265 metantur;

277 1299 378 1355 ubi
411 1294 741 1355 reiectionis
767 1294 1043 1349 vacantes
1064 1288 1527 1360 aliquantulum,
1587 1286 1927 1359 corporibus

277 1389 565 1460 quantum
581 1381 1031 1456 permittebatur
1058 1377 1387 1450 indulgent.
1411 1377 1490 1433 Ea
1505 1381 1674 1433 nocte
1693 1376 1773 1432 ibi
1788 1392 1930 1447 qua-

275 1475 633 1548 lemqualem
664 1471 846 1530 nostri
878 1470 1159 1527 habentes
1189 1467 1479 1541 requiem,
1538 1465 1695 1522 diem
1721 1479 1929 1537 exspe-

280 1566 519 1623 ctabant
547 1579 684 1621 cum
732 1576 969 1618 summo
1028 1557 1318 1615 desiderio
1378 1560 1928 1628 sequentem30um

283 1673 418 1715 ecce
446 1655 808 1724 intempesta!
841 1649 1032 1708 noctis
1062 1646 1317 1713 silentio,
1363 1660 1435 1702 ex
1488 1645 1632 1702 urbe
1660 1644 1934 1715 praedicta

1320 222 1749 317 sulcanum
1792 249 2184 324 TYRENsts
2229 240 2598 320 Aacmei’.

259 410 489 464 tantum
522 415 713 475 posse,
744 399 846 455 aut
875 394 1108 451 nostros
1137 394 1362 446 tantum
1395 387 1688 461 patientias
1718 387 1919 445 invin-
1945 391 2002 461 Α

3551 236 3684 316 ese

2023 480 2250 539 Rediens
2275 481 2556 539 exereitus
2578 478 2959 538 intolerabilia
2983 478 3198 551 potitur
3259 476 3555 549 pericula:
3575 480 3686 535 du·

2231 558 2366 626 pent
2401 552 2580 611 hostes
2625 556 2940 611 nostrorum
2966 549 3465 625 perseverantiam.

2097 662 2347 720 Reddita
2375 661 2555 736 igitur
2583 661 2755 721 terris
2783 662 2897 733 die,
2922 677 3066 720 ecce
3082 660 3418 719 Noradinus
3476 658 3540 717 in
3569 677 3685 716 au-

2024 751 2230 809 xilium
2263 751 2451 809 soceri
2472 758 2731 820 vocatus,
2764 750 2997 808 inssnita
3026 766 3223 809 secum
3268 749 3510 807 trahens
3529 749 3682 806 Tur-

2027 857 2229 899 corum
2262 841 2521 915 agmina,
2543 841 2615 899 ab
2648 841 2793 898 urbe
2820 839 3098 914 praedicta
3155 839 3420 907 veniens,
3473 839 3547 896 ad
3569 837 3685 895 ho-

2029 931 2208 988 stium
2231 930 2501 1004 adjungit
2553 931 2841 989 cohortes.
2901 928 3097 986 Nostri
3154 944 3290 987 vero
3332 926 3410 984 ad
3429 927 3682 985 redeun-

2029 1020 2190 1091 dum,
2212 1022 2538 1078 secundum
2574 1020 2965 1093 propositum,
3001 1019 3106 1076 iter
3164 1017 3477 1091 arripiunt.
3522 1016 3683 1082 Quod

2028 1112 2294 1169 videntes
2342 1110 2682 1180 adversarii,
2730 1107 3090 1167 clamoribus
3129 1112 3558 1180 perstrepentes
3585 1107 3690 1164 ob-

2031 1200 2186 1257 viam
2217 1216 2281 1256 se
2309 1201 2448 1256 dare
2478 1200 2863 1269 contendunt,
2893 1198 3297 1270 utimpediant
3318 1211 3686 1271 regressum.

2030 1292 2104 1346 At
2135 1289 2319 1346 nostri
2345 1290 2470 1362 ipsa
2495 1289 2862 1357 difficultate,
2894 1304 3023 1360 quo
3059 1287 3322 1359 undique
3360 1286 3685 1359 premebat,

2033 1379 2170 1437 iacti
2201 1379 2605 1448 animosiores,
2638 1379 2835 1434 obvias
2861 1377 3018 1434 acies
3046 1376 3260 1450 gladiis
3279 1380 3340 1433 et
3393 1375 3546 1433 ferro
3569 1376 3688 1432 dis-

2035 1469 2345 1539 solventes,
2369 1470 2525 1525 viam
2557 1467 2671 1527 sibi
2697 1484 2828 1525 cum
2853 1483 3084 1525 summo
3116 1465 3373 1540 periculo
3400 1470 3459 1523 et
3489 1473 3682 1537 strage

2036 1576 2282 1618 suorum
2323 1559 2606 1617 violenter
2637 1558 2929 1632 aperiunt.
2961 1557 3097 1616 Erat
3123 1565 3315 1614 autem
3346 1555 3566 1613 nostris
3595 1553 3692 1612 in-

2037 1655 2258 1711 dictum
2289 1653 2546 1725 publice,
2579 1657 2644 1710 ut
2674 1652 3085 1711 defunctorum
3105 1665 3347 1726 corpore
3367 1649 3608 1708 camelis
3634 1657 3691 1707 et

284 1749 527 1823 quidam
561 1746 812 1801 latenter
838 1737 1488 1815 egressus,permedias
1505 1735 1930 1793 hostiumaoies
1959 1766 2013 1833 B
2042 1743 2175 1802 alii.
2204 1743 2534 1800 animalibus
2559 1744 2627 1799 ad
2659 1743 2918 1799 sarcinas
2946 1741 3237 1814 deputatis
3295 1741 3687 1814 imponerent,

285 1840 358 1897 ad
388 1842 655 1893 nostrum
686 1851 750 1891 se
789 1830 1031 1890 contulit
1060 1829 1400 1895 exercitum,
1432 1825 1927 1895 infaustolegatio
2042 1851 2114 1891 ne
2145 1842 2478 1891 nostrorum
2510 1833 2874 1891 oongidgmtg
2912 1840 3126 1905 321230,
3160 1830 3547 1887 redderemur
3576 1829 3693 1886 ιω.

285 1927 378 1986 nis
412 1925 667 1997 bajulus.
701 1922 810 1991 Qui
839 1921 1039 1979 statim
1072 1919 1333 1989 veniens,
1377 1918 1450 1974 ad
1509 1933 1705 1990 regem
1736 1931 1799 1973 se
1829 1933 1935 1989 po-

288 2018 464 2076 stulet
494 2013 807 2080 introduci,
839 2013 1017 2069 verba
1037 2012 1239 2067 dicens
1266 2026 1328 2067 se
1365 2008 1581 2066 habere
1622 2007 1936 2066 secretiora

289 2124 415 2182 quae
448 2106 718 2179 perferat.
753 2102 1065 2159 Admissus
1094 2116 1253 2174 ergo,
1302 2099 1752 2170 convocatisque
1774 2096 1934 2168 prin·

288 2196 539 2268 cipibus,
571 2191 749 2249 simul
780 2207 1015 2262 quoque
1044 2188 1218 2246 etillo
1251 2187 1431 2243 nobili
1463 2187 1607 2255 viro,
1640 2187 1740 2258 qui
1770 2186 1934 2256 ejus-

290 2288 421 2343 dem
450 2284 701 2340 civitatis
732 2282 1137 2353 magistratum
1176 2278 1710 2345 administraverat,
1742 2280 1798 2332 et
1827 2292 1934 2331 nos

290 2375 351 2431 in
375 2374 686 2447 praesentia
705 2372 949 2427 duxerat
978 2367 1257 2441 pericula,
1283 2368 1531 2437 nuntiat,
1568 2366 1765 2423 urbem
1800 2381 1939 2422 uxo·

290 2478 352 2519 re
381 2462 647 2533 ejusdem
686 2459 901 2516 nobilis
929 2459 1039 2515 viri
1085 2457 1386 2530 prodente,
1454 2454 1724 2513 hostibus
1752 2453 1934 2511 tradi-

290 2555 411 2607 tam
435 2567 452 2619 ;
484 2554 543 2605 et
571 2564 773 2605 eorum
806 2546 1167 2602 introductos
1180 2544 1508 2612 sattellites,
1542 2561 1700 2603 arces
1720 2549 1776 2601 et
1794 2561 1933 2616 pras·

289 2639 530 2705 sidium,
554 2635 807 2693 exclusis
836 2635 989 2705 aliis,
1013 2633 1274 2690 obtinere
1331 2633 1687 2689 universum.
1717 2632 1939 2689 Hocin-

290 2729 440 2787 ielici
472 2742 730 2793 rumore,
763 2725 946 2782 nostri
972 2729 1163 2782 mente
1192 2723 1513 2796 plurimum
1560 2723 1933 2793 consternati,

288 2818 430 2890 quid
461 2819 612 2874 i'acto
643 2832 792 2886 opus
818 2816 899 2872 sit
928 2813 1291 2882 deliberant3
1341 2816 1688 2885 tandemque
1742 2813 1936 2870 visum

287 2911 378 2964 est
422 2906 796 2980 expedientus
853 2903 1104 2960 reditum
1158 2904 1231 2959 ad
1292 2903 1543 2975 propria,
1598 2919 1731 2959 cum
1790 2918 1935 2975 quo·

286 3013 520 3071 cunque
552 2993 827 3069 periculo,
881 2997 1196 3051 maturare.
1248 2991 1504 3049 Fuerunt
1535 2997 1731 3049 tamen
1790 3009 1935 3049 non-

288 3087 434 3145 nulli
463 3089 534 3143 de
555 3085 878 3154 maioribus
909 3084 1075 3155 regni
1123 3081 1508 3155 principibus,
1538 3083 1641 3155 qui
1697 3082 1938 3139 domino

296 3178 417 3247 regi
458 3175 741 3232 secretius
781 3178 840 3230 et
871 3174 931 3230 in
960 3188 1162 3229 aurem
1195 3171 1591 3239 consulerent,
1647 3178 1935 3243 quatenus

291 3268 598 3335 assumpto
626 3261 741 3319 sibi
770 3261 1008 3317 vivifices
1038 3261 1228 3318 crucis
1249 3259 1407 3333 ligno
1437 3275 1657 3332 equum
1711 3259 1934 3317 domini

289 3352 537 3408 Joannis
568 3351 836 3418 Gomani,
865 3351 965 3423 qui
1023 3366 1229 3408 omnes
1277 3349 1421 3407 alios
1476 3350 1740 3421 ejusdem
1771 3365 1938 3405 exer-

291 3441 443 3498 citus
471 3457 651 3514 equos
676 3440 972 3497 celeritate
1001 3446 1060 3497 et
1090 3439 1307 3497 laboris
1340 3441 1593 3512 patienta
1632 3440 1804 3512 longe
1831 3456 1936 3496 su-

289 3547 489 3604 perare
517 3531 830 3597 dicibatur,
872 3530 1311 3599 conscenderet,
1358 3538 1415 3586 et
1453 3529 1616 3587 solus
1646 3544 1765 3586 suae
1795 3545 1935 3586 eon-

286 3620 505 3679 suleret
532 3619 727 3677 saluti.
765 3619 882 3676 Hoc
910 3624 1103 3676 autem
1132 3617 1425 3690 dicebant,
1481 3619 1720 3675 omnino
1749 3620 1821 3675 de
1851 3635 1939 3676 re·

286 3711 411 3767 ditu
444 3711 821 3782 desperantes
843 3714 901 3765 et
948 3709 1216 3765 omnium
1265 3717 1515 3782 stragem
1572 3710 1843 3766 timentes
1872 3710 1937 3766 in

294 3801 558 3873 proximo
587 3802 868 3857 futuram.
902 3802 1060 3867 Quod
1091 3800 1333 3858 verbum
1365 3816 1485 3870 rex,
1517 3800 1815 3857 licetini'ra
1842 3816 1938 3856 an-

297 3908 404 3948 nos
435 3891 684 3963 puberes
715 3888 1067 3946 constitutus
1103 3889 1466 3962 (significans
1503 3890 1695 3961 qualis
1724 3890 1782 3946 in
1814 3906 1940 3946 ma-

288 3980 415 4052 Jore
445 3984 610 4036 aetste
639 3979 1461 4051 futurusesset)regiasprevit
1481 3979 1936 4051 magnificentia,

293 4069 496 4126 dicens
530 4086 545 4125 ε
580 4068 873 4140 Propriam
901 4083 958 4123 se
985 4071 1210 4126 omnino
1239 4073 1583 4125 contemnere
1608 4069 1865 4136 salutem,
1888 4068 1938 4124 ei

292 4161 407 4213 tam
433 4158 536 4214 Deo
567 4156 786 4213 devotus
813 4156 1048 4225 populus
1103 4172 1233 4213 casu
1287 4159 1403 4212 tam
1419 4158 1592 4227 fiebili
1645 4157 1935 4227 deperiret.

292 4245 574 4301 videntes
604 4260 741 4317 ergo
771 4259 963 4315 regem
993 4260 1196 4302 eorum
1229 4246 1498 4311 munitis,
1533 4246 1668 4302 licet
1698 4261 1768 4302 ex
1795 4246 1940 4303 affe-

294 4336 391 4391 ctu
425 4349 529 4405 pro
560 4333 1008 4406 prodeuntibus,
1042 4351 1157 4392 non
1189 4338 1581 4406 acquiescere,
1617 4336 1687 4392 ad
1732 4335 1843 4392 alia
1874 4352 1941 4394 se

295 4427 639 4480 convertunt
667 4423 892 4491 studia;
925 4432 976 4480 et
1006 4424 1077 4479 do
1107 4425 1299 4481 reditu
1330 4429 1582 4482 tractare
1628 4425 1937 4497 incipiunt,

2039 1925 2219 1981 tiores
2246 1922 2472 1980 inimici
2505 1938 2522 1991 ς
2556 1920 2776 1979 debiles
2801 1936 3030 1993 quoque
3060 1925 3118 1977 et
3137 1919 3692 1990 saucios,jumentis

2042 2013 2266 2086 imponi
2291 2014 2627 2080 mandatur,
2653 2028 2724 2068 ne
2743 2010 2986 2068 omnino
3008 2019 3340 2068 nostrorum
3363 2008 3582 2081 aliquis
3595 2012 3696 2065 aut

2044 2110 2317 2161 mortuus
2348 2108 2448 2159 aut
2477 2101 2688 2159 debilis
2717 2100 3072 2159 crederetur.
3097 2100 3198 2157 His
3234 2104 3292 2157 et
3321 2099 3526 2157 datum
3558 2102 3690 2155 erat

2043 2195 2103 2251 in
2124 2194 2413 2250 mandatis
2447 2197 2528 2262 ut,
2560 2191 2786 2263 gladios
2815 2192 3151 2252 educentes.
3201 2189 3408 2245 saltem
3440 2189 3693 2259 speciem

2042 2283 2367 2340 validorum
2397 2284 2811 2352 exprimerent.
2836 2278 3411 2350 Mirabanturitaque
3436 2277 3694 2335 hostium

2044 2371 2467 2444 prudentiores,
2485 2371 2643 2442 quod
2661 2371 2909 2426 detenta
2931 2367 3300 2429 immissione
3321 2367 3696 2440 sagittarum,

2043 2463 2117 2518 de
2159 2462 2380 2519 crebris
2430 2461 2832 2528 conflictibus,
2860 2461 2932 2516 de
2986 2462 3152 2516 tanta
3210 2458 3363 2524 sitis,
3415 2456 3696 2529 pulveris,

2043 2552 2611 2609 aestusimmoderata
2624 2548 3420 2620 molestias‚nullusunquam
3433 2552 3700 2604 mortuus

2044 2648 2147 2700 aut
2174 2643 2456 2699 deficiens
2487 2641 2894 2709 inveniretur;
2943 2639 3225 2712 populum
3276 2638 3553 2711 judicant
3585 2638 3700 2694 i'er-

2046 2747 2238 2799 reum,
2268 2731 2371 2804 qui
2400 2736 2488 2788 tot
2508 2738 2748 2803 tamque
2776 2730 3051 2787 continua
3082 2728 3309 2801 possint
3339 2732 3460 2785 tam
3493 2743 3694 2800 perse-

2044 2824 2309 2879 veranter
2344 2822 2632 2877 sustinere
2683 2818 3010 2891 dispendia.
3068 2816 3346 2874 videntes
3396 2832 3574 2889 porro
3604 2816 3702 2874 ho·

2047 2916 2167 2969 stes
2199 2911 2349 2982 quod
2373 2911 2459 2967 sic
2518 2926 2635 2968 non
2682 2909 3049 2980 proficerent,
3110 2909 3182 2964 ad
3213 2907 3328 2963 alia
3356 2923 3421 2963 se
3451 2922 3697 2963 conver-

2045 3005 2182 3058 tunt
2204 2998 2527 3058 molimina.
2587 3000 2724 3057 Erat
2775 3016 2916 3056 sane
2970 2997 3130 3072 regio
3159 3000 3281 3055 tota
3336 2996 3614 3070 vepribus
3642 3000 3702 3054 et

2048 3092 2309 3150 frutectis
2340 3088 2687 3159 humilibus,
2710 3089 2944 3145 carduis
2974 3087 3156 3144 aridis
3183 3092 3240 3144 et
3267 3085 3511 3160 synapis
3524 3086 3694 3156 silva,

2045 3181 2338 3238 veteribus
2367 3179 2608 3253 stipulis
2637 3183 2696 3235 et
2716 3179 2979 3252 frugibus
3003 3178 3122 3247 jam
3150 3176 3418 3246 maturis,
3452 3176 3646 3233 obsita
3676 3191 3694 3231 ε

2044 3269 2139 3326 his
2167 3268 2444 3325 omnibus
2473 3267 2669 3341 ignem
2699 3267 3043 3339 subjiciunt,
3072 3275 3242 3323 vento
3274 3264 3492 3322 nostris
3523 3264 3696 3322 obvio

2045 3360 2305 3417 inmitem
2337 3368 2391 3415 et
2418 3358 2571 3415 vires
2604 3354 3694 3414 ministrante.Hicincendiivicinioris

2043 3447 2246 3506 afflatu
2261 3448 2525 3520 fumique
2535 3446 2894 3506 occurrentis
2907 3446 3062 3503 nube
3080 3445 3451 3512 densissima,
3466 3445 3693 3503 nostris

2042 3538 2439 3612 ingeminatur
2490 3539 2775 3607 molestia,
2808 3553 2942 3595 cum
2992 3552 3126 3594 ecce
3156 3537 3227 3593 ad
3293 3536 3693 3594 venerabilem

2042 3626 2233 3683 virum
2264 3627 2568 3684 dominum
2586 3625 2904 3683 Robertum
2917 3625 3289 3681 Nazaraenum
3304 3623 3694 3697 archiepisco-

2045 3732 2208 3789 pum,
2238 3716 2340 3787 qui
2366 3731 2597 3773 crucem
2629 3714 2994 3772 Dominicam
3027 3712 3353 3784 bajulabat,
3375 3714 3574 3769 omnis
3598 3730 3696 3785 po·

2044 3806 2217 3878 pulus
2246 3821 2380 3863 cum
2402 3807 2659 3862 clamore
2697 3804 2981 3876 etejulatu
3007 3818 3342 3865 conversus.
3359 3803 3694 3875 postulabat

2045 3910 2178 3951 cum
2215 3894 2512 3967 lacrymis,
2540 3894 2743 3950 dicens
2775 3909 2790 3950 τ
2825 3893 2940 3951 Ora
2961 3908 3062 3966 pro
3090 3893 3270 3961 nobit,
3298 3894 3496 3964 pater,-
3517 3902 3574 3951 et
3593 3909 3696 3966 per

2044 3985 2142 4042 hoc
2164 3984 2392 4055 vivificae
2419 3983 2847 4056 malequam,
2894 3984 3040 4057 quod
3092 3981 3346 4038 manibus
3400 3991 3602 4055 aestas,
3633 3986 3692 4040 in

2045 4089 2149 4147 quo
2192 4077 2398 4132 nosirae
2451 4074 2649 4131 salutis
2704 4080 2981 4130 auctorem
3029 4073 3303 4130 credimus
3345 4073 3689 4147 pependisse,

2045 4179 2179 4222 erue
2193 4179 2292 4221 nor
2314 4164 2389 4220 ab
2410 4163 2497 4221 liis
2515 4163 2701 4226 malis,
2733 4180 2863 4219 nam
2891 4161 3108 4219 diutius
3135 4165 3407 4220 sustinere
3433 4181 3551 4220 non
3574 4179 3693 4237 pos·

2044 4268 2251 4310 sumus.
2286 4253 2422 4310 Erat
2451 4257 2646 4309 autem
2677 4250 2949 4325 populus,
2991 4252 3051 4307 in
3099 4251 3338 4308 modum
3388 4252 3690 4310 fabrorum

2046 4341 2311 4399 officinas
2323 4342 2740 4409 exercentium,
2762 4343 2932 4397 vento
2953 4339 3551 4412 agitantei'uliginem‚
3572 4346 3690 4398 tam

2046 4430 2192 4487 facie
2219 4446 2395 4502 quem
2416 4434 2538 4487 toto
2568 4428 2827 4502 corporis
2858 4427 3086 4498 habitu,
3141 4428 3444 4501 nigredine
3505 4430 3692 4487 sactus

293 4513 558 4570 videntes
588 4530 704 4570 non
734 4513 858 4568 sine
885 4513 1294 4570 universorum
1328 4519 1525 4588 strage
1560 4516 1630 4572 ad
1665 4514 1938 4574 ulteriora
1966 4505 2016 4572 D
2047 4517 2280 4575 decolor
2302 4561 2318 4589 ,
2350 4523 2409 4576 et
2426 4517 2780 4574 tamastatis
2810 4516 3407 4590 quamincendiorum
3421 4522 3691 4575 caumate

289 4619 356 4662 se
382 4618 554 4676 posse
585 4602 915 4675 procedere.
948 4604 1109 4660 Tunc
1142 4604 1397 4676 primum
1430 4607 1604 4678 coepit
1647 4621 1750 4677 spe
1780 4611 1941 4663 tanta

291 4692 559 4764 dejectis,
591 4697 649 4750 et
677 4701 986 4751 evoouatos
1014 4693 1351 4751 videntibus
1381 4710 1586 4752 omnes
1608 4711 1935 4752 suoscona-

291 4787 413 4853 tue,
455 4782 621 4840 labor
669 4783 845 4856 duplo
881 4800 1192 4859 exsurgere
1235 4785 1556 4843 molestior.
1603 4785 1775 4852 Nam,
1806 4794 1860 4843 et
1886 4787 1935 4843 si

293 4871 457 4944 prius
492 4873 638 4929 dure
667 4873 865 4942 nimis,
891 4878 950 4930 et
979 4874 1548 4946 peneintolerabilia,
1576 4874 1936 4947 etquibusli·

293 4963 394 5015 bet
422 4975 550 5031 quoe
582 4963 956 5033 postmodum
987 4963 1246 5021 accidere
1268 4969 1507 5037 possent
1528 4980 1642 5022 non
1664 4963 1937 5021 inferiora

300 5049 462 5123 passi
491 5056 676 5121 erant,
707 5068 839 5125 spes
872 5057 1067 5110 tamen
1097 5057 1157 5110 et
1184 5053 1399 5111 fiducia
1427 5053 1940 5112 obtinendicivita-

294 5143 435 5208 tem,
467 5137 860 5198 laborantium
882 5143 1111 5199 animos
1126 5143 1458 5212 confovens,
1474 5144 1545 5201 ad
1564 5143 1935 5201 tolerantiam

293 5231 473 5301 gratis
509 5231 861 5302 quibusdam
917 5231 1174 5289 stimulis
1227 5233 1605 5290 accedebant.
1666 5232 1937 5290 videntes

291 5333 428 5390 crgo
458 5335 521 5375 ee
552 5336 796 5393 prorsus
825 5336 928 5393 spe
949 5321 1206 5389 delusos,
1240 5322 1416 5380 flxum
1434 5323 1764 5395 iirmunque
1781 5323 1934 5394 quod

290 5414 719 5479 proposuerant
745 5411 1143 5483 decernentes,
1185 5412 1256 5469 ad
1315 5413 1425 5470 iter
1480 5428 1545 5470 se
1598 5413 1933 5487 accingunt,

288 5508 429 5552 voce
458 5500 747 5570 praeconia
776 5502 969 5561 reditu
990 5503 1216 5561 eunctis
1257 5501 1608 5576 significato.

2047 4606 2359 4679 duplicato,
2394 4607 2465 4663 ad
2498 4620 2842 4679 supremum
2873 4605 3130 4662 aiiliotus
3170 4604 3292 4671 siti,
3337 4621 3525 4678 supra
3544 4606 3693 4663 vires

2045 4696 2371 4754 laborabat.
2397 4697 2482 4752 Ad
2513 4696 2618 4752 has
2644 4693 2838 4767 itaque
2856 4694 3143 4768 gementis
3165 4694 3363 4768 populi
3396 4711 3589 4766 voces,
3609 4695 3698 4752 vir

2046 4790 2160 4843 Deo
2190 4786 2481 4854 amabilis,
2500 4786 2778 4843 contritus
2806 4787 2976 4843 corde
3004 4790 3063 4843 et
3090 4785 3290 4843 animo
3318 4785 3488 4842 valde
3537 4803 3696 4844 com-

2045 4878 2296 4952 patiens,
2328 4875 2591 4934 salutare
2628 4876 2856 4948 lignum
2910 4874 3080 4949 erigit
3135 4881 3341 4933 contra
3397 4875 3690 4945 incendia,

2046 4983 2174 5042 quo
2207 4965 2294 5022 illi
2323 4966 2462 5023 totis
2481 4966 2706 5023 viribus
2736 4964 3158 5039 procurabant3
3212 4967 3270 5022 et
3325 4963 3594 5023 invocato
3622 4967 3692 5023 de

2045 5056 2315 5131 supernis
2352 5054 2611 5123 auxillio,
2644 5054 2842 5113 statim
2874 5054 3062 5112 adfuit
3088 5054 3273 5111 virtus
3300 5052 3520 5126 divina,
3553 5061 3606 5112 et
3632 5054 3691 5111 in

2045 5150 2346 5205 momento
2376 5144 2675 5203 conversis
2696 5143 2754 5201 in
2778 5143 3111 5216 oppositum
3135 5142 3389 5211 flatibus,
3419 5142 3693 5202 incendia

2044 5236 2224 5295 simul
2255 5252 2389 5294 cum
2424 5240 2570 5293 tetra
2591 5236 2740 5293 fumi
2777 5234 3027 5307 caligine
3057 5232 3119 5289 in
3178 5233 3393 5299 hostes,
3451 5233 3558 5308 qui
3588 5250 3693 5291 no-

2045 5332 2236 5385 strum
2269 5326 2672 5400 praecedebant
2699 5324 3044 5391 exercitum,
3075 5337 3138 5380 se
3167 5321 3542 5396 dirigunt3et
3562 5340 3691 5396 quo

2042 5416 2103 5474 in
2145 5424 2403 5475 nostram
2449 5417 2796 5490 paraverant
2840 5411 3236 5480 laesionem,in
3293 5427 3465 5470 suam
3497 5413 3694 5471 vident

2043 5510 2260 5565 retorta
2289 5506 2629 5582 perniciem.
2649 5506 2900 5577 Stupent
2927 5502 3124 5561 hostes
3152 5500 3410 5562 novitate
3421 5501 3690 5561 miraculi

2040 5598 2101 5654 at
2128 5595 2494 5671 singularem
2515 5595 2792 5671 reputant
2811 5589 3280 5652 christianornm
3327 5590 3532 5665 iidem,
3561 5605 3691 5667 quae
