3784 6000
125 262 249 336 468

1066 273 1268 337 nisT.
1315 274 1589 339 RERUM
1632 272 2170 338 TRANSMARIN.
2217 304 2296 321 -
2337 271 2485 335 LlB.
2532 271 2608 332 X.

3419 266 3538 330 466

125 413 390 480 ruerant,
418 414 569 467 etex
589 410 1016 485 compromisso
1038 413 1193 484 apud
1233 428 1296 469 se
1318 411 1564 469 firmiter
1591 409 1777 468 conci·
1810 414 1863 482 Α
1892 409 2261 484 procognito,
2292 425 2362 466 ex
2392 408 2665 465 universo
2702 406 2966 464 orientali
2992 408 3179 464 tractu
3210 403 3365 462 vires
3393 418 3539 461 con-

130 499 307 572 piunt
367 499 798 570 expeditionem
848 501 1144 558 innovare.
1206 505 1426 559 Horum
1488 501 1780 557 maximus

130 591 259 644 erat
286 587 378 643 vir
404 587 655 644 illustris
686 592 741 644 et
760 590 1106 660 magnificus
1136 591 1553 647 Pictaviensum
1584 606 1781 646 comes

137 675 494 746 willelmus,
517 675 789 749 idemque
819 680 1133 752 Aquitaniae
1154 679 1307 735 dux:
1342 678 1615 735 dominus
1637 693 1783 750 quo·

129 782 244 839 que
266 765 434 839 Hugo
467 764 709 839 Magnus
739 765 996 840 Philippi
1027 768 1176 839 regis
1208 769 1563 825 Francorum
1587 767 1782 837 frater,

131 870 329 912 comes
356 853 897 922 Viromadensium,
936 857 1034 929 qui
1080 858 1329 930 primam
1361 859 1783 929 expeditionem

132 948 396 1011 secutus,
429 949 601 1017 capta
630 945 957 1014 Antiochia,
983 947 1180 1019 inopia
1212 947 1290 1003 rei
1325 946 1631 1003 familiaris
1661 951 1782 1002 tra-

133 1037 284 1104 ctus,
304 1033 361 1089 in
387 1033 633 1105 patriam
657 1033 948 1092 redierat:
981 1035 1255 1093 dominus
1280 1051 1515 1108 quoque
1536 1035 1783 1108 Stepha-

134 1136 247 1179 nus
285 1121 734 1179 Carnutensium
773 1131 832 1180 et
860 1123 1220 1181 Blesensium
1257 1139 1474 1192 comes,
1504 1124 1594 1181 vir
1642 1139 1784 1196 pru-

134 1209 285 1266 dens
314 1215 372 1266 et
400 1210 596 1282 magni
624 1211 874 1281 consilii,
908 1213 1032 1286 qui,
1062 1217 1234 1286 capta
1259 1212 1586 1275 Antiochia,
1630 1212 1787 1268 futu·

134 1313 268 1354 rum
313 1297 582 1369 praelium
632 1300 1038 1370 reformidans,
1088 1318 1222 1359 cum
1275 1301 1482 1376 probro
1512 1304 1570 1358 et
1622 1300 1787 1371 igno-

137 1386 326 1443 minia
355 1392 653 1444 consortes
683 1390 959 1457 descruit,
991 1395 1050 1448 et
1080 1391 1235 1463 turpi
1278 1391 1413 1462 suga
1447 1393 1786 1463 perpetuam

138 1476 447 1534 infamiam
481 1478 652 1535 emit:
688 1480 783 1535 hic
814 1482 1063 1552 priorem
1095 1480 1666 1554 quaercnsdefeotum
1697 1493 1786 1536 re·

141 1566 364 1623 dimere
393 1571 449 1623 et
469 1567 701 1626 abolere
732 1571 1001 1627 meritam
1027 1571 1192 1644 prius
1220 1571 1542 1639 infamiam,
1573 1569 1649 1626 ad
1678 1569 1790 1626 iter

139 1672 206 1714 se
243 1663 553 1729 preparat,
587 1657 901 1717 honestum
951 1661 1063 1717 sibl
1103 1662 1394 1719 asciscens
1422 1661 1784 1717 comitatum.

1890 505 2101 556 vocant
2129 505 2188 556 et
2214 504 2332 556 tam
2359 497 2624 570 precibus
2650 513 2828 570 quam
2864 496 3047 570 pretio
3078 494 3353 552 militaria
3382 491 3540 550 colli·

1890 595 2035 663 gunt
2064 588 2301 659 auxilia,
2334 603 2534 644 eorum
2582 588 2690 643 iter
2719 587 3033 659 praepedire
3076 585 3357 653 volentes,
3388 597 3537 655 quos

1888 680 2232 736 transeundi
2257 679 2619 753 propositum
2653 677 2869 734 babere
2899 682 3304 749 cognoverant.
3344 670 3541 731 Nostri

1891 775 2086 826 autem
2119 770 2237 827 sive
2266 784 2336 824 ex
2382 768 2696 836 industria,
2740 768 2860 824 sive
2898 783 3060 833 casu,
3092 764 3259 820 divisi
3298 763 3539 819 suntab

1895 859 2142 917 invicem
2169 877 2185 928 ;
2208 867 2263 915 et
2283 858 2456 915 variis
2478 862 2777 929 coeperunt
2796 857 3060 928 partibus
3094 855 3382 922 incedere,
3402 841 3538 909 raeti

1893 950 2062 1022 quasi
2092 963 2160 1004 ex
2189 947 2481 1005 industria
2527 963 2705 1003 arena
2750 946 2876 1002 sine
2907 944 3060 1002 calce
3090 959 3103 1011 3
3130 943 3361 1000 nullum
3392 941 3542 998 inter

1893 1053 1957 1094 se
1994 1036 2274 1094 habentes
2322 1035 2620 1092 vinculum
2671 1033 3014 1103 charitatis;
3067 1039 3123 1089 et
3167 1031 3325 1089 illam
3358 1045 3540 1104 quam

1895 1125 2054 1200 prior
2099 1125 2383 1184 exercitus
2415 1126 2812 1182 observaverat
2850 1122 3242 1196 disciplinam,
3300 1120 3540 1178 omnino

1895 1221 2357 1274 contemnentes.
2392 1213 2717 1272 Suscitatus
2759 1218 2850 1271 est
2877 1214 2960 1270 eis
2986 1229 3143 1285 ergo,
3173 1208 3542 1284 exigentibus

1896 1305 2139 1373 meritis,
2165 1309 2369 1372 potens
2400 1304 2795 1372 adversarius,
2829 1307 2887 1359 et
2915 1301 3037 1358 dati
3071 1305 3211 1357 sunt
3236 1299 3296 1355 in
3329 1312 3541 1355 manue

1898 1396 2179 1463 bostium,
2210 1395 2291 1451 ita
2321 1395 2473 1467 quod
2509 1411 2577 1451 ex
2605 1394 2690 1450 eis
2729 1411 2845 1449 uua
2873 1393 2967 1448 die
3000 1393 3056 1447 in
3090 1407 3187 1447 ore
3209 1388 3388 1462 gladii
3420 1402 3545 1458 pro·

1897 1485 2111 1543 miscui
2159 1501 2331 1542 sexus
2374 1483 2707 1541 ceciderunt
2737 1483 2870 1556 plus
2901 1497 3075 1554 quam
3121 1474 3547 1554 quinquaginta

1898 1574 2103 1632 millia.
2137 1574 2359 1640 Quibus
2390 1580 2584 1630 autem
2634 1587 2979 1629 concessum
3011 1578 3097 1627 est
3128 1566 3404 1625 divinitus
3434 1563 3546 1622 ho·

1900 1664 2077 1720 stium
2130 1680 2341 1720 manus
2389 1664 2664 1736 effugere,
2713 1661 2773 1717 hi
2805 1660 2947 1716 nudi
2980 1659 3281 1730 vacuique,
3312 1651 3548 1711 emissis

138 1746 427 1847 pominus
454 1763 690 1821 quoque
718 1751 1046 1822 Stephanus
1079 1751 1428 1825 Burgundiae
1459 1766 1672 1816 comes,
1703 1748 1792 1804 vir
1824 1775 1869 1838 B
1901 1754 2166 1824 sarcinis,
2198 1759 2256 1809 et
2276 1754 2613 1811 omnimoda
2641 1748 2997 1824 supellectile
3026 1747 3270 1821 perdita,
3295 1743 3546 1800 salutem

140 1834 397 1908 inclytus
443 1842 501 1893 et
532 1842 713 1894 multa
763 1839 1060 1896 nobilitate
1094 1841 1359 1911 insignis,
1392 1841 1461 1897 ad
1497 1840 1649 1896 idem
1680 1838 1793 1894 iter
1905 1859 2253 1916 quocunque
2272 1843 2442 1899 modo
2468 1843 2841 1909 invenerunt;
2874 1838 3230 1908 tandemque
3267 1849 3405 1889 casu
3429 1846 3549 1888 ma-

140 1923 504 1997 aceingitur3
536 1931 595 1983 et
627 1928 798 1985 multi
838 1929 935 1985 alii
968 1929 1214 1997 nobiles,
1258 1931 1359 2003 qui
1390 1931 1513 1988 suis
1543 1928 1791 2002 regioni·

141 2013 281 2080 bus,
315 2014 450 2083 vita,
480 2031 692 2088 genere
720 2022 776 2074 et
797 2019 979 2075 armis
1003 2019 1279 2092 praeclari,
1314 2020 1518 2076 eodem
1562 2016 1794 2075 accensi

144 2102 456 2168 desiderio.
485 2105 559 2163 ad
588 2107 1075 2179 proficiscendum
1107 2126 1172 2166 se
1209 2114 1558 2183 praeparant,
1589 2122 1796 2179 exspe-

145 2198 375 2254 ctantes
423 2202 508 2268 ut,
555 2200 650 2257 die
697 2202 1040 2267 constituta,
1090 2203 1339 2273 majores
1366 2200 1659 2274 principes
1690 2201 1796 2256 iter

153 2286 436 2358 arripiant
454 2303 632 2361 seque
649 2306 844 2347 eorum
870 2291 1149 2348 associent
1172 2291 1520 2364 legionibus.
1556 2290 1795 2347 Factum

151 2378 243 2432 est
275 2381 474 2433 autem
505 2385 570 2433 ut
594 2379 686 2436 die
709 2380 961 2452 proetlxa.
983 2384 1242 2454 tempore
1265 2391 1611 2455 opportuno,
1637 2377 1796 2437 ordi·

152 2464 311 2522 natis
352 2467 426 2521 ad
474 2466 587 2523 iter
615 2470 978 2538 necessariis,
1028 2470 1395 2527 consortibus
1433 2469 1658 2540 accitis,
1688 2468 1799 2524 iter

150 2555 526 2626 arripuerint,
579 2559 895 2630 primaeque
953 2559 1329 2629 expeditionis
1368 2558 1626 2632 vestigia,
1684 2554 1797 2613 etsi

152 2660 273 2701 non
302 2645 670 2704 devotionem
700 2648 905 2717 secuti,
936 2649 1492 2719 Constantinopolim
1518 2662 1795 2722 pervene-

153 2740 313 2802 runt,
346 2734 445 2791 ubi
476 2750 511 2791 a
539 2736 779 2793 domino
818 2739 1166 2811 imperatore
1215 2738 1414 2795 Alexio
1444 2737 1582 2794 satis
1610 2736 1799 2792 bono-

152 2822 315 2880 ritice
343 2826 622 2897 suscepti,
663 2827 966 2884 dominum
996 2829 1264 2885 comitem
1292 2829 1673 2897 Tolosanum,
1696 2825 1801 2898 qul

149 2913 210 2970 in
243 2914 433 2985 prima
461 2915 821 2987 expeditione
849 2923 1048 2974 tantus
1071 2919 1359 2992 princeps,
1383 2923 1620 2991 tamque
1640 2932 1800 2973 com-

150 3005 508 3062 mendabilis
560 3007 878 3076 exstiterat,
919 3016 1274 3080 repererunt.
1327 3009 1430 3066 Hic
1486 3015 1547 3065 ut
1588 3006 1797 3080 predi-

149 3094 371 3160 ximus,
405 3110 580 3151 nxore
609 3100 668 3152 et
700 3096 918 3154 familia
948 3114 1016 3154 ex
1047 3098 1213 3169 plura
1245 3103 1407 3170 parte
1446 3096 1602 3168 apud
1655 3098 1796 3152 Lao-

1903 1933 1994 2006 gis
2025 1949 2201 2004 quam
2237 1932 2546 1996 industria,
2578 1930 2639 1986 in
2668 1929 2928 1986 Ciliciam
2954 1925 3373 1998 pervenientes,
3393 1918 3547 1992 apud

1902 2021 2149 2077 Tarsum
2180 2021 2442 2092 ejusdem
2476 2018 2781 2090 provinciae
2826 2012 3215 2085 metropolim,
3244 2011 3549 2068 dominum

1907 2111 2208 2184 Bugonem
2234 2110 2535 2184 Magnum,
2554 2106 3026 2164 fatalisublatum
3046 2100 3385 2160 necessitate
3406 2097 3552 2158 ami-

1905 2206 2143 2258 serunt:
2176 2216 2292 2273 quo
2340 2200 2400 2256 in
2439 2197 2683 2256 ecclesia
2729 2194 2983 2253 doctoris
3027 2191 3310 2265 gentium,
3345 2188 3446 2262 qui
3479 2202 3550 2245 ex

1905 2290 2107 2345 eadem
2151 2289 2261 2344 fuit·
2315 2288 2602 2345 oriundus
2645 2286 2892 2352 civitate,
2947 2281 3253 2353 magnifice
3300 2276 3547 2350 sepulto.

1906 2377 2214 2434 refocillati
2247 2391 2349 2450 per
2387 2376 2509 2432 dies
2560 2375 2801 2447 aliquot,
2834 2376 3131 2445 resumpto
3159 2369 3384 2435 itinere,
3429 2365 3552 2422 An·

1907 2467 2182 2524 tiocbiam
2218 2469 2617 2539 pervenerunt.
2642 2463 2866 2529 Quibus
2896 2460 3169 2517 dominus
3198 2455 3550 2523 Tancredus,

1908 2558 2192 2630 praedictae
2228 2554 2475 2624 civitatis
2508 2553 2895 2627 princlpatum
2947 2547 3388 2614 administrans,
3421 2559 3554 2601 om-

1907 2664 2043 2705 nem
2074 2662 2234 2703 more
2266 2663 2371 2702 suo
2401 2644 2789 2703 humanitatis
2818 2641 3065 2716 gratiam
3097 2636 3392 2706 exhibuit;
3425 2650 3553 2691 ma-

1909 2737 2064 2793 xime
2090 2741 2280 2792 antam
2314 2735 2549 2792 domino
2586 2731 3025 2790 Pictaviensium
3058 2728 3293 2795 comiti;
3333 2725 3471 2797 quia
3494 2726 3556 2781 et

1910 2826 2134 2883 caeteris
2166 2824 2433 2893 nobilior,
2457 2828 2514 2881 et
2535 2822 2704 2896 longe
2740 2821 3046 2894 potentior,
3078 2822 3135 2873 et
3167 2813 3421 2888 amplius
3442 2828 3555 2869 co-

1909 2917 2050 2974 teris
2081 2916 2141 2973 in
2173 2916 2450 2989 praedicta
2475 2915 2734 2970 infausta
2752 2909 3112 2983 expeditione
3143 2904 3555 2963 damnificatus

1913 3008 2121 3074 fuerat,
2152 3005 2385 3063 amissis
2417 3006 2646 3076 penitus
2680 3000 2982 3057 universis.
3017 2996 3273 3054 Tandem
3318 2991 3553 3051 videndi

1914 3098 2041 3155 loca
2069 3113 2237 3155 sacra
2266 3097 2431 3153 tracti
2461 3093 2770 3163 desiderio,
2803 3089 3015 3165 quibus
3046 3086 3169 3159 equi
3202 3086 3552 3154 deiecerant,

150 3182 365 3239 diciam
396 3183 617 3253 relicta,
657 3185 728 3239 ad
759 3186 1063 3243 dominum
1096 3187 1497 3259 imperatorem
1530 3186 1795 3254 redierat,
1828 3147 1872 3214 c
1914 3188 2165 3261 navigio,
2197 3187 2405 3260 quibus
2434 3194 2626 3242 autern
2656 3184 2849 3240 adhuc
2879 3180 3243 3252 supererant,
3292 3169 3551 3231 terrestri

148 3287 321 3344 opem
352 3272 722 3346 imploratus,
776 3283 1067 3348 quatenus
1113 3277 1172 3333 in
1223 3278 1445 3351 Syriam
1491 3277 1697 3343 redire,
1742 3276 1801 3330 et

150 3375 332 3417 unam
368 3360 458 3418 vel
507 3362 702 3433 plures
758 3379 827 3420 ex
876 3366 1120 3421 urbibus
1167 3366 1292 3435 ejus
1353 3365 1459 3421 sibi
1500 3363 1798 3421 vindicare

150 3454 366 3522 posset.
408 3450 791 3524 Proposuerat
822 3456 978 3511 enim
1025 3454 1273 3525 incoepta
1320 3453 1496 3511 semel
1546 3452 1798 3527 peregri-

151 3540 392 3596 natione
421 3555 782 3612 perseverare
811 3549 1108 3616 perpetuo,
1151 3549 1207 3599 et
1242 3558 1538 3616 nunquam
1570 3543 1642 3598 ad
1671 3557 1794 3612 pro-

153 3628 279 3699 pria
305 3629 511 3686 redire.
540 3634 709 3687 Hunc
739 3647 872 3704 ergo
903 3636 1181 3705 tanquam
1216 3632 1404 3688 virum
1437 3631 1794 3687 industrium

150 3721 209 3774 et
250 3720 597 3790 prudentem
648 3720 967 3793 gaudentes
1013 3737 1075 3778 se
1123 3722 1427 3793 reperisse,
1480 3727 1716 3792 sumpta
1759 3735 1793 3775 a

147 3803 391 3863 domino
420 3805 768 3880 imperatore
811 3808 1065 3878 licentia,
1098 3811 1269 3868 donis
1310 3812 1383 3866 ab
1412 3826 1479 3867 eo
1507 3806 1791 3867 cumulati

149 3895 544 3967 uberiortbus,
604 3897 910 3954 dominum
960 3900 1227 3955 comitem
1277 3898 1442 3970 quasi
1492 3914 1596 3972 pro
1646 3897 1793 3954 duce

145 3985 456 4057 babentes,
486 3990 731 4045 transito
754 3990 1145 4061 Hellesponto,
1174 4006 1304 4048 cum
1323 3992 1446 4047 suis
1466 3988 1792 4061 legionibus

144 4075 301 4147 apud
348 4075 599 4134 Nicoeam
646 4079 930 4150 Bitbiniae,
981 4080 1191 4153 prioris
1232 4080 1522 4137 exercitus
1548 4075 1793 4149 vestigia

145 4163 428 4238 legentes,
458 4172 873 4239 pervenerunt.

771 4278 1003 4338 CAPUT
1033 4278 1174 4336 xm.

143 4381 449 4468 imperator
474 4383 703 4442 Aleoeius
722 4389 965 4457 nomine,
996 4404 1146 4445 more
1164 4390 1343 4457 solito,
1374 4389 1450 4446 eis
1468 4404 1566 4459 per
1599 4389 1791 4444 Tur-cos

215 4454 447 4537 molatur
482 4457 714 4542 insidias
732 4475 755 4523 ,·
788 4464 1219 4530 prosternuntur
1245 4476 1314 4515 ex
1341 4470 1501 4531 parce
1544 4459 1790 4531 plurima

217 4537 496 4595 percorum
515 4544 537 4589 .·
566 4537 619 4584 et
646 4533 742 4601 qui
789 4531 1000 4587 residui
1027 4540 1177 4601 sane,
1208 4532 1636 4601 Hierosolymam
1661 4544 1786 4603 per-

218 4605 505 4666 venerunt,
536 4608 792 4658 cometem
823 4603 1141 4660 Tolosanum
1172 4606 1362 4660 secuti.

209 4707 288 4761 At
313 4722 448 4764 vero
466 4707 621 4765 idem
645 4710 976 4784 imperator,
1000 4719 1226 4771 vetusto
1242 4718 1571 4770 Graecorum
1603 4728 1785 4780 more,

141 4800 477 4853 nostrorum
490 4800 855 4858 successibus
870 4801 1154 4873 invidens,
1167 4804 1432 4875 quamvis
1444 4819 1565 4871 eos,
1581 4807 1644 4858 ut
1656 4818 1791 4874 prai-

144 4883 424 4957 diximus,
461 4891 611 4958 apud
644 4906 707 4946 se
739 4892 877 4948 satis
923 4893 1168 4964 benigne
1199 4893 1532 4961 habuissem
1565 4891 1790 4949 occulte

140 4975 341 5029 umen
370 4990 468 5047 per
485 4975 874 5037 internuntios
907 4983 1253 5054 frequentes,
1280 4983 1339 5038 in
1369 4998 1569 5039 eorum
1597 4980 1791 5054 perni-

139 5061 291 5118 ciem
315 5061 512 5123 hostes
539 5067 917 5139 sollieitabat,
939 5076 995 5127 et
1008 5070 1285 5127 decorum
1305 5072 1555 5128 adventu
1571 5068 1791 5126 crebris

137 5152 409 5224 epistolis
430 5158 490 5212 et
518 5158 859 5216 nuntiorum
879 5160 1242 5217 discursibus
1266 5160 1540 5217 reddebat
1571 5161 1792 5215 instru-

139 5243 493 5311 ctiores,eos
513 5261 878 5318 praemonens
900 5265 971 5306 ne
1001 5256 1224 5306 tantum
1259 5249 1539 5320 populum
1566 5266 1673 5306 suo
1695 5263 1796 5322 pe-

137 5331 331 5389 riculo
365 5331 548 5392 libere
592 5337 844 5394 transire
893 5339 1212 5409 patiantur.
1268 5339 1447 5396 Vicem
1491 5340 1798 5410 scorpionis

135 5437 331 5492 avens,
356 5425 455 5480 cui
497 5440 621 5481 eum
657 5441 770 5483 non
799 5428 876 5483 sit
904 5429 965 5483 in
999 5427 1144 5499 lacis
1173 5426 1314 5501 qaod
1354 5426 1636 5496 formides,
1667 5444 1799 5500 pru·

135 5515 570 5587 Venter-leceris,
583 5519 1158 5591 sicaudoeposterioris
1174 5520 1448 5577 declinare
1467 5519 1666 5591 poteris
1677 5535 1802 5577 ma·

132 5604 428 5683 &picium-
448 5606 560 5665 Per
583 5622 723 5668 eum
739 5608 922 5686 igitur
948 5613 1007 5669 et
1031 5624 1170 5669 suos
1200 5614 1532 5670 nostrorum
1552 5608 1800 5669 adventa

1905 3278 2112 3334 itinere
2142 3276 2594 3350 Hierosolymam
2626 3272 2988 3339 festinantes,
3019 3268 3172 3342 apud
3215 3263 3549 3321 Antaradon

1906 3369 2109 3424 urbem
2162 3365 2538 3433 maritimam,
2569 3380 2699 3436 quae
2729 3360 2954 3434 vulgari
2994 3354 3380 3431 appellatione
3406 3349 3551 3407 Tor·

1903 3459 2032 3512 tosa
2061 3454 2291 3526 dicitur,
2320 3456 2733 3511 convenerunt.
2780 3449 2887 3507 Ubi
2928 3449 2998 3504 de
3046 3443 3289 3502 consilio
3327 3437 3550 3497 domini

1903 3545 2235 3619 Raymundi
2265 3544 2495 3602 comitis
2523 3539 2816 3605 Tolosani,
2847 3535 3139 3594 civitatem
3185 3533 3551 3603 impugnan-

1901 3640 2010 3704 tes,
2044 3634 2320 3709 quoniam
2359 3632 2443 3689 eis
2488 3628 2894 3701 expugnabilia
2939 3623 3259 3686 videbatur,
3308 3622 3548 3676 auctore

1901 3724 2166 3792 Domino,
2200 3722 2355 3778 infra
2386 3734 2600 3790 paucos
2628 3716 2754 3774 dies
2783 3713 3065 3771 violenter
3093 3708 3544 3782 occupaverunt,

1901 3811 2125 3869 civibus
2136 3812 2265 3883 ejus
2283 3813 2385 3866 aut
2405 3804 2718 3881 peremptis
2729 3802 2946 3875 gladio,
2961 3805 3064 3855 aut
3077 3801 3369 3872 perpetuae
3391 3809 3546 3851 man·

1901 3901 2113 3973 cipatis
2145 3897 2429 3957 servituti.
2463 3894 2672 3953 Urbem
2702 3893 2881 3966 igitur
2911 3889 3148 3947 domino
3175 3885 3376 3944 comiti
3406 3882 3546 3940 resi-

1900 3994 2146 4067 gnantes
2176 3987 2497 4062 spoliisque
2516 3985 2644 4056 jure
2672 3981 2808 4039 belli
2830 3980 3076 4036 invicem
3100 3975 3324 4042 divisis,
3355 3976 3546 4047 copto

1900 4080 2177 4138 insistunt
2205 4076 2362 4151 operi
2387 4096 2401 4131 ι
2436 4074 2708 4148 praedicto
2738 4070 2951 4129 comite
2989 4068 3061 4126 ad
3094 4065 3369 4123 tuendam
3396 4078 3544 4138 praa·

1899 4174 2117 4231 dictam
2147 4172 2374 4237 urbem,
2405 4167 2600 4226 invitis
2631 4164 2876 4233 crateris,
2908 4167 2967 4221 et
3012 4174 3149 4218 oum
3193 4171 3394 4216 secum
3423 4157 3544 4213 tra·

1900 4265 2036 4321 here
2066 4261 2410 4332 nitentibus,
2442 4262 2797 4316 remanente.

2517 4400 2749 4458 CAPUT
2785 4397 2938 4456 xw.

1817 4522 1865 4589 Ι)
1901 4518 2010 4575 Rex
2038 4511 2480 4588 Antiopatridam
2524 4507 2752 4572 obsidet,
2782 4513 2835 4563 et
2871 4506 3142 4562 obsessam
3167 4502 3392 4573 occupat
3416 4495 3540 4554 vio·

2617 4581 2811 4636 tenter.

1969 4715 2196 4770 Interea
2217 4711 2358 4768 dum
2393 4705 2707 4781 prodictus
2728 4699 3036 4768 exercitus,
3059 4701 3118 4754 ut
3149 4693 3541 4768 prediximus,

1898 4802 2051 4859 circa
2080 4808 2272 4872 partes
2298 4796 2590 4853 Romaniae
2608 4790 2916 4848 infeliciter
2933 4788 3243 4851 laboraret,
3266 4779 3545 4837 dominus

1898 4906 1997 4947 rex
2014 4881 2788 4957 Hierosolymorum,nolens
2808 4879 2925 4934 otio
2962 4880 3303 4945 torpescere,
3326 4869 3427 4925 sed
3450 4882 3543 4926 re-

1900 4978 1998 5053 gni
2029 4978 2173 5034 ssnes
2201 4975 2483 5046 ampliare
2513 4969 2819 5035 sollicitus,
2852 4979 3084 5021 omnem
3104 4960 3281 5018 dabat
3306 4973 3544 5035 operam

1900 5067 2194 5142 quomodo
2214 5064 2379 5136 regni
2409 5059 2704 5134 augustias
2738 5058 2938 5131 posset
2959 5051 3214 5110 dilatare.
3245 5048 3544 5123 Applicue-

1902 5164 1990 5216 rat
2019 5174 2189 5231 porro
2226 5156 2380 5211 circa
2426 5152 2574 5209 veris
2617 5147 2868 5213 initium,
2917 5145 2977 5202 in
3026 5147 3197 5216 portu
3241 5135 3542 5212 Joppensi,

1903 5249 2111 5307 classis
2139 5243 2544 5311 Januensium,
2577 5238 2678 5312 qui
2708 5255 2743 5294 a
2772 5235 3008 5294 domino
3039 5247 3173 5305 rege
3193 5234 3250 5286 et
3276 5226 3543 5299 ejusdem

1905 5339 2066 5397 urbis
2096 5336 2318 5393 civibus
2349 5349 2480 5389 cum
2502 5330 2686 5388 multa
2714 5323 2969 5396 suscepti
2996 5325 3135 5378 sunt
3163 5316 3546 5375 honoriticen-

1903 5431 2003 5486 tia.
2034 5428 2103 5484 Et
2130 5424 2405 5499 quoniam
2436 5421 2498 5477 in
2547 5418 2807 5491 promixo
2838 5416 2962 5472 erat
3010 5406 3301 5485 paschalis
3330 5405 3547 5464 solem-

1906 5518 2078 5584 nitas,
2109 5513 2411 5573 subductis
2440 5513 2512 5568 ad
2544 5514 2762 5568 terram
2794 5503 3060 5572 navibus,
3086 5496 3547 5569 Hierosolymam

1905 5609 1980 5669 ad
2017 5607 2170 5667 diem
2219 5606 2433 5665 festum
2482 5600 2889 5661 ascenderunt.
2921 5589 3218 5665 completa
3245 5588 3444 5664 igitur,
3477 5584 3550 5646 de
