3784 6000
134 218 249 280 7ss

567 215 768 279 HIST.
816 176 1090 277 RERUM
1132 212 1687 277 TRANSMARIN.
1734 244 1808 258 —
1854 210 2005 273 LIB.
2049 209 2261 273 xvnl.
2306 208 2753 275 BALDUlNUS
2798 213 2880 273 111
2929 214 3111 276 REX.

3427 224 3548 281 '142

134 351 425 424 principis
453 351 831 417 advenerant,
847 346 921 404 ad
944 347 1134 404 locum
1168 347 1512 418 perveniunt
1533 346 1787 404 destina·
1816 349 1866 415 Α
1899 346 2013 409 tur,
2047 347 2244 415 utpote
2275 359 2515 401 causam
2538 343 2735 400 fovens
2765 346 3090 418 potiorem;
3124 365 3376 420 quorum
3396 352 3555 424 prin·

136 448 289 509 tum,
325 439 659 514 proximum
717 437 863 495 satis
920 435 1164 510 regioni,
1197 436 1297 492 ubi
1350 436 1622 509 princeps
1652 450 1785 492 cum

133 528 445 587 universas
475 528 667 601 praeda
695 530 887 584 castra
915 525 1222 583 locaverat.
1250 524 1354 590 Qui
1397 524 1629 597 cognito
1647 524 1786 579 hos-

128 618 279 677 tium
308 619 584 687 adventu,
604 631 736 673 cum
756 615 880 672 suis
916 613 1199 671 deliberat
1220 613 1359 684 quid
1392 629 1524 669 eum
1554 612 1614 669 in
1645 629 1786 683 prae·

134 707 289 765 senti
324 706 670 764 necessitate
688 706 948 776 oporteat
968 703 1154 759 iacere
1178 723 1193 772 ;
1220 702 1539 774 relictoque
1562 702 1790 757 saniore

134 796 409 867 consilio,
442 794 711 852 videlicet
767 798 831 849 ut
886 793 1077 865 praeda
1099 791 1367 862 dimissa,
1403 790 1792 863 expeditiores

132 888 264 944 eine
298 885 487 943 multa
514 883 865 941 difficultate
906 881 1161 939 redirent
1198 882 1267 937 ad
1301 881 1577 954 propria;
1611 879 1796 951 elege-

133 982 272 1033 runt
308 979 396 1044 ut,
456 973 711 1047 prodam
764 976 822 1029 et
877 970 1060 1043 spolia
1117 987 1232 1026 non
1265 971 1619 1035 deserentes,
1656 984 1792 1024 cum

132 1063 433 1133 hostibus,
469 1062 585 1120 nisi
614 1077 719 1135 per
758 1077 859 1117 eos
910 1063 1109 1128 staret,
1141 1064 1376 1115 strenue
1405 1059 1789 1115 decertarent.

135 1154 308 1211 Mane
338 1153 537 1225 itaque
565 1151 719 1208 facto
748 1154 806 1206 et
826 1149 919 1206 die
935 1150 1061 1222 jam
1094 1146 1525 1218 aliquantulum
1568 1144 1790 1217 adulta,

134 1239 631 1299 concurrentibus
662 1239 998 1311 agminibus
1031 1253 1223 1310 pugna
1253 1235 1666 1303 committitur,
1700 1234 1793 1289 in-

136 1331 436 1389 stantibus
467 1328 738 1387 hostibus
768 1327 1018 1385 arcubus
1048 1334 1106 1383 et
1143 1325 1371 1399 gladiis,
1400 1324 1596 1381 studio
1629 1324 1792 1380 valde

135 1419 450 1493 pertinaci.
479 1418 674 1476 Nostri
698 1421 920 1486 autem,
950 1415 1058 1472 etsi
1106 1414 1298 1488 prima
1329 1414 1472 1471 facie
1531 1414 1787 1469 animum

135 1506 453 1567 resistendi
510 1506 625 1564 visi
672 1510 815 1563 sunt
875 1505 1169 1571 babuisse,
1229 1505 1544 1561 novissime
1594 1509 1789 1561 temen

134 1601 339 1656 mente
367 1596 749 1667 consternati,
780 1599 943 1667 terga
963 1595 1268 1661 dederunt,
1302 1594 1501 1665 fugam
1528 1592 1791 1649 dimissis

1897 433 2450 505 cepseratdeminus
2478 434 2709 503 Petrus,
2722 433 2829 506 piae
2860 435 2919 490 in
2945 435 3260 495 Dominum
3291 441 3552 497 recorda-

1897 519 2096 588 tionis,
2136 521 2522 592 praedecessor
2570 527 2784 591 noster,
2825 521 3101 595 Tyrensis
3144 526 3546 601 archiepisco-

1899 625 2012 681 pus
2032 626 2047 677 ;
2082 609 2183 666 alii
2207 627 2238 666 e
2267 627 2540 667 converso
2573 611 2796 667 domini
2837 611 3087 669 Victoris
3118 631 3359 675 causam
3392 635 3546 691 pras-

1901 698 2169 760 ferentes.
2201 704 2261 755 et
2286 716 2420 755 eum
2445 715 2679 772 semper
2708 717 2884 773 regno
2915 703 3171 759 amicum
3203 708 3262 761 et
3292 708 3548 763 tutorem

1902 785 2079 842 fuisse
2108 793 2454 854 asserentes,
2478 786 2735 860 legatum
2762 788 2922 846 nullo
2947 791 3118 847 modo
3141 792 3543 867 recipiendum

1901 892 2023 933 esse
2040 879 2376 935 censebant.
2402 877 2521 934 Rex
2542 884 2737 935 autem
2769 880 3019 937 mediam
3052 885 3368 954 quamdam
3387 884 3541 942 viam

1902 981 2333 1036 sequens,cum
2380 967 2506 1023 suis
2555 968 2920 1040 principibus
2970 974 3028 1026 et
3074 971 3145 1027 de
3173 973 3549 1031 ecelesiarum

1903 1054 2162 1125 praelatis
2217 1056 2598 1127 quibusdam,
2627 1057 2842 1113 timens
2907 1073 2978 1115 ne
3034 1059 3292 1134 episcopi
3321 1062 3555 1121 interae

1902 1141 2299 1200 dividerentur
2338 1149 2394 1201 et
2443 1144 2809 1201 scinderetur
2851 1146 3131 1216 Ecclesia,
3164 1151 3559 1221 persuadebat

1903 1235 2170 1286 neutram
2217 1234 2465 1304 partium
2516 1234 2909 1305 recipiendam
2967 1252 3134 1308 esse;
3166 1237 3354 1310 legato
3394 1255 3556 1310 vero,

1899 1318 1951 1375 si
1997 1322 2280 1391 tanquam
2337 1321 2702 1393 peregrinus,
2751 1323 3036 1380 orationis
3082 1325 3290 1397 gratia,
3332 1327 3557 1401 absque

1899 1407 2235 1481 insignibus
2292 1409 2625 1482 legationis,
2668 1412 2739 1468 ad
2777 1410 2905 1469 loca
2950 1418 3157 1470 sancta
3186 1413 3359 1473 vellet
3387 1433 3555 1477 acoe-

1897 1497 2055 1564 dere,
2089 1499 2345 1554 dandam
2387 1514 2514 1556 esse
2565 1500 2861 1558 licentiam
2912 1505 2969 1559 et
3016 1505 3448 1563 concedendam
3480 1506 3557 1563 li·

1896 1587 2179 1643 bei-tatem
2237 1603 2458 1645 moram
2489 1588 2547 1645 in
2599 1606 2778 1662 regno
2820 1591 3095 1662 faciendi,
3127 1611 3312 1665 usque
3335 1598 3406 1653 ad
3435 1598 3560 1671 pri-

137 1687 348 1761 spoliis
406 1687 711 1760 eligentes.
778 1684 1057 1757 Princeps
1111 1688 1330 1749 antem,
1355 1682 1607 1755 peccatis
1659 1681 1787 1740 suis
1821 1697 1860 1763 Β
1896 1690 2060 1731 mum
2094 1675 2427 1743 transitum,
2471 1685 2685 1735 extunc
2731 1680 3094 1737 redeundum
3129 1685 3183 1740 ei
3214 1700 3363 1744 esse.
3396 1686 3552 1745 Alle-

137 1776 528 1849 exigentibus,
579 1791 781 1832 omnes
834 1790 976 1845 quaa
1034 1771 1411 1831 commiserat
1458 1773 1786 1845 impietates
1893 1764 2065 1834 gabat
2095 1763 2295 1835 etiam,
2327 1769 2384 1821 et
2415 1765 2704 1823 dictorum
2740 1783 2980 1825 suorum
3012 1785 3255 1829 causam
3296 1774 3553 1846 subjun-

136 1865 515 1939 corporaliter
572 1863 848 1933 luiturus,
880 1865 1087 1934 captus
1144 1867 1235 1917 est
1284 1867 1340 1918 et
1403 1860 1785 1933 compedibus

138 1955 440 2029 religatus,
472 1952 774 2025 Halapiam
807 1968 939 2010 cum
987 1951 1114 2008 aliis
1145 1952 1525 2024 concaptivis,
1558 1955 1787 2023 specta-

140 2044 339 2102 culum
365 2043 553 2100 factue
575 2042 804 2116 populis
824 2040 1184 2111 infidelibus,
1208 2057 1342 2096 cum
1362 2057 1595 2097 summa
1628 2041 1788 2112 igno·

138 2135 330 2191 minia
381 2133 671 2189 deductus
722 2136 831 2188 est.
863 2131 1101 2186 Factum
1160 2134 1249 2186 est
1280 2137 1470 2185 aulem
1502 2129 1611 2185 hoc
1636 2146 1787 2187 anno

1896 1854 2071 1924 gebat
2119 1857 2178 1909 et
2236 1855 2542 1922 rationem,
2573 1855 2818 1912 dicens:
2876 1858 3126 1914 Schisma
3173 1877 3359 1919 recens
3413 1867 3495 1920 est
3530 1879 3558 1933 ,⁰

1895 1941 2127 1997 necdum
2158 1941 2283 1998 orbi
2311 1945 2576 2011 innotuit,
2606 1948 2733 2001 uter
2760 1960 2947 2002 eorum
2975 1963 3205 2004 causam
3241 1952 3424 2021 foveat
3445 1969 3553 2026 ρο-

1903 2031 2097 2089 tiorem
2118 2048 2142 2099 ;
2172 2034 2537 2103 periculosum
2565 2040 2749 2090 autam
2777 2053 2911 2105 esse,
2944 2040 3003 2091 in
3033 2055 3095 2096 re
3135 2039 3300 2098 dubia
3344 2048 3560 2115 partem

1898 2120 2007 2177 sibi
2036 2138 2108 2177 ea:
2135 2124 2403 2178 sententia
2441 2122 2704 2194 delicere,
2746 2134 2797 2182 et
2845 2126 2913 2183 de
2953 2129 3164 2184 incerta
3194 2130 3557 2202 diffinitivam

139 2223 308 2296 regni
339 2219 563 2278 domini
609 2220 879 2277 Balduini
926 2219 1148 2275 decimo
1197 2223 1416 2287 octavo,
1445 2235 1643 2275 mense
1670 2218 1791 2276 No·
1890 2212 2255 2282 praecipitare
2301 2215 2648 2270 sententiam.
2694 2219 2987 2286 Praeterea,
3026 2232 3126 2276 nec
3188 2220 3373 2294 leyato
3423 2227 3557 2296 opu⁸

136 2308 402 2376 vembre,
424 2323 481 2363 tx
502 2307 628 2362 Kal.
653 2304 1012 2373 Decembris,
1041 2304 1184 2361 inter
1205 2304 1474 2361 Cressam
1495 2310 1553 2361 et
1580 2303 1790 2373 Mares,

140 2402 199 2454 in
237 2396 365 2452 loco
385 2396 487 2469 qui
519 2394 735 2451 dicitur
761 2394 999 2452 Commi.

729 2482 966 2539 CAPUT
1006 2480 1203 2540 XXIX.

138 2559 379 2614 loannes
398 2555 623 2628 quidam
654 2557 917 2612 Romanae
946 2555 1198 2610 Ecclesiae
1224 2551 1507 2623 presbyter
1534 2552 1794 2608 cardina·

210 2630 305 2693 lis,
363 2629 425 2683 in
464 2627 685 2698 Syriam
732 2625 1014 2682 descendit
1057 2626 1270 2694 legatus
1287 2641 1310 2689 ,·
1340 2624 1405 2678 de
1451 2624 1569 2695 eius
1614 2639 1798 2680 susce-

210 2704 403 2770 ptione
428 2701 578 2755 inter
604 2697 883 2769 episcopos
913 2700 1095 2753 oritur
1120 2693 1485 2751 dissonantia.
1519 2697 1800 2751 amalrico

215 2772 471 2897 &opponi
500 2771 712 2838 cornici,
763 2771 936 2838 fratri
977 2771 1142 2838 roais,
1173 2765 1332 2837 filius
1380 2767 1632 2824 nascitur
1670 2768 1799 2823 Bal-

262 2856 444 2898 uinus.

220 2934 333 2986 Per
363 2932 597 2987 eosdem
633 2929 783 3000 dies,
812 2929 1055 3002 quidam
1084 2929 1341 2986 Joannee
1365 2928 1452 2984 vir
1480 2929 1799 2986 admodum

140 3020 458 3089 litteratus,
488 3024 762 3077 Romanae
801 3020 1063 3076 Ecclesiae
1114 3019 1410 3092 presbyter
1456 3019 1792 3088 cardinalis,

1899 2313 2015 2354 esse
2042 2301 2101 2354 in
2132 2315 2324 2372 reone,
2356 2299 2454 2372 qui
2482 2301 2736 2357 ecclesias
2765 2307 2816 2358 et
2855 2307 3192 2362 'nonasteria
3229 2314 3420 2378 oravet
3447 2313 3551 2368 im·

1897 2390 2099 2460 pensis,
2164 2389 2562 2445 extorsionibus
2614 2394 2884 2447 attenuet.
2935 2393 3065 2449 Haec
3133 2404 3255 2451 erat
3325 2397 3552 2455 domini

1903 2477 2059 2547 regis
2092 2477 2379 2532 sententia
2405 2494 2420 2547 ;
2443 2493 2588 2548 quae,
2620 2478 2755 2534 licet
2786 2479 2983 2537 utilior
3011 2481 3326 2550 videretur,
3357 2489 3553 2545 tamen

1903 2564 2206 2636 praevaluit
2243 2580 2441 2622 eorum
2491 2568 2793 2636 sententia,
2826 2568 2928 2640 qui
2978 2569 3235 2642 legatum
3256 2589 3381 2631 esse
3410 2575 3558 2633 reci-

1910 2653 2190 2727 piendum
2236 2656 2595 2714 asserebant.
2651 2657 2903 2715 Vocatus
2960 2659 3139 2733 igitur
3196 2662 3256 2717 in
3314 2679 3557 2737 regnum

1908 2744 2085 2806 venit.
2121 2746 2323 2802 multis
2351 2746 2565 2818 quibus
2589 2746 2871 2804 adventus
2892 2749 3018 2819 ejus
3049 2747 3365 2821 placuerat,
3399 2759 3560 2827 post-

1911 2835 2150 2889 modum
2209 2851 2513 2892 onerosus.
2547 2835 2653 2891 Per
2711 2834 2851 2893 illud
2907 2842 3141 2909 tempus
3183 2850 3353 2899 natus
3374 2847 3430 2899 et
3459 2843 3563 2900 do-

1912 2923 2072 2980 mino
2100 2924 2409 2982 Amalrico.
2440 2925 2825 2999 Joppensium
2858 2927 3080 2991 comiti.
3110 2945 3179 2986 ex
3198 2932 3415 3004 Agnete
3437 2932 3556 2992 tilia

1910 3014 2141 3072 comitis
2172 3015 2471 3085 Edessani,
2510 3016 2691 3084 iilius,
2722 3034 2899 3091 quem
2950 3021 3135 3090 patris
3194 3027 3424 3095 rogatu,
3458 3040 3561 3082 rex

139 3108 295 3166 tituli
316 3108 662 3167 Sanctorum
693 3109 938 3166 Joannis
987 3113 1045 3164 et
1071 3108 1258 3179 Pauli,
1294 3110 1511 3164 missua
1543 3125 1577 3164 a
1605 3108 1793 3164 domi·
1824 3081 1870 3146 C
1912 3103 1982 3160 de
2030 3119 2195 3160 sacro
2253 3104 2411 3162 fonte
2451 3106 2800 3178 suscipiens,
2822 3123 2995 3163 suum
3038 3107 3090 3163 ei
3123 3125 3334 3167 nomen
3362 3111 3559 3185 impo-

139 3216 218 3257 no
275 3198 572 3256 Alexando
631 3215 784 3272 papa
838 3198 911 3254 ad
970 3202 1168 3270 partes
1208 3197 1516 3254 orientales
1544 3197 1796 3270 legatus,

138 3288 301 3360 apud
338 3286 614 3357 Biblium,
634 3302 770 3344 cum
796 3287 1152 3359 quibusdam
1173 3285 1569 3343 Januensibus
1599 3288 1798 3361 appli-

140 3378 287 3433 cuit.
319 3375 534 3433 Volens
588 3376 787 3449 igitur,
847 3377 1156 3449 impetrata
1202 3375 1456 3445 licentia,
1515 3381 1797 3448 tanquam

141 3467 377 3539 legatus
426 3466 486 3522 in
544 3481 790 3538 regnum
842 3465 1103 3532 introire,
1155 3463 1519 3537 praetentavit
1576 3464 1798 3522 domini

143 3555 299 3627 regis
322 3559 381 3610 et
409 3553 656 3611 aliorum
708 3555 871 3626 regni
906 3554 1265 3627 principum,
1299 3562 1414 3609 tam
1445 3551 1800 3610 ecclesiasti-

143 3660 353 3701 corum
385 3659 561 3715 quam
592 3643 955 3701 saecularium
1000 3648 1242 3710 mentes,
1267 3642 1504 3714 quidam
1537 3642 1608 3698 de
1629 3641 1799 3713 cujus

142 3733 441 3806 ingressui
474 3733 778 3790 sentirent.
810 3732 1046 3789 Divisus
1077 3734 1231 3788 onim
1256 3736 1400 3800 erat,
1434 3735 1498 3787 ut
1528 3729 1795 3804 praedixi-

146 3838 308 3890 mue,
341 3820 646 3879 occasione
674 3820 1011 3879 schismatis
1064 3821 1272 3888 oborti,
1306 3836 1455 3893 pene
1484 3820 1644 3877 orbis
1676 3819 1800 3875 uni-

147 3928 358 3970 versus
388 3927 403 3966 ε
439 3910 569 3969 aliis
616 3911 851 3969 domino
890 3928 1048 3983 papae
1104 3910 1450 3980 Alexandro,
1491 3910 1621 3968 aliis
1652 3910 1800 3982 parti

149 4000 432 4073 opposita!
463 3999 809 4057 faventibus.
845 4001 1006 4059 Unde
1063 4005 1193 4071 post
1249 4000 1492 4055 multam
1525 3998 1805 4055 delibera-

149 4089 400 4157 tionem,
432 4089 773 4147 mandatum
803 4093 893 4145 est
920 4089 972 4145 ei
1003 4104 1072 4145 ex
1110 4092 1294 4161 parte,
1328 4091 1392 4143 ut
1431 4086 1801 4157 subsisteret,

150 4177 341 4234 necin
364 4192 600 4249 regnum
654 4181 1034 4250 praesumeret
1074 4174 1324 4249 ingredi,
1358 4190 1668 4249 quousque
1698 4174 1804 4232 ha-

154 4269 283 4324 bita
313 4282 446 4324 cnm
477 4265 727 4339 prolatis
766 4265 1142 4324 ecclesiarum
1167 4266 1407 4338 stregai
1438 4264 1802 4337 principibus

152 4356 418 4429 pleniore
466 4354 901 4425 deliberatione,
959 4356 1011 4413 ei
1063 4356 1134 4413 de
1200 4355 1500 4413 communi
1554 4353 1799 4411 consilio

1910 3192 2065 3260 suit;
2097 3208 2356 3265 cumque
2412 3192 2483 3250 ab
2538 3211 2605 3251 eo
2646 3195 2851 3267 jocose
2899 3203 3255 3267 quaereretur
3286 3199 3562 3268 Quidnam

1908 3281 2111 3353 nepoti,
2144 3289 2194 3337 et
2249 3281 2364 3351 filio
2420 3280 2485 3338 de
2529 3297 2682 3339 sacro
2718 3285 2877 3350 fonte
2898 3293 3148 3357 suscepto
3168 3286 3569 3346 donar-ethe—

1908 3370 2166 3440 spondit,
2199 3369 2372 3426 sicuti
2423 3369 2598 3426 homo
2632 3371 2889 3442 jucundi
2921 3376 2980 3429 et
3024 3374 3233 3432 urbani
3275 3377 3565 3435 sermonis

1908 3463 2068 3513 erat:
2101 3458 2345 3527 Regnum
2391 3460 2904 3530 Hierosolymorum.
2941 3461 3100 3526 Quod
3153 3465 3389 3522 verbum
3421 3468 3555 3540 qni-

1908 3546 2160 3602 busdam
2219 3548 2631 3618 prudentibus,
2689 3550 2787 3621 qui
2844 3550 2951 3606 hoc
3012 3551 3339 3625 audierant,
3379 3554 3558 3613 altius

1909 3633 2211 3691 descendit
2241 3635 2300 3691 in
2345 3644 2567 3708 pectus,
2619 3643 2890 3694 notantes
2948 3639 3106 3711 quod
3161 3636 3296 3697 licet
3318 3641 3556 3712 juvenis

1906 3730 2060 3778 esset
2091 3722 2435 3788 admodum,
2468 3728 2526 3779 et
2585 3739 2729 3779 uxor
2753 3725 2882 3795 ejus
2915 3724 3371 3798 adolescentula,
3402 3744 3559 3800 pro·-

1910 3813 2103 3884 sagire
2134 3811 2460 3881 videbatur,
2490 3814 2640 3884 quod
2672 3814 2895 3886 absque
2941 3812 3143 3871 liberis
3190 3816 3335 3875 foret
3360 3835 3430 3876 ex
3455 3819 3562 3877 hac

1912 3900 2040 3957 luce
2069 3900 2499 3958 subtrahendus
2537 3919 2550 3958 τ
2585 3903 2742 3974 quod
2773 3908 2831 3959 et
2859 3904 3076 3960 factum
3107 3910 3217 3962 est.

2506 4008 2739 4066 CAPUT
2786 4008 2966 4066 XXX.

1912 4099 2027 4155 Rex
2050 4099 2117 4154 ab
2147 4098 2499 4156 Antioc-lienis
2529 4106 2772 4168 vocatus,
2802 4101 2940 4158 illuc
2962 4112 3229 4173 properat
3257 4104 3563 4177 5imperia-

1985 4170 2061 4227 les
2091 4169 2259 4242 legati
2298 4169 2515 4240 adsunt,
2569 4188 2798 4228 uxorem
2846 4174 3069 4230 domino
3115 4191 3235 4247 suo,
3283 4192 3455 4234 unam
3500 4178 3566 4236 de

1986 4242 2413 4312 consanqnincis
2442 4242 2657 4299 domini
2685 4243 2830 4316 repis
2856 4246 3215 4316 postulantes.

1989 4346 2169 4420 Capto
2198 4346 2380 4415 igitur
2392 4349 2650 4421 principe
2680 4354 2736 4407 et
2758 4350 3123 4409 Antiocheae
3153 4352 3453 4425 provincia
3473 4369 3571 4413 re-

154 4446 543 4504 mandaretnr
597 4445 736 4517 quid
788 4461 923 4501 eum
968 4446 1152 4502 facere
1211 4449 1516 4518 oporteret.
1561 4442 1804 4500 Interim
1834 4453 1882 4519 1)
1914 4435 2092 4493 ctoris
2152 4437 2359 4494 solatio
2416 4438 2722 4507 destituta,
2755 4439 3008 4512 populus
3052 4441 3262 4498 iterum
3293 4444 3567 4515 regionis,

155 4550 296 4607 ergo
352 4533 684 4592 convocatis
746 4536 898 4607 apud
958 4535 1265 4604 Nazareth,
1298 4539 1416 4590 tam
1448 4533 1682 4591 domino
1715 4548 1807 4606 pa·

156 4622 415 4680 triarcha
464 4639 643 4695 quam
701 4623 942 4697 reliquis
990 4623 1370 4681 ecclesiarum
1414 4623 1696 4696 praelatis‚
1736 4622 1808 4679 de

157 4712 531 4787 principibus
584 4728 817 4786 quoque
865 4713 1167 4771 nonnullis
1220 4730 1352 4769 cum
1403 4712 1640 4770 domino
1674 4726 1807 4785 rege

157 4800 602 4870 assistentibus,
632 4807 931 4874 cmperunt
989 4802 1305 4858 deliberare
1357 4799 1500 4872 quid
1554 4799 1809 4857 intanta

162 4889 543 4962 ambiguitate
576 4889 723 4947 facto
753 4896 908 4948 esset
945 4890 1374 4963 expedientius.
1406 4889 1620 4946 Omnes
1650 4889 1807 4946 enim

162 4981 417 5039 Orientis
472 4983 793 5056 pontificeS,
854 4983 924 5040 de
973 4992 1219 5055 utroque
1284 4982 1703 5056 patriarchatu,
1754 4979 1811 5035 in

161 5076 435 5128 neutram
464 5072 716 5144 partium
775 5072 1080 5129 manifeste
1139 5071 1590 5138 declinaverant,
1621 5067 1681 5123 in
1716 5083 1814 5124 oc·

165 5159 325 5217 culto
378 5164 596 5231 tamen,
643 5160 775 5218 aliis
815 5161 975 5232 huic,
1023 5160 1153 5219 aliis
1210 5160 1296 5216 illi
1345 5176 1518 5218 suum
1558 5158 1812 5215 favorem

166 5250 600 5325 prestantibus.
651 5251 890 5311 Factum
948 5257 1038 5309 est
1082 5256 1302 5318 autem,
1330 5250 1484 5307 sicut
1512 5248 1570 5304 in
1596 5246 1813 5305 talibus

169 5337 323 5396 solet
349 5337 703 5412 contingere,
743 5340 899 5414 quod
961 5340 1373 5396 dissentientes
1419 5335 1491 5392 ab
1538 5333 1810 5405 invicem,

166 5433 226 5488 et
271 5429 421 5488 votis
475 5445 671 5487 eorum
707 5429 767 5486 in
818 5428 988 5503 plura
1039 5427 1362 5497 distractis,
1418 5426 1516 5484 alii
1556 5426 1815 5484 dicerent

167 5519 326 5598 quod
345 5518 621 5579 dominus
645 5520 970 5581 Alexander
993 5524 1052 5578 et
1079 5519 1208 5593 eJus
1237 5517 1462 5591 legatus
1493 5516 1816 5592 suscipere·

1915 4526 2128 4583 timore
2158 4531 2214 4584 et
2270 4527 2559 4585 anxietate
2597 4528 2955 4602 corripitur;
2986 4534 3042 4586 et
3084 4530 3290 4588 diebus
3322 4531 3575 4606 singulis

1915 4617 2170 4688 regionis
2192 4616 2637 4687 desolationem,
2661 4617 2774 4674 nisi
2802 4618 3086 4675 Dominus
3127 4636 3225 4676 eos
3253 4621 3571 4690 custodiat,

1916 4707 2132 4763 animis
2162 4705 2466 4779 suspensis
2525 4711 2826 4779 expectat;
2855 4709 3206 4780 tandemque
3262 4707 3454 4766 visum
3485 4719 3576 4769 est

1914 4794 1987 4850 ad
2036 4794 2278 4851 solitum
2329 4810 2624 4851 recurrere
2678 4794 2985 4863 auxilium,
3033 4799 3089 4852 et
3146 4796 3221 4853 ab
3280 4811 3347 4854 eo
3372 4802 3574 4856 contra

1918 4882 2072 4940 mala
2129 4883 2504 4940 imminentia
2561 4888 2756 4956 petere
2817 4883 3115 4953 solatium,
3150 4886 3305 4943 unde
3326 4888 3450 4945 sine
3479 4902 3576 4945 re-

1924 4972 2093 5044 pulsa
2123 4972 2337 5046 saepius
2368 4974 2739 5031 obtinuerant
2769 4973 3151 5046 postulatum.
3185 4976 3365 5034 Missa
3396 4977 3577 5050 igitur

1922 5061 2211 5134 legatione
2229 5070 2283 5118 et
2297 5062 2588 5134 adjunctis
2604 5061 2877 5135 precibus
2892 5062 3258 5138 lacrymosis,
3271 5067 3575 5124 dominum

1922 5153 2454 5228 Hierosolymorum
2482 5171 2676 5229 regem
2728 5155 3079 5229 suppliciter
3111 5158 3376 5231 invitant,
3411 5166 3476 5217 ut
3504 5160 3576 5216 ad

1922 5243 2388 5301 subveniendum
2420 5244 2582 5317 genti
2638 5247 2981 5319 desperatas,
3022 5246 3232 5320 populo
3286 5247 3579 5322 pereunti,

1921 5332 2206 5390 honorem
2244 5338 2303 5392 et
2331 5334 2589 5407 glorium
2632 5335 2707 5392 ab
2756 5335 3126 5408 hominibus,
3159 5341 3216 5396 et
3271 5356 3305 5397 a
3333 5339 3581 5399 Domino

1923 5423 2159 5496 praemis
2191 5424 2488 5483 relaturus
2517 5432 2752 5497 aeterna,
2777 5426 2972 5484 venire
3004 5443 3122 5486 non
3154 5432 3435 5488 moretur.
3465 5429 3587 5489 Rex

1923 5518 2117 5574 autem
2148 5514 2469 5575 miserabili
2497 5517 2758 5594 regionis
2782 5515 2942 5576 illius
2975 5535 3113 5578 casu
3136 5521 3394 5595 cognito,
3437 5538 3589 5598 pro-
