3784 6000
1447 242 1879 308 EPISTOLAE.

3247 247 3365 310 ΗΟ

144 400 215 440 ιιι·
243 383 403 439 inter
434 385 752 454 utrumque
783 379 1074 446 discretio,
1107 382 1163 433 et
1191 377 1340 449 quod
1374 378 1607 436 virtutis
1638 381 1687 448 Α
1718 380 1976 452 gratuito
1998 379 2350 447 contulistis,
2374 379 2424 435 si
2448 393 2574 435 mea
2593 379 2763 451 signo
2788 380 3049 452 quolibet
3062 395 3126 436 se
3142 381 3365 438 redem-

137 472 345 543 rinque
378 471 686 538 reducens»,
720 469 870 540 quod
907 467 1030 522 vitii
1051 471 1142 522 est
1170 470 1398 537 separet
1417 482 1485 523 ac
1519 483 1609 522 re·-

137 600 145 620 .
182 575 253 616 ne
287 559 381 614 vel
412 557 791 614 sobrietatem
816 555 985 611 tollat
1005 554 1233 619 effusio,
1255 554 1343 611 vel
1368 554 1617 624 parcitas

137 651 313 721 loque
342 664 557 704 manus
577 646 884 703 contrahat
905 643 1233 701 affluentes.
1257 644 1317 700 Si
1337 643 1616 700 tamenin

137 744 228 795 tro
248 739 618 810 peccandum
645 745 748 805 est,
773 734 976 792 malim
1007 734 1192 790 facilis
1214 750 1390 806 quam
1414 732 1617 789 diffici-

137 829 387 899 imptior
400 826 718 899 aliquando
733 841 911 898 quam
930 823 1616 880 tardiorinveniri.Porro

137 916 334 972 >mina
384 932 517 988 quae
546 917 862 982 donantur,
892 929 1081 985 equus
1120 917 1208 969 est
1237 914 1292 968 id
1325 913 1479 984 quod
1510 911 1617 967 do-

137 1023 219 1063 tm
269 1005 544 1076 pluribus
596 1003 999 1061 occasionibus
1043 1003 1233 1058 reddit
1273 1002 1614 1067 obnoxium,

137 1096 166 1151 »i
200 1095 352 1167 quid
380 1111 415 1150 a
442 1094 616 1150 laude
649 1094 844 1149 minus
868 1097 977 1160 est,
1003 1092 1041 1148 ii
1064 1091 1281 1163 quibus
1304 1092 1479 1148 datur
1499 1094 1615 1147 sta-

137 1185 277 1258 ilpn
304 1184 607 1241 donatoris
628 1184 977 1253 attribuunt,
999 1182 1201 1253 reique
1222 1179 1608 1252 imperfectio·

136 1273 281 1331 lieet
310 1275 384 1330 de
412 1272 610 1344 inopia
638 1272 983 1344 quandoque
1006 1270 1326 1343 proveniat,
1350 1268 1618 1339 imperse-

151 1363 490 1422 voluntatis
509 1362 838 1418 ascribunt.
861 1360 923 1416 Si
945 1360 1151 1416 durius
1172 1358 1453 1426 ambulat,
1477 1373 1616 1415 con-

138 1453 241 1510 ·nis
253 1450 890 1523 arguuntdonatorem3
907 1464 1088 1521 seque
1102 1448 1280 1504 ruinae
1295 1447 1617 1503 destinatos

137 1541 356 1608 nannai
374 1556 478 1612 pes
494 1554 757 1610 unquam
772 1539 1076 1595 fortuitum
1091 1538 1370 1608 cespitem
1389 1540 1618 1592 retusus

138 1634 223 1687 at.
258 1631 326 1686 Si
351 1632 536 1685 durus
554 1634 660 1696 est,
686 1629 854 1683 aiunt
875 1627 1065 1698 ipsum
1087 1629 1156 1682 de
1180 1626 1355 1682 veteri
1378 1625 1619 1681 domino

1730 475 1888 542 ptam
1921 471 2151 525 devotio
2179 474 2575 540 recognoscat.
2601 470 2840 526 Interim
2867 471 2940 527 ad
2971 470 3237 528 eamdem
3270 487 3369 527 ex·

1727 560 2067 630 perientiam
2089 560 2145 615 in
2166 560 2324 615 omni
2350 576 2573 631 semper
2591 561 3027 632 opportunitate
3046 571 3371 632 convertor,

1727 652 1921 704 certus
1951 649 2102 719 quod
2122 650 2274 720 apud
2299 647 2698 704 excellentiam
2724 657 2969 705 vestram
2996 652 3210 709 veritas
3231 652 3348 709 ami

1726 738 1875 794 citiae
1909 754 2010 795 nec
2041 738 2330 794 defectum
2367 738 2506 810 pati,
2538 753 2640 793 nec
2667 737 2920 809 aliquam
2952 744 3145 810 potest
3174 742 3374 798 incur·

1727 844 1851 885 rere
1870 832 2254 884 senectutem.
2280 826 2421 882 Inde
2442 835 2525 882 est
2542 826 2697 898 quod
2720 828 3067 899 magistrum
3086 828 3177 895 G„
3196 846 3370 902 quem

1725 917 1796 972 ad
1828 917 2132 973 dominum
2170 931 2377 988 papam
2406 932 2508 987 pro
2534 915 2890 987 quibusdam
2912 917 3161 989 negotiis
3181 917 3370 988 mitto,

1727 1022 1931 1078 precor
1952 1004 2235 1061 attentius
2257 1008 2320 1060 ut
2343 1004 2550 1060 habeat
2579 1012 2769 1060 vestra
2793 1005 3192 1063 benevolentia
3223 1022 3376 1064 com·

1727 1094 2091 1164 mendatum,
2134 1098 2198 1149 ut
2241 1099 2358 1149 tam
2410 1092 2656 1149 consilio
2711 1097 2899 1150 vestro
2940 1094 3144 1150 doctus
3194 1111 3372 1166 quam

1725 1184 1911 1240 fretus
1939 1183 2178 1252 auxilio,
2211 1186 2471 1255 optatum
2502 1182 2560 1236 in
2596 1182 2841 1254 negotiis
2870 1198 3000 1255 quae
3030 1185 3224 1255 portat
3251 1199 3375 1241 me-

1725 1276 1918 1329 reatur
1955 1271 2244 1330 effectum.

2404 1360 2695 1418 LXXXlV.

1921 1469 1996 1509 An
2036 1467 2278 1508 asoa-ms
2316 1467 2623 1508 assarum
2661 1467 2729 1507 m·
2764 1467 3177 1510 raxonwmcu.

1803 1545 2143 1601 Mandatum
2186 1552 2384 1599 vestrae
2431 1541 2808 1598 sublimitatis
2858 1543 3074 1614 accepi,
3129 1547 3193 1598 ut
3250 1541 3377 1600 Ric.

1730 1634 1941 1692 Urselli
1977 1650 2154 1706 prope
2184 1634 2334 1690 diem
2359 1633 2674 1689 Dominicoe
2694 1630 3166 1689 circumcisionis
3187 1635 3380 1689 vestro

137 1738 204 1778 ΒΘ
232 1719 552 1786 ἅῦΐὶῑῑῑῐῠ,
584 1718 687 1790 qui
717 1717 936 1774 ⁸¹1¹i⁰⁰8
971 1716 1208 1784 Segnius
1245 1715 1449 1771 fludire
1479 1728 1618 1770 ⁰0¹1·
1655 1760 1698 1824 B
1731 1725 2140 1780 submoverem
2183 1722 2518 1793 conspectui
2552 1721 2914 1793 praesentari,
2963 1735 3378 1789 responsurum

137 1810 226 1881 rit,
259 1824 451 1880 quam
482 1824 672 1879 equus
702 1806 1028 1864 calcaribus
1050 1806 1304 1860 obedire.
1329 1804 1386 1858 Si
1421 1802 1616 1859 minus

137 1899 240 1955 itis
270 1898 503 1968 forino,
530 1897 579 1953 si
615 1897 813 1952 minus
840 1895 1055 1951 habeat
1083 1893 1429 1959 venustatis,
1466 1909 1622 1948 ass:-

138 2004 235 2045 em
258 1987 579 2044 informem
601 1987 716 2056 (51)
739 2002 849 2041 non
872 1984 1016 2041 satis
1039 1984 1308 2058 dignitati
1328 1985 1628 2039 donatoris

137 2076 376 2134 ›natat-ii
407 2075 733 2132 convenire.
769 2078 995 2132 Interea
1039 2075 1087 2130 si
1117 2074 1255 2146 quid
1295 2074 1628 2144 imprecan-

137 2175 232 2237 ιι,
263 2183 388 2222 non
423 2181 598 2237 equo,
622 2167 721 2221 sed
746 2163 967 2221 auctori
991 2163 1184 2235 potius
1206 2164 1624 2233 imprecantur,

137 2262 171 2313 ιι
185 2254 498 2314 scandalis
519 2255 793 2324 injuriam
819 2253 1005 2327 magis
1024 2252 1317 2323 irrogasse
1338 2251 1627 2320 videatur,

161 2344 519 2402 beneficium
550 2342 891 2399 contulisse.
917 2340 1112 2399 Palam
1135 2356 1281 2407 esse,
1318 2340 1471 2395 nolle
1490 2352 1626 2394 eum

137 2434 457 2506 [uidquam
490 2431 735 2488 ulterius
786 2431 1106 2503 implorari,
1145 2431 1244 2503 qui
1294 2430 1351 2484 id
1402 2429 1628 2486 dederit

140 2538 400 2595 negasse
420 2520 611 2577 satius
630 2521 834 2586 suerat,
852 2537 1026 2591 quam
1047 2519 1321 2590 adjuncto
1344 2517 1631 2574 maleficio

137 2613 342 2669 itisee.
374 2611 611 2666 Certum
634 2615 720 2665 est
738 2609 914 2665 etiam
944 2608 1222 2680 quosdam
1249 2624 1364 2664 non
1395 2611 1627 2663 tantum

137 2701 458 2768 oniatores,
482 2699 580 2755 sed
611 2700 866 2766 ingratos
886 2699 1063 2754 etiam
1091 2698 1353 2765 inveniri,
1380 2697 1522 2753 falsa
1550 2697 1629 2753 rei

137 2796 196 2846 tn
218 2790 367 2846 vitia
384 2788 814 2858 confingentes,
830 2792 893 2842 ut
911 2786 1074 2843 omni
1094 2785 1412 2858 gratiarum
1437 2783 1631 2840 debito

138 2887 275 2935 ntur
307 2877 561 2935 absolvi.
593 2876 874 2948 Quisquis
897 2881 1090 2932 tamen
1113 2875 1345 2947 accipit,
1378 2874 1500 2945 ipsa
1523 2876 1633 2929 sta·

138 2967 490 3039 usceptione
510 2965 778 3022 redditur
801 2964 1115 3038 obligatus,
1137 2967 1195 3020 et
1223 2964 1272 3020 si
1296 2978 1474 3037 penes
1498 2977 1632 3018 eum

141 3062 323 3115 onata
352 3055 660 3125 resederit,
694 3054 967 3129 alleganti
997 3054 1134 3110 vitia
1165 3052 1311 3110 ratio
1343 3052 1511 3125 quasi
1542 3066 1635 3107 cu-

1735 1814 1877 1869 Rob.
1910 1813 2143 1869 cuidam
2177 1828 2355 1883 super
2382 1808 2640 1866 Ecclesia
2671 1808 2741 1866 de
2785 1808 3164 1872 cormorlem,
3199 1823 3379 1881 quam

1737 1902 1831 1958 ille
1865 1901 1979 1958 sibi
2009 1903 2150 1957 dicit
2181 1899 2437 1971 legitime
2470 1900 2773 1970 pertinere.
2816 1898 2945 1956 Feci
2987 1899 3183 1970 itaque
3222 1899 3379 1969 quod

1738 1991 2084 2052 mandastis.
2129 1991 2269 2061 quia
2301 1988 2664 2060 propositum
2698 2004 2890 2044 meum
2936 1997 3024 2044 est
3057 2003 3185 2043 cum
3219 1985 3383 2042 omni

1738 2081 1816 2137 hu
1827 2080 2069 2138 militate
2090 2084 2147 2134 et
2167 2078 2466 2151 diligentia
2484 2078 2689 2135 vestris
2713 2092 2813 2148 per
2832 2077 3031 2132 omnia
3053 2075 3383 2148 praeceptio-

1737 2170 1916 2226 nibus
1947 2168 2206 2226 obedire.
2250 2167 2306 2223 Is
2335 2183 2466 2223 vero
2494 2166 2588 2237 qui
2622 2171 2878 2233 vocatur,
2910 2164 2983 2220 de
3014 2163 3195 2220 nimia
3227 2173 3376 2220 tem-

1737 2259 1895 2332 poris
1928 2257 2206 2331 assignati
2229 2255 2513 2312 brevitate
2536 2254 2934 2326 conqueritur,
2954 2253 3093 2326 quia
3123 2263 3238 2310 tam
3265 2268 3389 2310 mo·

1736 2349 1866 2405 dico
1890 2352 2005 2404 tem
2016 2363 2149 2418 pore
2173 2362 2283 2401 non
2308 2345 2520 2417 poterit
2537 2343 3386 2400 necessariaminstructionem

1738 2453 1869 2494 cum
1921 2436 2106 2493 multo
2177 2435 2373 2491 labore
2418 2438 2477 2491 et
2542 2434 2791 2504 plurimo
2841 2432 3017 2488 etiam
3080 2430 3388 2503 dispendio

1742 2541 2104 2598 comparare.
2137 2523 2436 2594 Siquidem
2470 2522 2645 2578 homo
2695 2519 2888 2593 gravis
2924 2527 3032 2584 est,
3063 2524 3124 2576 et
3159 2521 3389 2592 oportet

1740 2634 1873 2694 cum
1907 2617 1979 2674 de
2009 2615 2246 2672 remotis
2276 2618 2336 2670 et
2362 2613 2642 2684 dispersis
2674 2611 2816 2667 locis
2859 2608 3129 2667 subsidia
3170 2613 3386 2681 petere,

1739 2716 1795 2763 et
1826 2705 2202 2779 postmodum
2235 2705 2305 2758 ad
2330 2719 2426 2758 vos
2445 2702 2504 2757 in
2526 2701 2702 2757 aliam
2728 2701 2977 2755 transire
2999 2699 3383 2770 provinciam,

1741 2811 1868 2852 cum
1903 2795 1953 2852 ei
1983 2796 2056 2849 ad
2103 2793 2504 2849 omnimodam
2543 2792 3022 2862 praeparationem
3054 2803 3171 2844 non
3218 2786 3392 2843 ruerit

1743 2883 2002 2958 spatium
2034 2898 2104 2936 xv
2135 2881 2360 2936 dierum
2390 2877 2711 2933 indultum.
2742 2875 2902 2940 Quod
2936 2889 3077 2931 sane
3098 2873 3170 2929 ab
3193 2873 3389 2930 adver·

1743 2973 1900 3031 sario
1928 2986 2035 3029 suo
2064 2968 2276 3027 callide
2309 2970 2468 3040 patet
2489 2979 2618 3023 esse
2639 2964 2977 3038 quaesitum,
3000 2960 3138 3035 quia
3168 2960 3389 3018 nullam

1749 3062 2017 3132 concepit
2034 3060 2106 3116 de
2116 3058 2351 3129 justitia
2371 3065 2427 3112 et
2448 3056 2688 3112 veritate
2711 3052 3010 3120 fiduciam,
3037 3052 3132 3108 sed
3161 3052 3391 3122 propter

137 3161 215 3202 tm
241 3143 530 3217 legitima
563 3143 1017 3216 praeuoriptionifl
1040 3142 1313 3199 occurrit·
1336 3141 1638 3214 Siquidem
1668 3129 1713 3196 C
1751 3149 2155 3224 impotentiam
2177 3162 2438 3220 personne
2456 3147 2654 3217 sperat
2671 3143 2894 3216 aliquid
2914 3139 3320 3199 vexationibus
3336 3141 3395 3196 et

138 3236 244 3293 bus
276 3236 520 3292 donatis
553 3251 657 3292 nec
687 3239 906 3307 quanto
938 3236 1204 3302 minoris,
1240 3250 1345 3290 nec
1374 3233 1636 3291 redhibi-

150 3325 349 3382 looum
399 3324 601 3395 habet,
641 3325 740 3380 sed
772 3339 1003 3380 omnem
1047 3323 1333 3381 actionem
1375 3325 1635 3396 exceptio

137 3420 315 3474 tanea
346 3414 718 3472 liberalitatis
748 3414 932 3470 elidit.
982 3416 1147 3481 Quod
1178 3416 1229 3470 si
1271 3414 1460 3470 aliena
1489 3413 1635 3471 bene

138 3507 348 3561 :atibus
366 3504 562 3577 gratia
582 3520 695 3559 non
720 3503 1047 3575 respondet,
1072 3518 1294 3559 merces
1315 3510 1505 3559 tamen
1525 3518 1637 3559 sua

143 3593 181 3648 ti
197 3610 317 3650 non
336 3592 543 3659 deerit,
566 3608 692 3663 quae
710 3592 903 3663 potius
921 3592 1212 3649 interioris
1229 3593 1452 3647 fructus
1475 3591 1636 3647 lucra

137 3683 388 3748 idemus,
412 3681 559 3738 satis
581 3681 755 3736 habet
776 3680 1122 3753 simpliciter
1142 3681 1292 3753 apud
1312 3696 1376 3736 se
1393 3682 1464 3737 de
1485 3680 1638 3737 bono

141 3769 558 3828 sconscientiae
572 3770 902 3827 testimonio
912 3772 1173 3843 gloriari.
1193 3770 1310 3828 Nec
1325 3773 1480 3827 enim
1503 3772 1642 3827 sub-

161 3866 252 3917 est
282 3865 539 3916 exterum
568 3859 970 3931 dispositionis
1010 3859 1268 3927 arbitrio,
1302 3860 1402 3916 sed
1433 3861 1490 3915 in
1535 3875 1643 3916 sua

138 3951 236 4008 riae
259 3949 540 4022 puritatis
562 3949 865 4019 majestate
886 3950 1230 4017 consistens,
1255 3950 1327 4005 ab
1348 3949 1644 4022 indignio-

137 4056 148 4095 ι
177 4040 428 4111 premia
458 4052 572 4095 non
604 4038 884 4110 inquirit:
916 4040 997 4095 ita
1036 4046 1230 4096 tamen
1258 4044 1323 4095 ut
1355 4055 1544 4111 neque
1573 4053 1642 4095 ex

138 4136 353 4188 ‚oneste
384 4128 791 4201 provenientia
822 4137 1077 4201 respuat,
1108 4146 1214 4186 nec
1231 4146 1335 4202 pro
1357 4128 1642 4186 desiderio

137 4234 187 4275 m
214 4218 310 4275 vel
345 4233 454 4273 usu
487 4218 541 4273 si
571 4233 690 4289 qua
729 4218 890 4274 novit
919 4219 1143 4289 potiora
1170 4218 1447 4274 dimittat.
1478 4217 1642 4284 Quod

137 4322 253 4364 :em
280 4308 515 4363 tructus
545 4306 720 4363 trahit
743 4307 1011 4377 exterior,
1030 4308 1103 4374 is,
1136 4307 1288 4363 sicut
1309 4308 1391 4363 ait
1412 4306 1645 4377 sapiens

146 4413 262 4455 non
293 4401 494 4469 potest
515 4394 628 4451 nisi
654 4395 910 4453 similem
942 4396 1193 4453 materiae
1243 4412 1479 4470 sperare
1515 4412 1645 4453 sen·

1745 3240 2139 3298 transactione
2159 3235 2419 3309 qualibet
2433 3240 2798 3305 extorquere.
2819 3233 2995 3289 Porro
3020 3227 3275 3287 Ecclesia
3296 3227 3394 3284 illa

1745 3333 1804 3388 in
1835 3331 2167 3405 episcopatu
2200 3325 2501 3385 Baiocensi
2529 3324 2851 3382 constituta
2870 3328 2980 3393 est,
3005 3336 3195 3394 neque
3214 3334 3396 3376 causa

1746 3422 1865 3478 ullo
1893 3425 2158 3491 tempore
2187 3418 2259 3474 ad
2290 3414 2547 3488 episcopi
2578 3415 2666 3470 sui
2692 3412 2956 3484 prevonit
2976 3424 3255 3478 exameu;
3287 3407 3394 3465 sed

1747 3510 1822 3565 ile
1851 3508 2113 3580 quesitis
2144 3506 2217 3562 ab
2248 3502 2565 3575 apostolica
2594 3502 2732 3559 sede
2760 3501 2990 3568 litteris,
3022 3499 3157 3571 quia
3174 3496 3257 3553 rei
3295 3512 3391 3553 ve-

1748 3598 1885 3654 ritas
1908 3598 1967 3653 in
1989 3595 2232 3652 ecclesia
2249 3592 2548 3648 Baiocensi
2571 3590 2803 3662 publice
2826 3593 2963 3645 nota
2984 3591 3126 3653 erat,
3151 3598 3392 3643 oausam

1749 3688 1820 3743 ad
1853 3685 2103 3744 alienum
2136 3682 2360 3740 scilicet
2401 3685 2458 3737 et
2487 3680 2560 3736 ad
2600 3680 3016 3735 Abrincensem
3058 3672 3392 3731 transduxit

1748 3778 2114 3848 episcopum,
2137 3777 2203 3828 ut
2221 3773 2299 3828 ibi
2320 3772 2515 3827 liceret
2535 3769 2587 3825 ei
2610 3767 2900 3839 quidquid
2921 3764 3089 3821 vellet
3112 3761 3392 3819 audacius

1748 3865 2062 3920 affirmare.
2078 3861 2294 3917 Verum
2312 3857 2588 3915 dominus
2601 3853 3002 3921 Abrincensis,
3018 3852 3103 3909 vir
3114 3866 3256 3907 sane
3272 3847 3401 3905 reli·

1749 3955 1953 4026 giosus
1999 3962 2057 4007 et
2101 3950 2380 4023 prudenS,
2429 3946 2673 4002 veritate
2717 3942 3056 4015 diligentius
3099 3937 3395 4012 inquisite,

1750 4042 2015 4113 cognovit
2046 4040 2169 4095 Ric.
2207 4037 2336 4109 plus
2380 4052 2493 4091 xxx
2537 4034 2705 4090 annis
2747 4032 3018 4090 continue
3047 4030 3401 4103 possedisse,

1751 4137 1808 4189 et
1838 4148 1938 4204 per
1964 4130 2210 4185 vicarias
2242 4143 2478 4200 semper
2500 4123 2822 4180 deservisse
2844 4136 3143 4196 personas,
3178 4134 3402 4191 suoque

1743 4223 1880 4294 jure
1912 4218 2195 4277 beneficia
2222 4215 2570 4289 percepisse.
2594 4212 2867 4270 Constitit
2884 4212 3059 4268 etiam
3084 4210 3401 4267 Roberturn

1753 4327 1881 4367 esse
1915 4308 2101 4366 filium
2132 4306 2473 4374 sacerdotis,
2514 4320 2687 4378 quem
2721 4307 2941 4359 certum
2982 4302 3108 4358 erat
3136 4299 3400 4370 ejusdem

1754 4400 1975 4457 eclesiae
2003 4398 2284 4456 vicarium
2317 4397 2629 4462 exstitisse,
2676 4399 2850 4466 atque
2887 4391 3079 4461 ipsum
3111 4389 3248 4445 inde
3290 4388 3403 4449 sibi

137 4489 265 4557 iam,
296 4484 582 4558 quoniam
605 4485 857 4543 fortuitis
884 4486 1146 4544 intentus
1167 4503 1282 4543 non
1308 4486 1419 4544 nisi
1443 4487 1646 4544 fortui·
1676 4496 1725 4561 1)
1754 4491 1828 4546 ad
1850 4488 2189 4563 petitionem
2217 4485 2607 4559 possessionis
2621 4481 2844 4539 fraudis
2857 4492 3218 4553 praeparasse
3230 4479 3404 4532 mate·

137 4575 458 4650 ixperietur
484 4581 746 4631 eventus.

672 4664 969 4723 LXXXIII.

137 4774 151 4812 ι
176 4770 463 4816 nomana
491 4770 850 4812 wintanum
880 4770 952 4813 us
981 4773 1144 4813 paru
1172 4773 1558 4814 mammam.

137 4851 364 4905 tantam
398 4844 543 4900 mihi
574 4845 823 4918 gratiam
854 4846 914 4902 in
944 4845 1127 4903 oculis
1156 4848 1367 4904 vestris
1398 4848 1470 4903 ab
1502 4847 1645 4904 anti·

138 4938 378 4995 bonitas
410 4934 609 4992 divina
640 4933 971 5006 contulerit,
1004 4936 1260 5009 praestita
1287 4935 1648 5008 frequentius

141 5026 280 5085 ficia
305 5024 791 5097 comprobarunt.
825 5025 893 5081 Et
917 5040 1020 5097 ego
1052 5026 1286 5097 quidem
1309 5030 1426 5082 toto
1449 5025 1648 5082 animo

137 5133 197 5173 ss
223 5114 455 5181 exstiti,
503 5114 606 5170 sed
642 5114 1004 5185 maJestatem
1051 5114 1402 5185 dignationis
1449 5122 1649 5172 vestras

138 5206 334 5279 potuit
363 5202 550 5261 debiti
571 5204 763 5276 operis
782 5204 1061 5261 exhibitio
1092 5220 1487 5274 compensare.
1514 5204 1651 5259 Feli·

144 5301 345 5353 tamen
380 5310 501 5362 me,
528 5292 793 5366 inquam,
825 5295 875 5350 si
907 5310 1161 5365 unquam
1197 5294 1458 5351 inveniar
1488 5310 1651 5351 aece-

1758 4581 1929 4649 riam‚
1961 4579 2114 4651 quod
2148 4576 2227 4633 ibi
2262 4592 2388 4648 quae
2432 4578 2657 4647 patrem
2690 4586 2863 4629 suum
2897 4585 3001 4641 pro
3031 4564 3403 4624 exsecutione

1756 4668 2105 4741 parochialis
2134 4666 2311 4723 oflicii
2340 4662 2769 4735 contingebant,
2792 4657 3110 4729 aliquando
3131 4667 3403 4726 percepe-

1757 4765 1865 4828 rat,
1888 4763 1945 4815 et
1978 4766 2093 4814 tam
2129 4755 2252 4814 suis
2293 4770 2469 4826 quam
2523 4750 2727 4808 matris
2757 4752 2814 4803 et
2858 4744 3095 4816 reliquas
3147 4745 3404 4813 paternae

1758 4847 1993 4906 familias
2014 4842 2460 4902 necessitatibus
2480 4837 2873 4910 impendebat.
2898 4829 3400 4905 Repulsusigitur,

1758 4943 1814 4995 et
1845 4936 2089 4994 Ricardo
2119 4933 2293 5005 litigii
2344 4931 2539 5003 quiete
2569 4940 2869 4992 concessa,
2921 4922 2992 4978 ad
3042 4918 3403 4977 audientiam

1760 5025 2007 5085 Romani
2039 5022 2414 5094 pontificisad
2446 5017 2742 5075 Kalendas
2774 5015 3120 5072 Februarias
3149 5011 3407 5087 appella·

1760 5118 1858 5175 vit.
1891 5114 2046 5173 Misit
2074 5113 2206 5181 iste,
2237 5114 2295 5166 et
2334 5122 2680 5182 responsum
2724 5104 3054 5176 apostolica!
3086 5101 3409 5174 maJestatis

1760 5208 2078 5280 exspectat,
2101 5217 2339 5276 sperans
2358 5198 2514 5270 quod
2537 5197 2608 5253 de
2628 5197 2888 5253 mandato
2928 5196 3057 5266 eJus
3080 5210 3113 5248 a
3137 5191 3408 5264 religioso

1761 5298 2033 5371 episcopo
2080 5303 2196 5349 tam
2242 5294 2442 5347 sancte
2480 5289 2699 5344 iactum
2750 5290 2858 5354 est,
2901 5285 3086 5356 ipsius
3130 5282 3410 5338 nimirum

137 5401 153 5442 ε
182 5402 297 5444 non
330 5385 569 5456 ingrate
600 5382 756 5454 quod
789 5399 891 5441 vos
912 5387 1075 5442 tanta
1105 5400 1338 5456 semper
1359 5384 1654 5440 hilaritate
1764 5384 2110 5444 auctoritate
2128 5380 2498 5437 firmandum.
2519 5380 2714 5448 Neque
2745 5374 2901 5431 enim
2935 5370 3167 5443 expedit
3186 5368 3412 5442 provin·

138 5567 185 5636 l)
210 5564 272 5622 Β.
281 5605 298 5636 ,
322 5566 592 5639 formem·
