3784 6000
198 242 314 305 687

1267 237 1688 303 GUlLLELMI
1730 232 2117 297 TYRENSIS
2163 236 2524 299 ARcfflEP.

3477 236 3596 299 688

196 379 348 436 unde
377 376 489 434 sibi
521 373 920 432 cumulaverat
965 372 1219 431 divitatis
1267 376 1325 430 et
1354 372 1841 445 multiplicaverat
1870 370 1924 436 Α
1954 373 2090 441 gata
2116 375 2336 443 quanta
2392 371 2580 442 potuit
2627 368 2856 434 militia,
2904 369 3246 442 praedictum
3285 370 3605 429 Manassen

192 466 616 537 possessiones.
644 467 853 519 Eorum
886 464 1081 517 autem
1113 460 1211 533 qui
1246 462 1579 533 praedictum
1611 462 1840 515 Manas-

193 570 297 610 sen
329 553 461 610 odio
509 551 1032 624 prosequebantur,
1084 550 1313 622 primus
1362 554 1488 607 erat
1543 554 1601 605 et
1630 548 1838 606 affectu

189 647 250 699 et
304 658 475 715 opere
521 657 619 696 rex
649 640 809 711 ipse:
862 655 1128 696 asserens
1177 639 1332 711 quod
1388 640 1440 695 ei
1485 640 1684 695 matris
1726 652 1843 692 suas

188 730 557 788 subtraheret
602 729 851 801 gratiam
899 732 956 784 et
1003 728 1460 785 munificentiam
1511 726 1838 800 impediret.

186 820 448 877 Habebat
481 822 677 876 autem
710 835 886 890 super
917 817 1117 877 eodem
1151 820 1301 875 facto
1333 818 1615 891 plurimos
1638 819 1839 874 incen-

190 912 363 976 tores,
453 908 721 965 odiorum
797 907 1058 963 fomitem
1137 907 1560 973 ministrantes,
1627 905 1840 976 quibus

190 997 449 1070 praedicti
479 997 583 1053 viri
619 996 808 1052 invisa
837 1000 960 1053 erat
990 997 1248 1069 potentia
1293 1001 1349 1053 et
1401 996 1646 1052 molesta
1665 994 1841 1050 nimis

190 1086 529 1146 dominatio.
564 1086 633 1140 Hi
719 1085 1017 1142 dominum
1085 1103 1279 1158 regem
1341 1084 1740 1158 impellebant,
1773 1096 1840 1148 ut

189 1175 368 1234 etiam
403 1179 650 1232 matrem
680 1193 711 1231 a
741 1176 905 1248 regni
954 1181 1247 1232 amoveret
1278 1180 1588 1248 potestate,
1612 1175 1840 1231 dicente

190 1280 323 1322 eum
363 1266 486 1337 jam
511 1265 580 1321 ad
614 1265 875 1321 adultam
900 1264 1233 1336 pervenisse
1262 1270 1508 1333 aetatem,
1541 1262 1842 1335 indignum

142 1394 147 1399 -
188 1368 318 1411 esse
348 1358 415 1410 ut
445 1351 693 1410 femineo
738 1357 1038 1426 regeretur
1079 1353 1343 1422 arbitrio,
1376 1358 1435 1409 et
1491 1352 1652 1424 regni
1713 1367 1842 1423 pro·

186 1442 302 1514 prii
332 1458 531 1499 curam
563 1441 816 1513 aliquam
851 1442 960 1498 sibi
987 1443 1376 1498 committeret
1402 1442 1838 1497 moderandam.

194 1530 415 1587 Eorum
439 1531 618 1605 igitur
647 1538 701 1587 et
755 1530 1034 1588 similium
1074 1547 1173 1587 rex
1197 1532 1377 1588 fretus
1408 1530 1674 1598 consilio,
1699 1546 1840 1601 pro-

188 1624 488 1692 posuerat,
523 1621 578 1675 in
614 1620 707 1676 die
755 1620 896 1677 festo
944 1619 1181 1676 Paschae
1218 1619 1629 1692 Hierosolymis
1650 1618 1839 1676 solen·

186 1708 343 1765 niter
370 1709 669 1778 coronari;
697 1709 1098 1782 quusgloriae‚
1117 1725 1250 1767 cum
1282 1726 1316 1765 a
1337 1709 1571 1766 domino
1595 1708 1845 1780 patriar·
1877 1728 1928 1796 Β

185 1796 297 1854 cha
321 1803 378 1854 et
405 1814 440 1855 a
470 1797 610 1854 viris
641 1798 1026 1871 prudentibus
1058 1799 1158 1870 qui
1208 1815 1410 1871 pacem
1440 1798 1602 1870 regni
1634 1797 1833 1867 dilige·

182 1884 345 1956 bant,
378 1888 662 1943 instanter
718 1894 1043 1959 rogaretur,
1085 1893 1152 1944 ut
1207 1893 1454 1945 matrem
1497 1886 1831 1959 participem

183 1976 415 2045 iaceret,
446 1975 678 2031 distulit
736 1976 1141 2046 praedictorum
1192 1977 1457 2043 consilio,
1489 1992 1561 2032 ne
1588 1978 1829 2032 matrem

179 2063 420 2121 haberet
475 2070 824 2133 consortem,
849 2063 947 2131 illa
1001 2065 1096 2121 die
1153 2082 1264 2135 qua
1333 2069 1710 2137 proposuerat
1735 2080 1749 2130 ;
1779 2071 1832 2119 et

180 2153 444 2225 sequenti
476 2155 568 2210 die
598 2152 814 2220 subito,
842 2158 1027 2211 matre
1057 2170 1170 2210 non
1202 2153 1499 2220 vocata‚in
1532 2150 1830 2225 publicum

180 2242 464 2315 processit
497 2240 818 2299 laureatus.

787 2347 1019 2405 CAPUT
1050 2347 1205 2405 XIV.

181 2453 428 2525 Regnum
482 2454 629 2510 inter
682 2469 738 2509 se
793 2453 1046 2509 dividunt
1081 2452 1245 2523 filius
1273 2458 1327 2508 et
1347 2454 1539 2508 maier.
1574 2455 1683 2510 Rex
1707 2453 1831 2509 Hie-

250 2527 587 2598 rosolymam
616 2525 928 2595 inqreditar
950 2525 1238 2591 violenter,
1269 2531 1323 2579 ct
1351 2531 1589 2580 matrem
1614 2528 1670 2579 in
1701 2543 1827 2581 arce

255 2597 468 2651 obsidet
526 2597 787 2653 Dauidica
809 2613 831 2658 ‚·
863 2596 1082 2653 tandem
1118 2612 1234 2668 pax
1261 2613 1387 2654 cum
1416 2596 1830 2667 tranquillitate

176 2674 185 2681 ‘
257 2670 616 2737 reformatur.

252 2774 613 2830 Transcursa
661 2775 842 2847 igitur
897 2773 994 2830 illa
1068 2773 1458 2843 solemnitate,
1518 2782 1826 2832 convocato

178 2877 486 2934 procerum
516 2867 991 2935 coetu,praesente
1011 2863 1187 2918 etiam
1222 2864 1392 2919 lvone
1423 2863 1824 2920 suessionensi

179 2951 389 3010 comite
418 2959 472 3009 et
500 2953 729 3010 Galtero
778 2952 1097 3010 castellano
1130 2952 1328 3009 Sancti
1353 2953 1669 3021 Aldemari,
1702 2969 1825 3009 ma·

175 3045 325 3099 trem
348 3042 642 3111 convenit,
664 3049 721 3098 et
752 3047 815 3099 ut
845 3058 1090 3114 regnum
1125 3057 1322 3097 secum
1361 3041 1578 3097 dividat
1601 3043 1827 3098 instan-

178 3135 270 3187 ter
296 3132 495 3203 exigit,
526 3136 585 3186 et
611 3132 775 3187 avitae
807 3132 919 3188 sibi
946 3131 1205 3202 postulat
1235 3130 1585 3186 baereditatis
1618 3133 1831 3202 portio-
1867 3095 1911 3163 C

176 3234 308 3276 nem
343 3220 653 3291 assignari.
689 3220 949 3275 Tandem
973 3225 1106 3293 post
1134 3219 1352 3276 multos
1385 3218 1521 3275 binc
1552 3219 1687 3275 inde
1716 3221 1828 3277 ha-

176 3309 333 3366 bitos
385 3309 824 3366 deliberationis
866 3315 1175 3377 tractatus,
1227 3310 1411 3366 divisa
1474 3309 1825 3381 haereditate,

178 3398 416 3455 domino
474 3398 596 3470 regi
653 3399 888 3471 optione
937 3400 1094 3465 data,
1126 3399 1447 3471 assumpsit
1469 3399 1580 3455 sibi
1604 3400 1660 3455 in
1695 3416 1827 3471 par-

179 3495 292 3544 tem
337 3489 646 3560 Tyrensem
705 3494 763 3544 et
821 3494 1239 3556 Acconensem‚
1268 3504 1399 3544 cum
1459 3489 1826 3561 pertinentiis

176 3577 325 3644 suis,
383 3578 557 3635 urbes
606 3578 936 3635 maritimas
964 3596 985 3634 .·
1040 3578 1258 3635 relictis
1318 3577 1565 3634 dominae
1614 3580 1825 3651 reginas

172 3666 578 3739 Hierosolyma
605 3671 662 3723 et
690 3666 952 3738 Neapoli,
976 3683 1109 3724 cum
1142 3669 1265 3723 suis
1287 3667 1494 3724 iterum
1530 3668 1826 3739 pertinen-

176 3754 292 3809 tiis.
324 3754 536 3828 Sicque
566 3755 737 3812 divisi
760 3760 902 3811 sunt
918 3757 990 3812 ab
1013 3755 1284 3825 invicem,
1317 3760 1585 3827 sperante
1613 3753 1826 3828 populo

175 3859 292 3917 quo
359 3861 463 3917 pro
522 3844 676 3902 bono
739 3845 898 3917 pacis
956 3845 1322 3902 tolerandum
1381 3852 1536 3901 esset
1567 3847 1721 3918 quod
1744 3846 1825 3902 sic

173 3934 511 3992 ordinatum
571 3935 759 3990 fuerat
790 3951 806 3989 ε
832 3935 987 4007 quod
1042 3943 1285 4006 uterque
1341 3940 1652 3991 contentus
1701 3951 1826 3993 esse

173 4023 408 4080 deberet
440 4039 567 4089 sua,
612 4037 739 4092 quae
803 4035 938 4076 eum
991 4026 1337 4092 contigerat,
1398 4026 1678 4092 portione.
1724 4025 1825 4081 Per

171 4111 408 4167 eosdem
438 4110 638 4182 itaque
667 4110 790 4164 dies
813 4108 1089 4166 dominus
1111 4126 1204 4167 rex
1238 4109 1490 4166 nobilem
1523 4113 1827 4183 quemdam

172 4203 231 4255 et
259 4199 635 4270 magnificum
667 4198 856 4253 virum
888 4196 1190 4254 dominum
1235 4199 1588 4257 Henfredum
1611 4204 1678 4258 de
1709 4205 1821 4259 To-

173 4301 341 4352 rono,
371 4286 463 4341 cui
507 4302 725 4356 magnae
783 4289 840 4340 ct
895 4285 1104 4358 amplas
1151 4289 1547 4358 possessiones
1568 4296 1733 4348 erant
1764 4293 1822 4348 in

173 4372 469 4439 Phoenice,
501 4373 561 4428 in
594 4371 888 4428 montibus
919 4374 1020 4444 qui
1044 4374 1287 4446 Tyrensi
1305 4377 1573 4447 adjacent
1604 4385 1825 4436 metro-

1953 459 2012 514 in
2038 461 2278 518 castello
2309 461 2563 533 quodam
2596 460 2744 531 ojus,
2778 460 2872 516 cui
2906 475 3117 516 nomen
3149 461 3411 531 Mirabel,
3441 462 3608 520 obsi·

1951 548 2049 605 det
2078 564 2329 621 eumque
2384 551 2457 606 ad
2517 549 2872 605 deditionem
2910 548 3289 622 compellens,
3351 566 3608 623 regnum

1950 642 2008 693 et
2035 655 2267 696 omnem
2307 638 2685 696 cismarinam
2744 639 3040 711 regionem
3072 639 3344 709 abjurare
3367 638 3559 713 coegit
3591 657 3608 696 ε

1950 716 2086 784 inde
2116 733 2396 801 occupata
2425 727 2686 799 Neapoli,
2718 731 2966 785 matrem
3016 744 3368 801 persequens
3404 727 3615 786 Hiero-

1950 816 2232 888 solymam
2258 816 2661 888 proflciscitur.
2694 816 3072 873 Recesserant
3093 826 3286 873 autem
3311 833 3346 874 a
3365 817 3611 874 domina

1950 906 2171 978 regnis,
2188 907 2657 977 juramentorum
2726 909 2783 961 et
2843 904 3138 962 fidelitatis
3199 906 3605 987 immemores,

1951 994 2190 1065 quidam
2222 1011 2290 1052 ex
2322 994 2394 1050 iis
2425 992 2524 1063 qui
2555 993 2707 1049 infra
2737 996 2949 1049 sortem
2981 993 3109 1064 eius
3142 993 3438 1050 habebant
3466 1010 3607 1066 pos-

1948 1085 2257 1152 sessiones,
2281 1088 2339 1140 et
2386 1083 2436 1141 ei
2495 1083 2604 1138 tide
2644 1083 2836 1139 media
2886 1086 3052 1138 erant
3102 1081 3364 1154 obligati.
3419 1085 3606 1141 Pauci

1948 1188 2082 1230 vero
2104 1172 2154 1229 ei
2187 1173 2566 1243 adhaerentes,
2599 1171 2757 1228 difiei
2786 1177 3157 1229 servaverant
3176 1172 3604 1243 integritatem,

1949 1260 2281 1318 Amalricus
2332 1263 2600 1318 videlicet
2646 1278 2841 1319 comes
2897 1262 3224 1334 Ioppensis,
3260 1261 3426 1320 tiliua
3453 1265 3606 1335 ejes,

1949 1350 2115 1408 valde
2146 1351 2516 1419 adolescens;
2551 1351 2854 1423 Philippus
2893 1367 3126 1422 quoque
3159 1351 3604 1433 Neapolitanus,

1950 1446 2008 1496 et
2037 1440 2343 1496 Rohardus
2365 1442 2579 1508 senior,
2612 1445 2669 1496 et
2714 1440 2881 1511 pauci
2940 1439 3040 1496 alii
3083 1456 3329 1511 quorum
3357 1441 3609 1497 nomina

1951 1545 2068 1586 non
2118 1534 2403 1586 tenemus.
2432 1529 2690 1586 Audiens
2725 1531 2923 1602 itaque
2973 1528 3191 1601 regina,
3217 1528 3405 1586 fllium
3464 1545 3604 1587 cum

1951 1619 2203 1676 exercitu
2245 1618 2538 1686 advenire,
2572 1619 2631 1674 in
2679 1635 2868 1675 arcem
2900 1634 3033 1674 cum
3070 1618 3456 1676 familiaribus
3477 1622 3607 1676 suis

1958 1717 2011 1767 et
2042 1710 2313 1767 fidelibus
2342 1725 2405 1766 se
2439 1709 2671 1781 recepit,
2705 1711 2775 1764 de
2829 1708 3080 1781 praesidii
3112 1709 3437 1765 munitione
3466 1727 3606 1767 con-

1955 1799 2164 1869 fidens,
2204 1801 2485 1857 Dominus
2514 1815 2646 1855 vero
2701 1798 3034 1870 patriarcba
3063 1797 3403 1870 Fulcherus,
3435 1799 3603 1857 bonae

1946 1888 2264 1955 memoria,
2296 1889 2500 1944 videns
2548 1893 2811 1959 tempora
2846 1885 3193 1958 periculosa,
3222 1892 3280 1943 et
3310 1887 3437 1944 dics
3467 1893 3601 1945 ten-

1943 1975 2183 2031 tationis
2215 1973 2543 2042 imminere‚
2579 1973 2775 2029 volens
2807 1978 2999 2043 partes
3030 1989 3170 2028 suas
3202 1973 3599 2046 interponere.

1942 2065 2090 2119 etde
2121 2063 2193 2117 iis
2223 2078 2350 2133 quae
2381 2063 2451 2116 ad
2488 2076 2687 2133 pacem
2720 2065 2857 2116 sunt
2878 2076 3100 2132 rogare,
3131 2063 3452 2134 assumptis
3483 2063 3596 2119 sibi

1941 2151 2012 2207 de
2042 2150 2214 2218 clero,
2239 2150 2377 2206 viris
2409 2149 2670 2221 religosis
2688 2154 2745 2205 et
2765 2149 2945 2205 Deum
2970 2150 3330 2216 timentibus,
3354 2151 3596 2208 domino

1941 2241 2062 2311 regi
2083 2239 2310 2295 obviam
2344 2239 2501 2306 exiit,
2536 2254 2780 2294 monens
2811 2242 2876 2295 ut
2913 2255 2948 2294 a
2983 2254 3154 2309 pravo
3185 2238 3430 2296 desistat
3462 2257 3600 2313 pro·

1940 2329 2153 2401 posito,
2186 2334 2243 2384 et
2274 2328 2333 2384 in
2369 2328 2580 2384 finibus
2629 2332 2927 2399 pactorum
2973 2327 3598 2396 consistens‚matrem

1941 2418 2134 2490 quiete
2166 2417 2379 2489 perfrui
2404 2417 2661 2488 patiatur
2685 2431 2700 2472 t
2726 2418 2882 2489 apud
2905 2432 3079 2489 quem
3100 2424 3414 2489 postquam
3435 2418 3600 2477 videt

1939 2523 2002 2564 se
2036 2523 2145 2563 non
2182 2507 2478 2578 proficere,
2511 2506 2820 2562 consilium
2853 2507 2979 2577 ejus
3010 2505 3331 2576 detestans,
3379 2507 3439 2564 in
3496 2525 3594 2566 ur-

1940 2595 2071 2651 bem
2103 2610 2407 2668 regressus
2437 2602 2544 2650 est.
2579 2594 2697 2651 Rex
2726 2599 2921 2651 autem
2954 2611 3172 2667 urgens
3204 2598 3600 2668 propositum,

1939 2690 2075 2740 ante
2108 2685 2312 2740 urbem
2361 2690 2553 2740 castra
2595 2685 2767 2740 locat.
2799 2684 3055 2740 Tandem
3083 2701 3215 2741 vero
3248 2686 3475 2743 civibus
3506 2688 3600 2744 in·

1937 2773 2334 2844 dignationem
2352 2771 2785 2830 declinantibus
2800 2773 3018 2844 regiam
3038 2781 3091 2827 et
3106 2779 3304 2846 portas
3326 2775 3595 2845 aperien-

1938 2861 2120 2930 tibus,
2163 2862 2539 2917 intromissus
2596 2866 2686 2917 est
2754 2878 2886 2919 cum
2921 2862 3044 2918 suis
3069 2864 3545 2935 expeditionibus
3579 2883 3593 2921 :

1938 2952 2034 3009 ubi
2087 2952 2284 3009 statim
2344 2968 2563 3021 arcem,
2593 2952 2652 3008 in
2700 2968 2872 3023 quam
2932 2958 3119 3009 mater
3148 2969 3211 3011 se
3243 2955 3596 3025 contulerat,

1938 3042 2151 3114 aptatis
2182 3043 2254 3098 ad
2286 3058 2410 3098 eam
2444 3041 2896 3114 expugnandam
2941 3042 3250 3109 machinis,
3281 3044 3590 3101 obsidione

1937 3131 2114 3187 vallat
2137 3148 2151 3185 ε
2174 3136 2232 3186 et
2264 3147 2423 3187 more
2452 3131 2681 3187 instans
2713 3130 2937 3200 hostili,
2968 3131 3216 3200 balistis,
3253 3134 3515 3191 arcubus
3539 3138 3596 3192 et

1934 3220 2307 3292 jaculatoriis
2330 3220 2963 3282 machinis‚continuas
2995 3220 3246 3278 inferens
3261 3221 3590 3292 molestias,

1936 3311 2197 3367 obsessis
2228 3311 2483 3381 requiem
2528 3314 2720 3380 negat.
2753 3308 2844 3365 Illi
2891 3326 3047 3378 vero,
3081 3312 3321 3367 omnino
3349 3311 3594 3368 instanti

1934 3399 2176 3456 omnino
2201 3398 2576 3465 reluctantes,
2605 3398 2722 3453 vim
2780 3399 2833 3454 vi
2895 3398 3174 3469 repellere
3204 3400 3499 3470 nituntur,
3533 3405 3594 3457 et

1935 3487 2153 3562 quibus
2209 3488 2387 3544 modis
2416 3488 2730 3544 exteriores
2758 3488 3035 3545 obsessos
3066 3489 3414 3562 impugnare
3444 3495 3593 3547 sata·

1936 3580 2101 3650 gunt,
2133 3579 2351 3634 eisdem
2384 3576 2631 3648 injurias
2656 3576 2999 3649 propulsare
3018 3583 3076 3634 et
3106 3577 3165 3633 in
3197 3577 3398 3636 hostes
3425 3596 3596 3651 aequa

1935 3666 2102 3721 lance
2133 3668 2347 3721 damna
2373 3666 2699 3732 refundere,
2733 3666 2956 3722 obsessi
2979 3683 3094 3722 non
3120 3668 3408 3725 velentur.
3441 3669 3591 3725 Tan·

1934 3754 2066 3809 dem
2099 3771 2231 3809 cum
2286 3770 2388 3825 per
2430 3754 2553 3810 dies
2595 3753 2854 3825 aliquod,
2889 3754 3215 3827 periculose
3245 3756 3425 3812 nimis
3453 3756 3593 3814 hinc

1934 3844 2071 3900 inde
2119 3845 2470 3900 decertatum
2515 3851 2684 3910 esset,
2717 3860 2850 3900 cum
2881 3844 2942 3900 in
2974 3860 3168 3901 arcem
3193 3848 3589 3919 expugnando

1934 3949 2034 3990 rex
2065 3949 2180 3989 non
2208 3932 2459 3989 multum
2494 3933 2815 4005 proficeret,
2849 3949 2952 3990 neo
2985 3938 3178 3990 tamen
3226 3950 3259 3989 a
3287 3936 3587 4006 proposito

1933 4022 2107 4079 vellet
2136 4023 2436 4090 desistere,
2470 4022 2995 4079 intercurrentibus
3035 4023 3392 4094 quibusdam
3424 4026 3588 4097 pacis

1933 4117 1991 4168 et
2019 4113 2214 4182 gratim
2280 4112 2782 4177 reformatoribus,
2837 4113 2977 4169 urbe
3029 4111 3411 4185 Neapolitana
3449 4131 3587 4170 cum

1931 4201 2058 4257 suis
2085 4201 2304 4255 fiinibus
2334 4202 2606 4256 contenta
2637 4200 2873 4255 domina
2924 4201 3144 4269 regina,
3191 4203 3356 4273 regni
3413 4207 3593 4276 caput

1931 4289 2170 4345 domino
2220 4287 2338 4360 regi
2387 4290 2644 4360 resignat
2713 4287 3195 4361 Hierosolymam,
3228 4290 3592 4363 interpositis

1933 4394 2002 4435 cx
2034 4382 2195 4450 parte
2227 4377 2451 4433 domini
2473 4377 2643 4449 regis,
2674 4381 2731 4433 et
2779 4378 3061 4449 praestitis
3089 4378 3588 4452 corporaliterju-

175 4462 317 4536 poli,
342 4463 628 4521 ordinavit
657 4461 1154 4520 constabularium
1209 4481 1405 4532 suum,
1436 4477 1489 4523 et
1520 4471 1571 4524 ei
1602 4470 1817 4527 militiae
1855 4463 1905 4530 D
1934 4467 2237 4535 ramentis,
2271 4467 2425 4538 quod
2457 4481 2722 4538 superea
2744 4466 3114 4539 possessione
3156 4484 3260 4540 per
3286 4484 3423 4525 eum
3457 4485 3587 4542 per-

175 4569 297 4610 suae
323 4569 526 4609 curam
560 4552 866 4609 commisit.
890 4554 1001 4610 Sed
1052 4569 1241 4625 neque
1276 4555 1361 4611 sic
1409 4556 1583 4614 etiam
1615 4559 1822 4630 quievit

176 4641 478 4699 dominam
498 4646 763 4715 reginam
783 4643 1255 4714 persequentium
1287 4644 1561 4703 stimulus
1588 4664 1601 4715 ;
1635 4648 1736 4703 sed
1767 4653 1826 4704 et

175 4733 365 4789 causis
410 4732 633 4789 levibus
680 4732 834 4788 vires
876 4749 1186 4791 resumens
1244 4733 1422 4805 ignis,
1453 4736 1550 4805 qui
1582 4737 1826 4794 latuerat

172 4823 236 4880 in
280 4821 499 4892 favilla,
532 4822 869 4880 incendium
928 4825 1120 4896 majus
1149 4827 1206 4882 et
1235 4824 1424 4896 priore
1453 4827 1636 4883 multo
1666 4827 1825 4899 peri-

174 4910 455 4978 culosius,
486 4912 662 4983 coepit
717 4913 1071 4969 ministrare.
1130 4913 1278 4970 Nam
1329 4930 1424 4971 rex
1452 4916 1666 4974 eisdem
1708 4918 1823 4973 im-

170 4999 530 5072 pellentibus
559 5016 800 5072 quorum
833 5002 1076 5060 consilio
1107 5003 1272 5077 prius
1298 5007 1684 5079 acquieverat,
1705 5024 1824 5065 ma-

170 5093 319 5147 trem
367 5088 583 5146 iterum
632 5092 806 5163 coepit
852 5093 1184 5162 molestare,
1231 5097 1286 5150 et
1343 5111 1466 5152 eam
1527 5113 1699 5169 quam
1756 5115 1824 5155 ex

170 5178 481 5251 utriusque
510 5180 874 5254 beneplacito
905 5182 1068 5253 regni
1111 5183 1443 5241 obtinuerat
1473 5187 1821 5259 portionem,

170 5267 405 5325 exclusa
459 5271 698 5326 omnino
753 5275 954 5339 matre,
989 5271 1101 5327 sibi
1168 5273 1464 5332 vindicare
1504 5277 1819 5349 proposuit.

170 5356 333 5420 Quod
364 5358 701 5432 intelligens
730 5359 950 5430 regina,
983 5364 1395 5419 commendata
1422 5364 1660 5438 Neapoli
1691 5366 1822 5437 qui·

170 5444 426 5501 busdam
488 5447 760 5505 fidelibus
814 5450 962 5520 suis,
993 5453 1089 5523 qui
1133 5452 1260 5523 ejus
1293 5468 1494 5509 curam
1518 5453 1821 5524 haberent,

171 5527 626 5606 Hierosolymam
657 5553 719 5596 se
758 5538 996 5613 recepit.
1028 5539 1149 5597 Rex
1177 5553 1312 5600 vero
1343 5542 1564 5602 interea
1588 5559 1825 5619 congre-

1934 4561 2109 4630 petuo
2141 4572 2254 4612 non
2274 4556 2501 4612 deberet
2522 4556 2816 4611 molestari
2841 4572 2856 4624 ;
2881 4557 3084 4629 sicque
3111 4558 3199 4613 eis
3226 4557 3285 4613 in
3319 4563 3586 4615 mutuam

1934 4646 2313 4704 redeuntibus
2352 4645 2622 4717 gratiam,
2651 4644 2819 4715 quasi
2857 4644 3026 4702 stella
3057 4646 3346 4703 matutina
3365 4647 3425 4703 in
3461 4664 3583 4705 me-

1933 4734 2030 4791 dio
2050 4734 2347 4805 refulgens
2366 4732 2614 4802 nebulae,
2649 4749 2823 4805 regno
2849 4739 2905 4791 et
2918 4733 3184 4792 Ecclesia
3201 4736 3474 4794 restituta
3492 4742 3584 4795 est

1932 4822 2349 4895 tranquillitas.

2557 4911 2792 4969 CAPUT
2836 4913 2954 4971 XV.

1931 5020 2200 5078 Soldanns
2245 5020 2544 5077 laoniensis
2605 5023 2922 5078 comitatum
2977 5021 3312 5079 Ede-uanum
3359 5040 3583 5083 rursum

2003 5093 2318 5220 inqrffditur
2349 5111 2373 5160 ;
2402 5108 2502 5149 rex
2556 5092 2691 5149 illuc
2730 5109 2856 5150 cam
2910 5096 3069 5149 omni
3121 5096 3400 5153 celeritate
3451 5115 3582 5170 pro-

2001 5182 2132 5238 pera
2163 5206 2177 5222 .

2002 5278 2078 5332 At
2104 5291 2238 5332 vero
2269 5275 2599 5332 nuntiatum
2631 5280 2720 5332 est
2750 5275 2910 5347 regni
2941 5274 3500 5351 Hierosolymorum,
3527 5285 3586 5336 et

1930 5365 2089 5423 sama
2143 5365 2389 5422 certiore
2434 5371 2796 5437 compertum
2828 5365 2983 5437 quod
3020 5382 3218 5424 comes
3248 5367 3583 5427 Edessanus

1931 5459 2085 5512 sorte
2116 5461 2231 5512 tam
2247 5453 2564 5511 miserabili
2579 5458 2785 5525 captus
2813 5455 3192 5529 erat,etregio
3223 5461 3339 5513 tota
3360 5457 3582 5532 absque

1930 5544 2251 5604 defensoris
2271 5543 2702 5614 cura‚hostium
2733 5543 2850 5602 late
2880 5543 3111 5617 patebat
3137 5543 3578 5622 insidiis3quod
