3784 6000
166 270 279 336 591

168 493 531 555 sidoniensis
552 495 611 546 et
640 485 1007 559 Berythensis
1036 501 1051 551 ;
1094 482 1349 554 reliquos
1388 486 1608 550 autem,
1632 483 1687 537 id
1722 487 1808 538 est

168 584 548 648 Biblitanum,
572 575 1018 648 Tripolitanum,
1045 572 1517 641 antaradensem,
1542 571 1641 643 qui
1664 571 1808 626 alios

62 701 67 705 ·
170 674 536 747 episcopatus
562 665 827 737 eiusdem
876 661 1166 724 Ecclesiae,
1201 663 1262 716 in
1311 676 1487 715 manu
1517 677 1622 715 sua
1653 660 1811 717 velut

170 760 435 837 proprios
463 756 863 831 possidebant,
894 750 1292 808 Antiochenus
1331 750 1660 821 patriarcha
1688 750 1810 806 vio-

168 852 357 909 lenter
368 847 818 912 detinebat,eam
841 841 1021 899 solam
1042 840 1407 912 praetendens
1425 840 1808 907 occasionem,

168 940 318 1014 quod
350 937 402 995 si
433 953 548 994 non
580 932 861 993 obediret,
890 948 1001 988 non
1035 931 1190 1002 quod
1209 930 1278 986 ad
1313 929 1812 999 ejusjurisdictio-

166 1045 304 1089 nem
335 1043 434 1086 eos
462 1024 754 1097 respicere
785 1023 1131 1094 denegaret;
1167 1020 1315 1092 quod
1334 1034 1405 1074 ne
1422 1018 1603 1088 fieret,
1627 1019 1726 1074 scd
1741 1018 1813 1073 ad

168 1125 415 1176 matrem
447 1130 618 1172 snam
646 1113 962 1184 Tyrsnsem
999 1109 1316 1166 Ecclesiam
1349 1109 1621 1176 redirent,
1660 1109 1814 1164 idem

171 1208 446 1266 dominus
495 1201 875 1261 Innocentius
940 1216 1090 1272 papa
1136 1205 1502 1272 praeceperat,
1553 1198 1817 1256 scribens

168 1302 289 1357 tam
316 1293 611 1371 praedictis
640 1290 955 1364 episcopis,
987 1306 1161 1362 quam
1191 1289 1550 1346 Antiocheno
1580 1288 1818 1361 patriar-

179 1388 325 1458 chae,
354 1386 415 1442 in
442 1384 605 1441 hunc
637 1383 877 1438 modum
911 1398 928 1434 ε

248 1478 632 1535 inuocem-ms
658 1470 962 1543 episcopus,
992 1484 1180 1527 servus
1206 1486 1493 1526 serrorum
1524 1468 1639 1540 Dei,
1662 1484 1819 1525 vene·

178 1566 454 1629 rabilibus
474 1562 747 1635 tratribus
766 1563 1040 1616 Gsaanoo
1063 1561 1427 1631 Tripolitano,
1448 1559 1514 1615 R.
1532 1560 1822 1616 Tortosano

180 1668 235 1717 st
263 1656 330 1715 Η.
364 1653 646 1713 Biblitano
676 1652 942 1724 episcopis
974 1650 1229 1719 salutem,
1251 1659 1303 1706 et
1347 1649 1700 1721 apostolicam
1734 1650 1821 1705 be·

178 1746 561 1808 nedictionem.

252 1835 408 1894 Scire
460 1832 611 1890 debet
656 1833 836 1888 vestra
910 1827 1242 1900 fraternitas
1305 1830 1566 1902 quoniam
1651 1832 1828 1885 status

64 1940 69 1949 ·
180 1924 434 1983 Ecclesiae
479 1927 611 1979 tunc
655 1919 864 1977 clarius
919 1919 1192 1988 elucescit,
1250 1935 1378 1975 curn
1425 1918 1626 1990 qradus
1675 1918 1731 1973 in
1764 1934 1831 1975 ea

138 2069 151 2081 ,
178 2015 464 2074 constituti
493 2010 665 2069 illaesi
718 2013 1122 2070 seruantur-:et
1150 2023 1269 2079 quae
1317 2008 1539 2064 debetur
1576 2009 1831 2079 praelatis

184 2104 445 2176 sinaulis,
478 2101 679 2172 absque
732 2097 1076 2155 contentione
1120 2113 1220 2152 seu
1265 2099 1716 2166 contradictione,
1750 2113 1834 2153 re-

185 2194 434 2252 verentia
453 2189 764 2248 exhibetur.
801 2189 1250 2259 Unumquemque
1278 2186 1483 2243 etenim
1511 2203 1583 2243 ex
1622 2187 1707 2242 his
1741 2187 1835 2259 qui

186 2281 298 2341 sibi
325 2281 555 2351 subiecti
586 2280 734 2345 sunl,
765 2277 1115 2333 considerare
1152 2278 1426 2344 convenit,
1457 2281 1671 2347 quanta
1712 2292 1836 2333 suos

188 2364 448 2447 praetatos
474 2368 524 2425 si
555 2382 684 2442 quos
722 2366 940 2433 habeat,
967 2366 1272 2422 reverentia
1318 2373 1371 2422 et
1420 2365 1838 2438 honorificentia

193 2462 387 2519 debeat
409 2459 679 2516 honorare
707 2472 730 2518 ,·
757 2469 882 2527 quae
909 2457 961 2511 si
988 2455 1191 2524 injuste
1219 2459 1268 2511 et
1317 2456 1590 2513 immerito
1630 2457 1841 2513 subtra-

197 2550 423 2610 hantur,
462 2546 695 2604 unitatis
749 2551 924 2600 status
977 2545 1226 2616 prolecto
1275 2546 1509 2614 nutabit,
1566 2546 1636 2602 ad
1682 2563 1842 2620 quem

197 2638 560 2700 ecclesiastica
583 2634 859 2700 doctrina,
909 2635 973 2689 ob
1011 2633 1277 2705 majorem
1322 2634 1663 2703 firmitatem,
1706 2635 1843 2691 dili-

200 2728 350 2789 centi
376 2722 811 2785 consideratione
838 2725 1023 2780 omnia
1073 2723 1131 2778 in
1158 2738 1214 2778 se
1263 2722 1568 2779 ordinando
1599 2724 1842 2783 reduxit.

201 2818 279 2877 Ne
306 2819 481 2891 iqitur
527 2813 889 2873 ecclesiarum
940 2817 1245 2869 vestrarum
1283 2811 1458 2869 honor
1484 2813 1570 2869 vel
1602 2814 1850 2884 dioniius

203 2908 267 2967 ob
295 2907 695 2966 contentionem
721 2919 816 2960 seu
839 2902 1187 2959 rebellionem
1216 2902 1519 2959 indebitam
1556 2905 1850 2961 minuatur

204 2998 292 3059 vel
317 2996 663 3057 annulletur,
690 3012 791 3067 per
817 2992 1122 3066 apostolica
1169 2994 1317 3050 vobis
1364 2996 1568 3067 scripta
1614 2995 1849 3053 manda·

1237 260 1671 323 omasum
1713 242 2096 322 munusts
2139 258 2501 322 asamar.

50 468 55 473 ,
166 404 505 479 μανίαι-οδω
521 415 705 473 usque
722 397 965 453 adillam
982 393 1130 449 diem
1150 394 1399 460 fuerant,
1419 393 1794 459 Acconensis,
1832 396 1884 460 Α
1917 393 2154 450 debitam
2185 377 2559 449 obedientiam
2588 396 2637 448 et
2668 393 3029 449 reuerentiam
3085 392 3351 465 deserant
3379 412 3399 448 .·
3429 394 3580 450 alio-

3457 260 3578 323 592

1914 486 2053 556 quin
2084 483 2373 540 canonicis
2401 482 2770 538 sanctionibus
2788 482 3121 550 contraitur,
3152 483 3202 538 si
3244 483 3585 554 metropoli·

1916 573 2062 627 tanis
2107 589 2141 627 a
2197 574 2308 627 suis
2363 570 2731 643 suffraqaneis
2809 570 3119 627 obedientia
3174 570 3572 628 subtrahatur.

1915 659 2181 732 Optamus
2210 662 2359 717 enim
2389 669 2446 715 ut
2502 662 2651 715 circa
2688 661 2950 732 proelatos
3004 665 3061 716 et
3115 659 3360 717 subditos
3404 677 3576 717 suum

1910 750 2023 822 jus,
2054 757 2108 806 et
2136 751 2394 822 proprius
2423 751 2555 807 ordo
2585 751 2787 823 absque
2821 751 3256 808 contradictione
3300 758 3586 810 seruetur.

1988 841 2191 895 Datum
2225 840 2509 908 Laterani,
2534 856 2626 896 xv1
2655 839 2784 895 Kal.
2820 841 3143 897 Februarii.

1989 930 2103 985 Nec
2133 930 2329 986 solum
2362 928 2551 985 hisita
2574 930 2813 1000 scripsit
2837 930 3114 986 dominus
3152 947 3320 1003 papa,
3361 947 3574 990 verum

1920 1017 2097 1074 etiam
2128 1028 2182 1074 et
2215 1018 2329 1075 illis
2362 1018 2460 1092 qui
2491 1035 2526 1075 a
2559 1018 2888 1090 patriarcha
2919 1019 3445 1090 Hierosolymitano
3480 1023 3583 1079 de-

1921 1108 2066 1164 tenti
2098 1108 2323 1165 fuerant
2357 1126 2370 1177 ;
2406 1107 2648 1181 quiejus
2665 1108 3204 1176 timore,mandatis
3235 1110 3581 1183 apostolicis

1924 1197 2159 1255 obedire
2180 1199 2602 1263 detrectabant,
2650 1198 2855 1255 eodem
2909 1199 3080 1256 modo
3116 1199 3464 1271 praecipiens
3497 1202 3587 1258 in·

1917 1288 2134 1360 junxit,
2169 1296 2229 1343 ut
2258 1287 2419 1344 omni
2469 1288 2772 1345 occasiane
2821 1290 3161 1363 postposita,
3214 1289 3456 1347 domino
3480 1290 3591 1364 Ty·

1925 1378 2082 1434 rensi
2129 1378 2518 1434 obedientiam
2564 1379 2927 1447 exhiberent,
2981 1381 3039 1435 tn
3093 1380 3228 1436 hinc
3286 1381 3582 1438 modum:

1998 1472 2384 1523 Iasonem-tus
2406 1471 2708 1539 episcopus,
2740 1485 2931 1525 servus
2960 1486 3249 1526 servorum
3274 1471 3391 1540 Dei,
3425 1488 3588 1528 vene-

1928 1555 2203 1613 rabilibus
2222 1556 2496 1629 tratribus
2543 1557 2838 1615 Bannumo
2888 1560 3203 1632 Berycensi‚
3267 1560 3590 1618 Bsananno

1935 1645 2277 1715 sidoniensi,
2308 1647 2968 1705 Jofflmptotomaideusi
3014 1650 3300 1723 episcopis,
3350 1650 3593 1708 salutem

1858 1770 1906 1835 B
1935 1742 1986 1793 et
2013 1736 2368 1808 apostolicam
2412 1735 2866 1794 benedictionem.

2006 1825 2084 1881 Ad
2103 1826 2201 1881 hoc
2225 1826 2401 1881 sancti
2431 1827 2620 1882 Patres
2669 1825 2908 1883 diversos
2929 1842 3042 1884 esse
3079 1829 3139 1884 in
3186 1829 3432 1888 Ecclesia
3461 1845 3597 1902 pra-

1935 1914 2036 1971 dus
2071 1919 2119 1970 et
2150 1915 2368 1971 ordines
2400 1917 2704 1983 voluerunt,
2738 1922 2799 1971 ut
2827 1917 2958 1973 dum
2988 1917 3381 1990 subjectionem
3424 1927 3481 1977 et
3514 1935 3597 1977 re-

1937 2004 2240 2062 verentiam
2266 2004 2506 2061 minores
2536 2006 2837 2077 majoribus
2865 2007 3150 2075 exhibent,
3179 2023 3282 2064 sua
3309 2007 3474 2079 fieret
3525 2025 3597 2066 ea:

1939 2094 2262 2150 diuersitate
2289 2097 2578 2162 connexio,
2608 2099 2661 2150 et
2690 2103 2828 2152 recte
2846 2097 3160 2166 officiorum
3178 2108 3470 2167 qereretur
3497 2100 3595 2154 ad-

1940 2184 2275 2240 ministratio
2303 2185 2674 2254 sinyulorum.
2720 2183 2918 2240 Gravat
2965 2197 3152 2241 arsum
3188 2202 3309 2256 nos,
3338 2191 3390 2243 el
3427 2187 3589 2243 valde

1939 2274 2231 2338 miramur,
2266 2273 2403 2344 quod
2431 2289 2554 2329 cum
2586 2274 2730 2330 vobis
2741 2274 3077 2346 jampridem
3126 2275 3328 2333 litteris
3375 2286 3600 2348 aposto·

1948 2364 2069 2419 licis
2097 2358 2590 2435 praeceperimusut
2618 2364 2930 2421 venerabili
2959 2366 3138 2436 {ratri
3167 2374 3348 2423 nostro
3378 2366 3604 2424 Pulche-

1947 2453 2033 2509 rio
2063 2453 2282 2526 Tyrensi
2318 2453 2742 2525 archiepiscopo,
2774 2455 3203 2527 metropolitano
3233 2464 3433 2524 vestro,
3478 2456 3607 2514 obe-

1948 2541 2216 2598 dientiam
2244 2546 2292 2598 et
2325 2544 2692 2599 reverentiam
2734 2543 3084 2612 exhiberetis,
3144 2544 3415 2618 quasdam
3445 2561 3604 2602 occa·

1950 2635 2129 2690 siones
2155 2636 2206 2686 et
2236 2632 2717 2704 interpretationes
2743 2634 2927 2690 niinus
2945 2635 3165 2692 idoneas
3181 2637 3605 2708 praetendendo,

1951 2722 2012 2779 id
2034 2725 2213 2794 lacere
2241 2723 2652 2795 comtempsistis
2672 2741 2693 2787 ,·
2724 2742 2847 2782 cum
2876 2725 3065 2797 utique
3095 2727 3265 2799 quasi
3312 2733 3604 2799 peccatum

1953 2813 2257 2881 ariolandi,
2288 2815 2360 2870 sit
2388 2830 2726 2887 repugnare:
2755 2826 2807 2873 et
2834 2818 2998 2888 quasi
3041 2817 3219 2875 scelus
3247 2816 3603 2889 idololatriam

1954 2907 2104 2964 nolle
2132 2908 2473 2977 acquiescere
2490 2910 2535 2977 (1
2565 2909 2691 2981 Περ.
2725 2914 2843 2978 xv).
2867 2909 3187 2967 Mandamus
3217 2913 3405 2983 itaque
3434 2912 3605 2978 vobiS,

1955 3002 2006 3054 el
2030 2997 2358 3054 auctoritate
2375 2997 2691 3070 apostolica,
2721 3002 2917 3057 iterato
2939 2999 3317 3073 praecipimus,
3333 3007 3607 3075 quatenus

206 3107 328 3148 mus
368 3095 534 3160 atque
572 3086 943 3158 proecipimus,
1001 3091 1273 3155 quatenus
1328 3086 1633 3142 venerabili
1681 3088 1852 3154 fratri
1959 3087 2112 3145 omni
2138 3088 2418 3143 occasione
2445 3089 2694 3144 submota
2713 3089 2884 3145 eidem
2906 3090 3078 3162 {ratri
3095 3098 3282 3149 nostro
3310 3093 3378 3148 de
3403 3097 3604 3151 caetero

208 3183 392 3237 nostro
440 3176 741 3242 Fulcherio,
816 3174 1040 3247 Tyrensi
1103 3173 1525 3246 archiepiscopo,
1583 3180 1853 3246 tanquam
1880 3151 1925 3220 C
1958 3178 2220 3251 parcatis,
2251 3192 2350 3233 nec
2396 3178 2493 3233 sub
2551 3179 2783 3235 oblendu
2817 3179 3162 3252 obedientiae,
3220 3199 3388 3255 quam
3432 3181 3611 3239 alicui

210 3267 624 3337 metropolitano
652 3271 829 3321 vestro
850 3262 1094 3320 debitam
1120 3262 1461 3320 obedentiam
1500 3271 1554 3321 et
1601 3282 1852 3322 reveren-

210 3358 352 3414 tiam
378 3354 661 3427 deseratis.
705 3355 812 3410 Nos
839 3354 983 3410 enim
1040 3368 1135 3408 vos
1194 3360 1244 3408 ct
1299 3352 1568 3409 Ecclesias
1624 3362 1852 3424 vestras,

215 3444 448 3518 Tyrensi
468 3442 745 3510 Ecclesiae,
775 3458 895 3513 quae
922 3444 1101 3497 vestra
1157 3443 1469 3513 metropolis
1520 3447 1620 3512 est,
1679 3453 1854 3503 aucto·

212 3537 380 3592 ritate
406 3533 701 3607 apostolica
729 3532 1097 3601 restituimus,
1116 3535 1166 3587 et
1194 3547 1227 3586 a
1247 3531 1566 3604 juramento
1595 3532 1685 3590 vel
1711 3536 1850 3605 fide·

205 3624 382 3691 litate,
431 3640 542 3696 qua
561 3622 900 3695 patriarchae
951 3619 1290 3678 Antiocheno
1328 3623 1453 3678 estis
1482 3624 1721 3693 astricti,
1753 3640 1850 3681 eo-

200 3713 326 3772 dem
352 3713 509 3771 mocio
537 3711 892 3770 absolvimus.
928 3710 993 3767 Si
1015 3725 1139 3768 vero
1168 3712 1368 3767 nostris
1408 3712 1689 3769 mandatis
1729 3715 1851 3771 obe·

204 3801 347 3874 dire,
374 3806 428 3860 et
458 3802 611 3859 intra
658 3805 768 3858 tres
822 3816 1027 3857 menses
1084 3808 1204 3873 post
1242 3801 1440 3856 harum
1481 3802 1850 3874 acceptionem

198 3895 530 3960 litterarum,
582 3892 655 3952 ad
699 3892 1065 3950 obedientiam
1119 3891 1383 3963 praeslicti
1431 3894 1628 3964 [ratris
1674 3898 1848 3952 nostri

197 3983 378 4041 redire
403 3983 778 4056 neglexeritis,
808 3983 1138 4038 sententiam
1187 3997 1347 4052 quam
1394 3981 1509 4054 ipse
1538 3984 1597 4039 in
1628 4000 1716 4040 vos
1746 4001 1847 4040 ca-

194 4073 392 4130 nonice
416 4070 813 4143 promulpabit,
847 4086 944 4128 nos
964 4074 1191 4128 auctore
1234 4072 1357 4140 Deo,
1409 4078 1591 4128 ratam
1628 4073 1848 4131 habebi·

196 4175 337 4219 mus.

266 4249 466 4306 Datum
486 4249 764 4316 Laterani,
801 4263 895 4304 vxr
925 4248 1047 4306 Kal.
1078 4249 1388 4306 Februarii.

264 4333 351 4394 Ne
373 4341 568 4394 autem
601 4337 675 4395 ab
703 4337 1065 4394 Antiocheno
1092 4338 1440 4411 patriarcha,
1481 4340 1582 4414 qui
1613 4357 1714 4400 eos
1744 4343 1843 4399 diu

196 4425 550 4498 detinuerat,
582 4433 638 4484 et
666 4425 756 4483 vir
776 4430 903 4483 erat
929 4426 1238 4498 potentior,
1264 4430 1723 4500 praepedirentur
1751 4434 1845 4491 do·

1961 3268 2198 3336 primati
2225 3265 2551 3338 dependitis,
2580 3268 2687 3323 sibi
2723 3270 3113 3338 subiectionem
3140 3278 3195 3328 et
3241 3275 3606 3329 reveremiam

1961 3355 2386 3429 metropolitano
2413 3365 2596 3413 vestro
2626 3357 2861 3415 debitam
2880 3361 3228 3433 aliquatenus
3245 3360 3606 3419 subtrahatis.

1963 3447 2112 3516 Quod
2141 3448 2192 3502 si
2216 3454 2606 3520 contemptores
2638 3449 2873 3506 ulterius
2891 3453 3235 3524 exstiteritis,
3264 3455 3607 3510 sententiam

1958 3556 2128 3612 quam
2172 3538 2318 3596 idem
2372 3541 2811 3615 archiepiscopus
2859 3543 2919 3598 in
2994 3560 3085 3600 vos
3158 3543 3422 3602 canonice
3479 3560 3608 3619 pro-

1958 3631 2104 3697 tulit,
2150 3633 2246 3685 aut
2299 3631 2610 3701 protulerit,
2658 3648 2755 3688 nos
2800 3640 3023 3691 auctore
3109 3636 3365 3704 Domino,
3424 3637 3610 3691 ratam

1956 3719 2291 3775 habebimus.
2325 3720 2388 3776 si
2409 3735 2533 3776 vero
2564 3737 2660 3792 pro
2691 3737 2751 3779 eo
2780 3723 2924 3796 quod
2978 3724 3154 3781 eidem
3201 3727 3375 3798 fratri
3421 3729 3609 3783 nostro

1952 3809 2283 3877 obedieritis,
2341 3826 2376 3864 a
2435 3810 2754 3882 patriarcha
2814 3814 3312 3888 Hierosolymitano
3381 3815 3610 3889 aliquid

1954 3907 2143 3955 contra
2174 3914 2262 3955 vos
2298 3900 2473 3967 suerit
2525 3903 2900 3972 constitutum,
2951 3920 3046 3962 nos
3092 3905 3343 3961 eamdem
3379 3909 3607 3962 senten-

1955 3991 2091 4045 tiam
2143 3988 2352 4045 viribus
2405 4005 2592 4047 carere
2611 3990 2970 4064 decernimus,
2994 4002 3048 4051 et
3077 3995 3289 4052 nullius
3335 3999 3611 4054 momenti

1958 4093 2073 4134 esse
2095 4092 2393 4136 censemus.

2023 4169 2185 4225 Datae
2203 4169 2484 4243 Laterani,
2506 4172 2743 4229 xv1Kal.
2775 4173 3082 4232 Februarii.

2569 4276 2803 4336 CAPUT
2852 4280 3005 4338 XIV.

1952 4364 2213 4439 Aperitur
2242 4365 2385 4422 unde
2406 4375 2537 4424 etex
2563 4383 2672 4439 qua
2701 4384 2869 4426 causa
2896 4371 3174 4430 haecinter
3185 4372 3329 4431 duos
3354 4377 3608 4447 patriar·

2023 4438 2155 4494 chas
2182 4445 2307 4493 orta
2332 4440 2404 4494 sil
2430 4443 2803 4497 controversia
2829 4459 2851 4505 ,·
2882 4448 2937 4500 et
2961 4461 3071 4515 qua
3098 4447 3323 4503 ratione
3357 4462 3418 4503 se
3446 4451 3606 4521 quis·

195 4516 344 4576 mini
376 4532 538 4589 papis
572 4514 906 4589 jussionem
955 4516 1211 4591 exsequi,
1254 4516 1487 4594 scripsit
1533 4520 1719 4577 eidem
1751 4539 1844 4596 pa·
1872 4536 1922 4602 ῃ
2028 4515 2394 4582 quelssesslur·

197 4604 492 4675 triarchas,
523 4605 586 4663 in
612 4604 733 4663 haec
764 4604 940 4662 verba
972 4621 988 4661 z

267 4695 651 4753 quocssrms
697 4696 998 4768 episcopus,
1056 4711 1243 4753 servus
1288 4711 1573 4754 servorum
1611 4701 1727 4766 Dei,
1758 4717 1842 4759 ve-

197 4782 440 4841 nerabili
466 4784 635 4855 fratri
664 4781 979 4840 Ranucrso
1000 4783 1339 4841 Antiocheno
1361 4785 1725 4857 patriarchae,
1756 4804 1845 4845 sa-

201 4873 374 4931 lutem
400 4877 454 4930 et
474 4873 824 4947 apostolicam
845 4873 1297 4931 benedictionem.

271 4960 603 5017 Sanctorum
627 4978 905 5020 canonum
929 4964 1370 5021 institutionibus
1419 4970 1748 5038 continetur,
1784 4971 1844 5025 ut

199 5048 577 5122 unusquisque
603 5054 719 5108 suis
740 5053 998 5109 terminis
1026 5057 1311 5111 contentus
1365 5058 1586 5127 existat,
1628 5075 1729 5116 nec
1783 5061 1841 5115 in

199 5142 387 5198 aliena
398 5141 537 5211 jura
559 5144 786 5212 irrepat.
822 5147 907 5199 Ea
936 5146 1101 5199 etiam
1142 5161 1259 5216 quae
1314 5147 1469 5203 nobis
1512 5148 1637 5219 fieri
1682 5150 1844 5205 nolu·

196 5247 339 5299 mus,
373 5236 487 5285 tam
507 5231 709 5289 divinis
737 5250 899 5306 quam
956 5233 1217 5290 humanis
1278 5235 1510 5306 legibus,
1570 5240 1844 5306 proximis

202 5319 410 5376 nostris
440 5325 626 5392 lacere
654 5322 1024 5392 prohibemur.
1049 5325 1185 5393 Quae
1222 5340 1343 5381 cum
1382 5327 1460 5382 ita
1489 5326 1621 5393 sint,
1644 5330 1846 5398 frater-

200 5410 377 5465 nitati
434 5412 548 5468 tuae
590 5412 940 5483 mandamus,
980 5419 1257 5485 quatenus
1319 5415 1700 5489 suffraqaneos
1740 5421 1842 5493 Ty-

201 5497 382 5551 rensis
414 5498 671 5559 scelesiae
687 5517 799 5559 non
829 5504 1094 5574 impedias
1138 5505 1274 5575 quin
1322 5508 1626 5563 venerabili
1665 5509 1847 5581 [ratri

201 5584 386 5642 nostro
429 5585 711 5648 Fulchm'o
757 5591 1179 5664 archiepiscopo,
1227 5594 1649 5667 metropolitano
1722 5613 1841 5670 suo,

2020 4616 2101 4673 Ne
2131 4620 2327 4673 autem
2360 4616 2418 4673 in
2435 4618 2886 4679 admirationem
2905 4622 3178 4696 cuiquam
3197 4623 3418 4698 veniat,
3445 4626 3604 4699 quod

1953 4722 2087 4762 cum
2115 4707 2278 4778 prius
2294 4707 2612 4780 Tyrensem
2634 4711 3142 4786 archiepiscopum
3156 4718 3411 4788 quatuor
3423 4715 3614 4773 decim

1955 4795 2028 4851 de
2058 4796 2192 4867 jure
2230 4795 2623 4868 suffraganeos
2654 4800 2865 4859 habere
2898 4803 3480 4873 diximus,dominus
3500 4821 3617 4862 au-

1958 4887 2076 4940 tem
2109 4900 2260 4956 papa
2292 4901 2408 4942 non
2440 4885 2552 4941 nisi
2586 4904 2686 4945 sex
2716 4891 2922 4948 scribit
2951 4909 2964 4960 ;
2991 4894 3292 4951 sciendum
3325 4893 3608 4966 est,quod

1952 4974 2347 5030 Paneadensis
2387 4975 2611 5044 civitas,
2630 4996 2756 5050 quoe
2779 4985 2868 5037 est
2897 4981 3159 5040 Caesarea
3174 4981 3611 5056 Philippi,non·

1955 5062 2095 5119 dum
2127 5062 2370 5118 habebat
2403 5064 2839 5138 episcopum,et
2869 5071 2966 5128 isti
2986 5088 3086 5128 sex
3117 5072 3368 5144 reliquos
3385 5072 3615 5128 detine-

1956 5153 2098 5209 bant
2128 5153 2514 5223 episcopatus,
2541 5154 2902 5215 Sidoniensis
2929 5160 3084 5217 enim
3115 5160 3432 5228 detinebat,
3452 5160 3611 5217 sicut

1955 5249 2013 5299 et
2044 5258 2199 5299 nunc
2229 5246 2400 5298 etiam
2434 5243 2673 5312 detinet,
2711 5246 3093 5321 Sareptanum
3131 5267 3146 5317 3
3204 5248 3610 5321 Tripolitanae

1952 5349 2085 5390 vero
2113 5332 2484 5401 Botrisnsem,
2519 5334 2904 5407 Archensem,
2935 5340 3348 5395 Artuscensem
3383 5356 3399 5407 ;
3431 5340 3611 5397 Anta-

1956 5422 2221 5479 radensis
2251 5435 2403 5489 vero,
2437 5427 2535 5494 qui
2564 5429 2621 5480 et
2648 5425 3009 5485 Tortosanus
3037 5429 3274 5494 dicitur,
3321 5428 3614 5485 Aradion-

1955 5528 2077 5568 sem
2108 5519 2163 5568 et
2217 5511 2694 5571 Maraclecnsem.
2746 5517 2827 5573 Ex
2854 5517 2947 5575 his
2978 5523 3176 5576 aut-em
3215 5533 3337 5580 sex.
3394 5518 3609 5575 Antio-

1954 5600 2176 5659 chenus
2215 5601 2547 5673 patriarcha
2578 5607 2695 5664 tres
2753 5605 2866 5665 sibi
2923 5607 3178 5668 habebat
3231 5606 3609 5680 obedientes,
