3784 6000
149 281 262 343 571

1225 271 1652 333 GUILtAELMI
1695 269 2076 333 TYRENSIS
2116 270 2480 371 Attumne.

3431 272 3549 336 872

151 431 360 472 norum
398 410 724 485 patriarcha
795 407 1076 475 Bet-uado,
1152 407 1383 462 fidelem
1424 410 1482 462 et
1519 406 1790 461 devotum
1818 406 1868 472 A
1903 405 2299 462 praedecessor
2325 409 2517 461 tamen
2551 403 2649 461 ille
2681 408 2896 473 noster,
2915 408 2972 462 et
2994 405 3097 479 qui
3121 410 3325 478 postea
3367 424 3557 481 usque

149 509 579 575 cooperatorem
629 516 690 555 se
712 497 1045 564 exhibente,
1081 511 1276 568 pacem
1326 498 1606 567 optimam
1639 495 1792 551 inter

150 610 249 649 eos
281 590 615 648 reformavit
649 604 662 644 ε
696 604 761 642 eo
809 585 1053 641 maxime
1099 584 1593 657 opportunitatem
1653 600 1793 654 prae-

151 687 363 748 stante,
404 680 555 752 quod
592 676 1049 746 mediotempore
1077 691 1272 731 comes
1292 690 1525 748 gravem
1548 674 1792 730 incurrit

150 770 579 841 aegritudinem,
614 784 732 838 qua
753 763 1241 838 periculosissime
1263 764 1556 832 laborans,
1578 767 1636 819 et
1658 762 1791 818 facti

150 858 461 930 poenitenS,
494 854 738 911 Domino
769 870 830 910 se
851 855 999 910 votis
1028 852 1324 921 obligavit,
1350 854 1503 925 quod
1528 852 1579 908 si
1607 853 1790 908 vitam

146 946 469 1017 indulgeret
489 949 545 1001 et
577 943 846 1010 salutem,
879 943 1117 998 domino
1143 941 1389 1015 principi
1405 942 1789 1009 satisfaceret,

146 1040 201 1093 et
222 1035 270 1091 ei
287 1035 540 1091 debitam
556 1032 896 1089 fidelitatem
916 1031 994 1085 im
1005 1031 1261 1101 pendens
1278 1030 1752 1086 reconciliaretur
1775 1044 1789 1086 ε

146 1125 299 1195 quod
331 1132 385 1179 et
418 1124 635 1179 tactum
657 1126 767 1176 est.
799 1120 946 1175 Nam
972 1123 1277 1191 postquam
1297 1118 1530 1190 plenam
1545 1119 1792 1190 adeptus

147 1220 235 1269 est
265 1213 811 1278 convalescentiam,
847 1210 1236 1282 praesentibus
1258 1210 1496 1265 domino
1529 1210 1796 1280 rege,do-

148 1304 309 1360 mino
347 1319 581 1375 quoque
633 1300 985 1374 patriarcha,
1021 1299 1410 1356 reconciliatis
1437 1301 1521 1355 eis
1567 1297 1792 1354 adinvi-

150 1410 296 1460 cem,
346 1398 403 1448 et
463 1392 634 1464 plena
678 1391 1065 1447 intercedente
1120 1392 1324 1459 gratia,
1371 1389 1707 1446 fidelitatem
1742 1388 1792 1444 ei

150 1481 505 1537 manualiter
562 1479 844 1550 exhibuit,
881 1495 1006 1535 eam
1029 1480 1303 1550 deinceps
1345 1478 1536 1535 debito
1572 1483 1791 1547 tenore,

151 1587 520 1627 conservans.
552 1570 668 1625 Rex
690 1575 907 1636 autem,
936 1584 1073 1640 pace
1102 1569 1441 1638 composita,
1476 1567 1791 1642 Hierosoly-

151 1678 308 1718 mam
342 1677 609 1717 reversus
640 1668 740 1715 est.
769 1659 875 1714 Per
903 1659 1058 1716 idem
1082 1663 1339 1733 tempus,
1361 1675 1553 1715 comes
1582 1658 1791 1713 Siciliae

1902 496 1973 551 ad
2010 512 2116 551 nos
2147 496 2447 553 subsecuti
2476 499 2635 563 sunt,
2667 495 2828 553 illius
2861 496 3154 554 maledicti
3205 499 3421 556 merito
3453 499 3557 556 de-

1902 584 2115 642 clinam
2125 602 2191 641 us
2220 587 2512 653 effectum,
2527 586 2753 657 quinon
2777 586 2890 657 ipsi
2904 586 3072 644 nobis
3089 592 3288 660 partes
3305 587 3556 646 fecimus

1908 676 2221 732 deteriores
2243 692 2258 743 ;
2282 675 2379 731 sed
2403 675 2718 732 deteriores
2746 675 2928 732 factas
2960 675 3031 731 ab
3072 675 3227 743 aliis,
3251 677 3325 733 de
3355 693 3556 734 neces·

1900 764 2074 820 sitate
2103 764 2470 836 suscepimus
2493 764 2876 829 conditiones,
2909 765 3111 821 Pareat
3139 766 3224 823 eis
3271 767 3556 823 Dominus

1899 858 1957 909 et
1985 854 2055 908 ad
2089 854 2413 924 gebennam
2444 854 2841 926 nonimputet,
2862 853 3289 926 quiEcclesIam
3319 856 3399 912 ita
3414 861 3558 912 trac·

1901 946 2183 999 taverunt.
2229 943 2405 999 Porro
2451 942 2762 1015 praedictus
2800 944 2962 999 bonae
3006 945 3298 1002 memorias
3332 946 3563 1016 praede-

1901 1048 2101 1088 cessor
2131 1039 2333 1088 noster
2362 1032 2638 1088 domiuus
2679 1031 3034 1101 willelmus,
3068 1039 3342 1108 suscepto
3356 1050 3560 1091 conse·

1903 1120 2181 1177 crationis
2234 1138 2355 1177 suae
2396 1137 2635 1177 munere
2666 1139 2699 1177 a
2741 1122 2976 1178 domino
3026 1122 3556 1196 Hierosolymitano

1902 1209 2255 1281 patriarcha,
2292 1209 2351 1265 ui
2384 1208 2625 1280 pallium
2654 1211 2955 1282 reciperet,
2978 1211 3159 1267 invito
3190 1216 3247 1267 et
3263 1211 3558 1268 renitente

1902 1300 2101 1356 eodem
2131 1314 2234 1354 suo
2256 1303 2678 1365 consecratore,
2714 1298 2898 1356 Roma
2947 1299 3240 1372 profectus
3283 1305 3376 1357 est
3411 1301 3553 1356 :ubi

1903 1405 1937 1445 a
1965 1387 2200 1444 domino
2234 1405 2379 1459 papa
2411 1387 2661 1444 Honorio
2676 1389 2934 1444 secundo
2951 1388 3199 1461 benigne
3222 1397 3554 1460 susceptus,

1903 1478 2054 1549 quod
2078 1477 2309 1549 petebat
2334 1477 2612 1542 obtinuit,
2644 1492 2775 1532 cum
2806 1477 2988 1533 multa
3008 1477 3475 1548 honorificentia,
3498 1483 3561 1535 et

1903 1566 1974 1622 de
2003 1565 2454 1635 apostolicarum
2478 1566 2877 1635 prosecutione
2899 1566 3244 1636 litterarum,
3267 1567 3557 1624 remissus

1903 1658 1970 1711 ad
2008 1656 2239 1727 propria
2267 1673 2280 1722 ;
2308 1671 2557 1727 quarum
2593 1656 2685 1712 bic
2718 1661 2842 1711 erat
2869 1662 3039 1712 tenor
3070 1673 3083 1712 :

154 1749 413 1821 Rogerus
427 1749 673 1805 classem
687 1748 984 1819 galearum
1003 1748 1389 1819 quadraginta
1404 1747 1588 1803 multo
1602 1747 1793 1804 studio
1823 1762 1872 1829 B
1974 1746 2274 1801 Horremus
2296 1747 2599 1816 episeopus,
2616 1761 2800 1801 servus
2817 1761 3105 1801 servorum
3128 1747 3249 1813 Dei,
3274 1746 3562 1803 venerabi·

149 1842 434 1913 paratam,
478 1840 548 1893 ad
581 1847 767 1911 partes
816 1839 1018 1894 Africae
1072 1838 1289 1894 dicitur
1336 1839 1659 1907 direxisse;
1694 1839 1793 1893 ubi

148 1944 348 1985 earum
384 1929 631 1982 adventu
664 1927 1032 1999 praecognito,
1054 1926 1433 1999 provinciales
1448 1927 1792 1998 praemoniti,

150 2017 385 2089 provide
407 2031 466 2071 se
497 2015 806 2085 habentes,
841 2016 1064 2071 nullam
1096 2016 1365 2073 hostibus
1407 2017 1652 2073 nocendi
1685 2015 1793 2072 sibi

149 2105 522 2177 praebuerunt
542 2105 1035 2177 opportunitatem
1072 2123 1084 2160 :
1108 2105 1226 2162 imo
1251 2122 1278 2161 e
1298 2123 1575 2162 converso
1597 2107 1794 2178 galeas

151 2211 296 2267 quas
329 2211 474 2266 pene
505 2212 566 2249 so
608 2195 920 2256 habebant,
979 2196 1173 2251 studio
1223 2213 1337 2251 non
1395 2195 1667 2251 inferiore
1707 2212 1796 2250 ar-

152 2287 403 2351 mantes,
434 2283 741 2356 praedictos
774 2285 1174 2339 malefactores
1199 2300 1353 2352 suos,
1387 2285 1597 2340 infecto
1629 2300 1797 2355 nego·

156 2375 235 2430 tio
268 2374 595 2436 redeuntes,
628 2388 799 2427 cursu
834 2372 1133 2428 celerrimo
1159 2379 1589 2445 persequentes,
1611 2391 1797 2446 usque

156 2463 214 2517 in
265 2462 522 2516 Siciliam
567 2460 786 2517 devecti
838 2466 1010 2528 sunt;
1063 2477 1176 2532 quo
1217 2464 1616 2531 pervenientes
1665 2480 1793 2520 cum

156 2549 339 2622 galeis
379 2550 693 2620 octoginta,
734 2550 935 2605 urbem
995 2551 1419 2622 Syracusanam
1461 2553 1712 2608 nobilem
1744 2558 1800 2610 et

159 2639 486 2712 antiquam,
540 2638 710 2709 longa
754 2655 892 2709 pace
931 2638 1208 2706 desidem,
1251 2656 1514 2696 securam
1564 2645 1620 2696 et
1654 2641 1797 2696 nibil

156 2727 272 2782 tale
337 2734 652 2790 verentem,
700 2727 1127 2799 aggrediuntur
1183 2728 1396 2797 subit0,
1440 2732 1496 2785 et.
1533 2731 1799 2799 protinus

158 2822 443 2884 occupant
493 2814 784 2870 violenter.
825 2815 1163 2884 Impugnata
1220 2817 1390 2872 etiam
1439 2818 1598 2885 urbe,
1644 2819 1799 2873 cives

159 2903 502 2959 obtruncant
532 2903 1013 2975 gl.·2diis,.nemini
1050 2912 1349 2976 parcentes
1383 2924 1556 2962 sexus
1588 2908 1798 2963 intuitu

161 2993 248 3050 vel
280 2994 511 3062 aetatis3
545 2995 756 3064 quibus
787 3000 981 3052 autem
1022 2998 1385 3068 parcebatur,
1418 2998 1577 3053 omni
1617 3004 1802 3056 morte

163 3083 366 3138 durior
415 3084 663 3139 servitus
713 3086 1042 3155 parabatur.
1092 3086 1265 3143 Porro
1329 3088 1634 3158 episcopus
1692 3088 1802 3144 loci

1903 1836 2046 1891 libus
2072 1835 2339 1904 fratribvs
2360 1834 2726 1906 suffraqaneis
2757 1836 3056 1904 Episcopis,
3088 1835 3232 1892 clero
3260 1839 3313 1892 et
3354 1836 3562 1908 populo
3619 1880 3624 1885 .

1903 1926 2053 1998 Tyri,
2074 1926 2313 1980 salutem
2341 1928 2391 1979 et
2419 1925 2773 1994 apostolicam
2796 1924 3241 1980 benedictionem.

1982 2016 2352 2070 Venetientem
2384 2013 2458 2068 ad
2476 2030 2575 2068 nos
2608 2014 2996 2069 charissimum
3039 2017 3277 2087 fratrem
3299 2023 3558 2070 nostrum

1908 2104 2258 2167 Willelmum,
2280 2103 2748 2173 arehiepiscopum
2777 2106 3033 2169 vestrum,
3062 2103 3241 2158 debila
3281 2103 3562 2159 charitate

1901 2194 2222 2264 recepimus,
2254 2197 2312 2246 et
2340 2206 2498 2262 quem
2518 2193 2787 2247 canonice
2813 2190 3062 2260 electum,
3093 2198 3148 2247 et
3174 2208 3214 2246 a
3242 2192 3561 2247 venerabili

1899 2285 2077 2352 tratre
2124 2283 2311 2335 nostro
2359 2280 2696 2341 Gormundo,
2757 2280 3255 2352 Hierosolymitano
3303 2284 3557 2352 patriar·

1900 2371 2004 2428 cha
2024 2378 2400 2426 consecratum
2429 2371 2762 2441 accepimus,
2794 2370 2956 2440 pallii
2986 2372 3284 2441 diqnitate,
3315 2371 3564 2443 plenitu-

1902 2461 2032 2516 dine
2058 2459 2302 2515 videlieet
2348 2458 2681 2530 pontificalis
2728 2458 2923 2532 officii,
2968 2460 3383 2517 decoravimus,
3418 2460 3561 2528 Quia

1902 2565 2027 2606 vero
2058 2549 2123 2604 de
2152 2563 2383 2619 persona
2412 2565 2515 2603 sua
2545 2550 2850 2603 maximum
2879 2552 3125 2621 [ructum
3171 2549 3349 2605 matri
3375 2551 3557 2607 ecele-

1904 2641 2000 2694 siae
2029 2644 2223 2693 vestroe
2254 2639 2402 2709 Tyri,
2424 2637 2614 2693 divina
2643 2637 3406 2710 suffragantemisericordia,
3435 2653 3557 2695 cre·

1905 2728 2084 2783 dimus
2113 2731 2526 2798 proventurum,
2559 2730 2739 2798 ipsum
2757 2744 2879 2783 eum
2899 2729 3080 2796 qratia
3106 2729 3255 2784 sedis
3286 2729 3555 2800 apostoli-

1906 2832 2002 2884 σω,
2033 2822 2085 2871 et
2105 2827 2417 2871 nostrarum
2440 2816 2748 2871 litterarum
2783 2818 3185 2886 prosecutione,
3236 2816 3308 2872 ad
3339 2833 3432 2873 vos
3453 2817 3557 2872 du-

1905 2908 2091 2961 ximus
2104 2905 2502 2961 remittendum.
2522 2907 2627 2963 Uni
2632 2907 2882 2961 versitati
2891 2921 3021 2976 erqo
3034 2913 3231 2962 vestrae
3243 2905 3560 2962 mandando

1907 2998 2274 3070 praecipimus,
2304 3003 2571 3067 quatenus
2601 3011 2723 3051 eum
2754 2994 2984 3067 benique
3013 2996 3314 3067 recipiatis,
3365 3003 3425 3052 et
3447 3003 3561 3051 tan·

1914 3103 2079 3159 quam
2108 3087 2327 3157 proprio
2359 3084 2779 3155 metropolitano
2809 3092 2863 3141 et
2909 3087 3225 3142 animorum
3253 3095 3561 3142 vestrarum

164 3187 295 3226 cum
328 3170 529 3241 paucis
559 3171 814 3227 ecclesiae
841 3172 1066 3229 clericis
1098 3175 1164 3227 ad
1193 3175 1531 3231 suburbana
1549 3177 1797 3250 fugienS,
1832 3137 1874 3206 c
1912 3179 2177 3246 episcopo,
2218 3175 2626 3246 subjectionem,
2677 3175 3037 3231 obedientiam
3081 3178 3138 3231 et
3187 3177 3556 3233 reverentiam

161 3259 258 3313 vix
288 3260 490 3315 evasit.

745 3347 975 3403 CAPUT
1005 3349 1210 3405 XXIII.

162 3436 311 3507 Tyri,
342 3437 557 3506 primus
587 3437 906 3492 Latinorum
954 3441 1308 3495 constituitur
1343 3440 1797 3512 archiepiscopus.

232 3523 379 3580 Vere
391 3526 624 3581 demum
640 3526 903 3598 proxime
920 3528 1470 3600 subsecut0,quarto
1485 3547 1555 3584 an
1568 3548 1638 3585 no
1655 3534 1801 3601 post·

160 3630 337 3686 quam
366 3614 569 3670 civitas
600 3616 733 3672 fidei
756 3616 1021 3672 restituta
1042 3623 1129 3674 est
1151 3617 1511 3684 Christianae,
1542 3636 1635 3674 rex
1667 3636 1798 3674 cum

161 3705 398 3760 domino
432 3706 778 3777 patriarcba,
812 3712 868 3763 et
900 3708 1211 3779 maj0ribus
1255 3709 1415 3781 regni
1441 3708 1801 3781 principibus

160 3797 313 3866 apud
351 3796 554 3868 Tyrum
583 3798 1012 3865 convenientes,
1038 3800 1108 3854 de
1133 3799 1403 3869 pontifice
1422 3800 1606 3855 eidem
1632 3800 1803 3856 eccle-

159 3887 256 3942 siae
287 3887 610 3943 ordinando
641 3894 935 3954 coeperunt
959 3889 1172 3945 habere
1199 3895 1507 3946 tractatum
1540 3891 1804 3946 tandem·

159 3991 275 4046 que
323 3978 624 4031 dominum
684 3977 1063 4046 Willelmum,
1123 3979 1309 4034 virum
1389 3980 1800 4046 venerabilem,

159 4062 416 4119 ecclesias
448 4065 734 4120 Dominici
769 4066 1024 4136 Sepulcri
1052 4069 1323 4139 priorem,
1350 4070 1578 4124 natione
1607 4068 1804 4141 Angli·

161 4167 314 4219 cuni,
348 4154 462 4208 vita
492 4159 548 4208 et
572 4153 832 4208 moribus
864 4158 1417 4224 commendabilem,
1450 4159 1637 4214 eidem
1672 4158 1801 4213 urbi

162 4243 502 4312 praetlciunt.
539 4244 782 4312 IIicjam
814 4245 968 4299 novit
999 4246 1305 4308 Dominus,
1338 4264 1451 4303 non
1490 4264 1803 4320 possumus

163 4327 303 4382 satis
334 4330 602 4397 geminus
637 4329 941 4399 cobibere;
987 4350 1113 4388 nam
1171 4334 1322 4389 sicut
1372 4337 1805 4407 proverbialiter

160 4416 272 4471 dici
303 4415 458 4471 solet
490 4432 503 4473 ε
542 4417 645 4474 Ubi
675 4433 851 4488 amor,
886 4421 964 4476 ibi
990 4423 1209 4483 oculus:
1239 4424 1336 4479 ubi
1364 4424 1543 4493 dolor,
1574 4426 1653 4481 ibi
1682 4442 1801 4480 ma-

1907 3266 2192 3321 humiliter
2220 3265 2509 3334 deseratis.

1981 3354 2280 3411 nosomus
2302 3356 2600 3426 episcopus,
2633 3371 2818 3411 servus
2844 3370 3125 3410 servorum
3151 3355 3268 3424 Dei,
3310 3370 3554 3412 venera-

1906 3444 2008 3500 bili
2052 3446 2219 3514 sratri
2248 3445 2579 3500 Goauuuoo
2637 3444 3128 3516 Hierosolymitano
3175 3444 3543 3516 patriarchae,

1905 3535 2145 3592 salutem
2173 3541 2227 3591 et
2255 3537 2610 3605 apostolicam
2659 3535 3110 3592 benedictionem.

1982 3626 2253 3697 Suseeptis
2282 3628 2649 3694 fraternitatis
2673 3631 2780 3680 tuae
2810 3626 3019 3680 litteris
3041 3627 3275 3693 fratrem
3302 3632 3558 3682 nostrum

1912 3715 2282 3783 Guillelmum‚
2310 3731 2468 3787 quem
2489 3716 2546 3770 in
2578 3714 2804 3771 ecclesia
2838 3715 2964 3787 Tyri
2975 3714 3309 3771 consecrasti
3336 3716 3557 3772 arehie-

1909 3806 2206 3877 piscopum,
2237 3804 2471 3872 benique
2489 3804 2848 3875 suscepimus,
2881 3812 2932 3861 et
2957 3820 3083 3859 eum
3096 3804 3376 3873 divnitate
3392 3806 3555 3876 palii,

1909 3892 2250 3965 plenitudine
2277 3892 2528 3948 videlicet
2543 3893 2879 3964 pontificalis
2914 3895 3108 3963 officii,
3153 3893 3558 3949 decoravimus.

1911 3980 2291 4053 Suffraqaneis
2329 3983 2497 4037 etiam
2526 3982 2769 4039 eeclesioe
2803 3998 2916 4037 suae
2955 3980 3267 4037 mandando
3294 3983 3555 4055 praecipi·

1912 4090 2053 4142 mtts,
2085 4080 2350 4144 quatenus
2378 4073 2432 4126 ei
2454 4073 2948 4142 tanquamproprio
2975 4071 3557 4141 metropolitano.sub-

1901 4165 2221 4235 jectionem,
2254 4162 2614 4217 obedientiam
2646 4168 2700 4216 et
2716 4163 3081 4216 reverentiam
3098 4160 3375 4229 deferant.

1985 4254 2124 4306 Data
2158 4254 2215 4305 in
2247 4251 2529 4305 territorio
2561 4252 2807 4317 Barensi,
2843 4266 2939 4305 vm
2962 4251 3094 4304 Idus
3122 4248 3288 4305 Iulii.

1983 4340 2131 4393 Misit
2161 4338 2337 4394 etiam
2370 4343 2427 4394 et
2459 4355 2591 4394 cum
2625 4340 2827 4394 eodem
2873 4337 3331 4409 archiepiscopo.
3364 4337 3556 4393 domi-

1916 4445 2057 4483 num
2090 4427 2357 4500 Egidium
2392 4428 2790 4485 Tusculanum
2824 4428 3184 4500 episcopum,
3223 4427 3557 4499 apostolicas

157 4522 303 4573 nus,-
345 4504 467 4561 haec
517 4523 622 4562 nos
674 4515 947 4577 premunt
985 4512 1184 4580 altius,
1218 4518 1274 4566 et
1312 4513 1535 4569 inflicto
1584 4511 1800 4584 dolore,
1835 4510 1880 4575 D
1912 4516 2554 4588 sedislegatum,virum
2577 4516 2947 4588 eloquentem
2965 4516 3353 4571 etlitteratnm
3370 4517 3558 4572 admo·

157 4597 473 4667 proecordia
504 4614 616 4652 non
649 4597 849 4654 sinunt
883 4602 1202 4671 quiescere.
1247 4601 1619 4658 Admirantes
1643 4604 1800 4659 enim

158 4685 314 4740 illius
344 4685 623 4756 temporis
658 4687 1046 4759 prudentiam,
1069 4690 1425 4746 baeremusin
1446 4691 1798 4761 nosbisipsis

157 4774 323 4846 quasi
348 4777 735 4830 temeritatem
758 4788 1108 4845 reputantes.
1144 4779 1288 4838 Nam
1321 4781 1418 4852 qui
1448 4780 1682 4838 biennio
1698 4799 1790 4837 an·

157 4867 394 4933 tequam
431 4863 699 4934 proetlicta
728 4867 928 4923 civitas
960 4869 1298 4926 Christianae
1331 4872 1801 4927 restituereturli·

159 4950 397 5018 bertati,
438 4954 775 5025 episcopum
808 4957 886 5012 ibi
929 4969 1400 5016 consecraverant
1453 4961 1589 5033 sibi,
1636 4966 1802 5034 post-

160 5038 398 5095 modum
431 5042 640 5113 supina
669 5049 933 5102 etcrassa
946 5048 1242 5118 prudentia
1265 5050 1514 5122 usquein
1534 5057 1800 5123 quartum

159 5142 379 5184 annum
413 5129 768 5188 distulerunt
797 5135 982 5191 eidem
1033 5138 1344 5194 artistitem
1387 5140 1704 5213 providere,
1739 5148 1801 5197 ut

155 5217 393 5272 interim
438 5218 735 5277 distractis
792 5223 1074 5289 ecclesiis,
1124 5231 1181 5282 et
1232 5229 1508 5286 catedrali
1557 5229 1799 5286 ecclesia

158 5306 440 5363 membris
474 5311 740 5367 mutilata
789 5316 1058 5386 propriis,
1101 5318 1200 5389 qui
1233 5319 1460 5391 primus
1507 5325 1801 5377 accederet

154 5410 360 5450 curam
397 5397 617 5454 babens
663 5402 986 5470 regiminis,
1037 5422 1170 5461 cum
1213 5408 1514 5466 maledicto
1565 5409 1798 5466 bomine

155 5487 378 5553 partem
410 5484 751 5544 deteriorem
787 5493 1107 5564 acciperet;
1146 5497 1424 5567 scriptum
1459 5503 1544 5553 est
1592 5501 1747 5555 enim
1778 5515 1798 5555 .·

156 5565 485 5628 Maledictus
515 5579 696 5645 nomo,
716 5577 815 5648 qui
851 5594 1011 5636 suam
1037 5588 1261 5651 partem
1288 5584 1613 5642 deteriorem
1638 5589 1797 5659 tacit.

1912 4606 2060 4673 lum,
2115 4609 2284 4677 cujus
2318 4621 2498 4677 usque
2547 4605 2718 4661 bodie
2756 4611 2987 4661 exstant
3037 4607 3104 4661 ad
3162 4605 3554 4661 Antiochenos

1910 4697 2167 4769 epistolae
2200 4696 2363 4752 valde
2394 4696 2647 4752 celebres
2680 4712 2693 4753 ε
2724 4713 2824 4768 per
2863 4713 3036 4768 quem
3070 4695 3438 4751 Antiocheno
3466 4711 3558 4766 pa-

1910 4786 2176 4842 triarcbae
2225 4786 2484 4841 Bernado
2525 4785 2829 4855 epistolam
2896 4784 3152 4855 scripsit,
3206 4799 3455 4840 monens
3496 4789 3554 4838 ut

1909 4875 2146 4931 domino
2177 4874 2417 4945 Tyrensi
2450 4890 2610 4940 suos,
2663 4890 2810 4946 quos
2857 4873 3175 4941 detinebat,
3223 4872 3560 4929 restitueret

1908 4965 2333 5035 suffraganeos,
2369 4963 2451 5019 ait
2480 4963 2633 5018 enim
2666 4962 2818 5018 inter
2832 4967 3036 5018 caetera
3066 4978 3081 5030 ;
3118 4961 3268 5018 Unde
3294 4976 3559 5034 pet-apos-

1908 5055 2075 5111 tolica
2106 5052 2310 5124 scripta
2361 5060 2414 5108 et
2463 5052 2823 5107 venerabilem
2878 5055 3112 5121 fratrem
3156 5054 3411 5106 nostrum
3430 5052 3556 5120 Eoi·

1908 5144 2069 5213 tium,
2105 5144 2477 5199 Tusculanum
2506 5144 2838 5214 episcopum.
2890 5142 3205 5213 apostolicae
3243 5139 3390 5196 sedis
3413 5141 3561 5210 lequ-

1905 5243 2025 5290 tum
2054 5236 2160 5289 tibi
2181 5233 2533 5302 mandamus,
2574 5239 2839 5303 quatenus
2873 5230 3254 5303 suffraqancos
3298 5230 3557 5301 Tyrensis

1906 5325 2156 5380 Ecclestae
2184 5321 2293 5378 sibi
2324 5323 2573 5377 restituas
2602 5338 2621 5376 .·
2652 5320 2795 5393 quod
2841 5322 2953 5374 nisi
2991 5321 3150 5390 infra
3180 5318 3556 5390 quadrapinta

1906 5414 2028 5477 ties,
2056 5417 2178 5484 post
2198 5427 2389 5468 earum
2421 5409 2814 5481 inspectionem
2845 5410 3185 5473 litterarum,
3216 5423 3351 5480 quas
3378 5408 3555 5466 adeos

1906 5500 2234 5569 direximus,
2266 5500 2506 5555 debitam
2526 5500 2579 5553 ei
2619 5498 3008 5569 subjectionem
3045 5496 3424 5567 exhibuerint,
3456 5513 3556 5554 nos

1905 5604 1978 5649 ex
2002 5594 2135 5647 tunc
2160 5603 2247 5647 eos
2275 5588 2344 5646 ab
2371 5586 2554 5660 officio
2581 5587 2818 5661 episcopi
2843 5585 3246 5660 suspendimus.
3265 5583 3421 5653 Quid
3448 5601 3550 5644 au·
