3784 6000
120 160 264 219 1129

1048 152 1055 161 ’
1142 158 1516 216 EPISTOLAE
1552 158 1645 216 ET
1682 159 2114 222 PRIVILEGIA.
2157 199 2225 210 —
2262 169 2377 227 AN.
2420 167 2581 229 1182.

3403 186 3545 243 1130

118 286 391 344 retinere.
435 282 825 340 prohibemus
853 282 1098 358 insuper
1127 289 1189 341 ut
1225 283 1374 341 nulli
1403 284 1654 344 fratrum
1677 301 1780 344 ve·
1808 288 1860 343 A
1961 292 2083 363 Ego
2110 292 2324 352 Lucius
2350 296 2656 355 catholicae
2683 301 2955 359 Ecclesiae
2980 303 3327 379 episcopus.

121 378 405 440 atrorum,
422 378 563 446 post
593 371 810 429 factam
831 371 1042 429 eodem
1070 372 1200 430 loco
1218 374 1671 446 professionem,
1691 374 1782 433 fas

123 452 197 520 sit
222 463 452 535 absque
473 461 710 518 abbatis
728 463 822 517 sui
847 461 1086 519 licentia
1105 462 1180 518 de
1201 463 1413 522 eodem
1431 464 1564 522 loco
1584 466 1784 522 disce-

125 553 266 609 dere
293 574 304 616 3
334 550 741 607 discedentem
778 567 916 607 vero
937 551 1170 624 absque
1191 554 1610 610 communium
1635 553 1785 610 litte-

124 657 330 700 rarum
361 640 634 696 cautione
652 639 849 695 nullus
879 640 1099 696 audeat
1117 641 1386 698 retinere.
1412 645 1560 699 Cum
1580 649 1785 699 autem

126 729 403 804 generale
421 729 731 785 interdictu
743 746 800 785 m
822 733 991 785 terrae
1005 727 1200 794 fuerit,
1217 728 1393 787 liceat
1408 730 1605 795 vobis,
1623 731 1781 789 clau·

127 820 214 876 sis
236 819 464 891 januis,
496 817 758 874 exclusis
791 819 1330 875 excommunicatis
1351 824 1409 876 et
1431 820 1782 888 interdictis,

124 923 250 967 non
279 907 527 982 pulsatis
549 907 884 979 campanis,
910 922 1234 979 suppressa
1254 923 1398 965 voce
1418 908 1626 966 divina
1653 908 1782 966 offi-

124 997 220 1055 cia
250 996 549 1053 celebrare
580 1013 592 1049 :
623 995 884 1052 chrisma
898 1011 1060 1062 veru,
1089 995 1290 1053 oleum
1314 1002 1611 1064 sanctum,
1644 1014 1783 1055 con·

123 1086 486 1144 sacrationes
512 1083 792 1141 altarium
819 1099 924 1140 seu
938 1083 1346 1151 basilicarum,
1372 1086 1781 1145 ordinationes

123 1175 476 1234 clericorum
516 1173 619 1247 qui
655 1174 732 1230 ad
768 1188 971 1231 sacros
1008 1173 1250 1232 ordines
1287 1173 1507 1234 fuerint
1544 1192 1782 1250 promo-

124 1262 325 1330 vendi,
353 1281 390 1321 a
414 1262 760 1320 dioecesano
777 1262 1093 1334 suscipatis
1121 1265 1430 1338 episcop0,
1460 1264 1508 1321 si
1533 1266 1779 1338 quidem

123 1353 452 1412 catholicus
475 1352 667 1417 fuerit,
699 1355 757 1407 et
783 1352 1039 1422 gratiam
1078 1358 1257 1426 atque
1287 1355 1780 1411 communionem

124 1440 473 1515 apostolicae
496 1439 654 1495 sedis
670 1439 966 1509 habuerit,
981 1444 1038 1495 et
1055 1456 1126 1497 ea
1142 1441 1315 1497 vobis
1339 1442 1523 1513 gratis
1553 1449 1611 1499 et
1639 1442 1781 1500 abs-

123 1546 242 1604 que
296 1530 586 1602 gravitate
617 1528 822 1601 aliqua
868 1528 1116 1586 voluerit
1156 1530 1456 1588 exhibere.
1503 1531 1780 1605 Alioquin

123 1619 298 1676 liceat
330 1618 500 1675 vobis
533 1633 959 1690 quemcunque
993 1618 1321 1675 malueritis
1360 1620 1525 1676 adire
1553 1620 1780 1678 antisti·
1810 1648 1853 1703 B

123 1714 265 1775 tem,
298 1708 401 1782 qui
432 1707 715 1763 nimirum
757 1712 957 1762 nostra
997 1706 1180 1763 fultus
1208 1708 1581 1774 auctoritate,
1613 1711 1779 1784 quod

123 1796 464 1872 postulatur
489 1795 816 1865 indulgeat.
844 1794 1231 1852 Prohibemus
1253 1797 1432 1853 etiam
1461 1802 1524 1854 ut
1552 1798 1776 1867 nullus,

122 1891 339 1962 praeter
367 1884 748 1941 Basiliensem
767 1885 1147 1957 episcopum,
1174 1885 1369 1957 ipsius
1396 1886 1508 1943 loci
1527 1886 1779 1945 advoca·

125 1979 268 2034 tiam
293 1989 584 2047 occupare
608 1978 958 2046 praesumat.
986 1972 1366 2045 Sepulturam
1384 1980 1673 2048 praeterea
1694 1977 1779 2050 ip-

125 2066 252 2122 sius
281 2063 399 2120 loci
418 2063 666 2119 liberam
697 2077 825 2117 esse
852 2061 1248 2128 decernimus,
1276 2067 1570 2120 uteorum
1597 2065 1778 2122 devo·

122 2154 268 2210 tioni
298 2157 354 2208 et
383 2157 664 2208 extremae
686 2149 973 2207 voluntati
1003 2151 1107 2223 qui
1142 2167 1204 2207 se
1234 2150 1348 2208 illic
1379 2154 1617 2226 sepeliri
1639 2155 1782 2211 deli-

123 2240 477 2308 beraverint,
512 2239 628 2296 nisi
659 2238 808 2296 forte
837 2240 1344 2298 excommunicati
1369 2241 1456 2298 vel
1483 2242 1779 2303 interdicti

125 2333 266 2400 sint,
293 2329 492 2388 nullus
529 2328 797 2395 obsistat,
840 2327 1008 2385 salva
1046 2335 1246 2385 tamen
1278 2330 1509 2401 ,iustitia
1545 2332 1781 2390 illarum

125 2420 512 2478 ecclesiarum
560 2434 597 2475 a
650 2416 873 2492 quibus
928 2422 1261 2475 mortuorm
1304 2436 1557 2493 corpora
1607 2438 1783 2479 assu-

130 2513 394 2567 muntur.

196 2598 465 2657 obeunte
494 2613 636 2654 vero
666 2603 741 2663 te,
774 2611 936 2653 nunc
967 2595 1239 2667 eJ‘usdem
1271 2596 1387 2654 loci
1413 2598 1661 2670 abbate,
1689 2600 1783 2659 vel

127 2694 368 2744 tuorum
397 2685 665 2759 quolibet
702 2701 1138 2752 successorum,
1173 2685 1373 2743 nullus
1407 2688 1489 2745 ibi
1516 2689 1785 2762 qualibet

129 2776 530 2849 subreptionis
554 2774 773 2832 astutia
799 2791 902 2831 seu
937 2775 1218 2833 violentia
1238 2783 1641 2850 proeponatur,
1666 2779 1781 2836 nisi

129 2881 311 2940 quem
335 2864 546 2921 fratres
576 2864 884 2921 communi
915 2880 1217 2921 consensu
1244 2864 1336 2921 vel
1362 2864 1613 2924 fratrum
1641 2885 1782 2940 pars

1962 381 2083 448 Ego
2124 381 2326 440 Petrus
2366 387 2683 443 Tusculan.
2718 390 3067 464 episcopus.

1966 470 2180 527 Datum
2209 474 2435 531 velletri
2461 492 2567 549 per
2590 495 2836 535 manum
2867 480 3087 538 Alberti
3112 484 3169 541 S.
3202 485 3266 542 R.
3299 487 3363 542 E.
3384 502 3552 559 pres·

1892 556 2087 631 hyteri
2132 563 2450 621 cardinalis
2486 572 2541 622 et
2585 567 2942 638 cancellarii,
2968 586 3064 626 xiv
3117 573 3242 628 Kal.
3299 576 3546 649 Aprilis,

1891 647 2217 708 indictione
2270 669 2387 720 x1v,
2447 657 2743 713 incarnat.
2796 658 3121 716 Dominicoe
3162 677 3326 720 anno
3387 666 3548 734 1181,

1893 738 2278 809 pontificatus
2327 758 2466 800 vero
2502 744 2733 802 domini
2785 746 2942 803 Lucii
2979 763 3152 822 papae
3195 753 3345 809 tertii
3385 769 3548 813 anno

1895 840 2113 899 primo.

2613 923 2848 980 XLVIII.

1891 1004 2281 1078 Privileqium
2302 1025 2414 1080 pro
2442 1015 2798 1070 monasterio
2814 1015 2869 1070 S.
2905 1015 3179 1083 Quintini
3200 1019 3547 1079 Montensis.

2424 1081 2702 1153 (velletri,
2731 1086 2914 1158 April.
2946 1088 3024 1158 8.)

1965 1166 2248 1238 [Gorneari
2275 1168 2512 1226 abbatis
2541 1170 2616 1229 de
2644 1173 2970 1244 Novigento
2989 1178 3203 1249 Opera,
3233 1194 3293 1251 p.
3322 1179 3472 1253 620]

1965 1257 2183 1324 Luctus,
2235 1274 2442 1315 servus
2485 1275 2797 1318 servorum
2842 1262 2961 1331 Dei,
3003 1265 3233 1322 dilectis
3267 1267 3401 1323 filiis
3441 1269 3552 1326 ab·

1887 1344 2012 1401 bati
2039 1348 2247 1403 Montis
2286 1348 2484 1406 Sancti
2522 1350 2805 1421 Quintini,
2837 1353 3086 1426 ejusque
3117 1355 3399 1413 fratribus
3423 1361 3543 1414 tam

1890 1435 2308 1508 praesentibus,
2336 1454 2522 1511 quam
2550 1438 2783 1509 futuris,
2809 1446 2919 1496 etc.

1963 1524 2249 1582 Effectum
2275 1525 2437 1598 justa
2460 1527 2904 1600 postulantibus
2936 1531 3264 1602 indulgere,
3295 1538 3354 1588 et
3381 1535 3551 1604 vigor

1889 1613 2187 1687 requitatis
2211 1615 2620 1688 etordoexigit
2639 1619 2888 1674 rationis
2914 1636 2929 1687 ;
2957 1624 3286 1692 praesertim
3298 1623 3549 1695 quando

1888 1705 2216 1776 petentium
2259 1704 2625 1762 voluntatem
2649 1711 2701 1762 et
2749 1708 2938 1780 pietas
2969 1709 3215 1780 adjuvat
3240 1716 3296 1766 et
3323 1712 3543 1768 veritas

1889 1807 2013 1849 non
2049 1793 2346 1867 relinquit.
2391 1797 2737 1867 Eapropter,
2786 1796 2983 1853 dilecti
3023 1799 3082 1854 in
3127 1799 3380 1858 Domino
3414 1801 3541 1868 filii,

1889 1882 2097 1938 vestris
2112 1883 2286 1954 justis
2313 1883 2817 1956 postulationibus
2846 1886 3168 1943 clementer
3199 1888 3547 1956 annuimus,

1889 1975 1949 2028 et
1974 1970 2285 2044 prael'atum
2305 1973 2816 2031 monasteriumin
2832 1975 3173 2048 quodivino
3217 1976 3544 2049 mancipati

1891 2061 2034 2116 estis
2063 2060 2377 2144 obsequio,
2404 2061 2517 2117 sub
2538 2061 2696 2119 beati
2712 2064 2859 2119 Petri
2880 2068 2938 2120 et
2957 2069 3164 2120 nostra
3185 2064 3548 2137 protectione

1895 2149 2273 2223 suscepimus
2301 2153 2358 2206 et
2381 2152 2693 2222 praesentis
2715 2152 2915 2224 scripti
2943 2152 3250 2225 privilegio
3277 2169 3547 2210 commu-

1893 2239 2099 2295 nimus
2149 2256 2164 2306 ;
2207 2245 2534 2297 statuentes
2566 2245 2632 2297 ut
2671 2257 3067 2315 quascunque
3111 2244 3548 2315 possessiones,

1893 2344 2275 2402 quaecunque
2298 2329 2461 2386 bona
2499 2330 2659 2386 idem
2689 2332 3120 2388 monasterium
3146 2332 3552 2403 inpraesentia-

1896 2434 2030 2474 rum
2070 2418 2229 2489 juste
2272 2425 2327 2474 et
2373 2420 2662 2476 canonice
2705 2420 2994 2492 possidet,
3041 2421 3236 2477 autin
3279 2421 3548 2477 futurum

1896 2507 2284 2564 concessione
2313 2507 2685 2580 pontificum,
2702 2508 3019 2580 largitione
3035 2525 3245 2580 regum
3271 2509 3362 2565 vel
3391 2510 3552 2582 prin-

1897 2598 2123 2671 cipum,
2162 2596 2462 2654 oblatione
2499 2597 2770 2654 fidelium
2809 2614 2914 2654 seu
2953 2598 3084 2655 aliis
3112 2599 3288 2670 justis
3330 2599 3551 2666 modis,

1898 2690 2217 2758 praestante
2234 2686 2503 2757 Domino,
2529 2686 3426 2759 poteritadipisci,firma‚vobis
3457 2703 3555 2745 ve·

1898 2776 2153 2849 strisque
2191 2775 2639 2832 successoribus
2678 2780 2736 2832 et
2765 2774 2993 2833 illibata
3030 2781 3445 2848 permaneant.
3484 2777 3551 2834 ln

1897 2865 2121 2939 quibus
2159 2864 2289 2921 haec
2333 2865 2590 2939 propriis
2626 2865 2910 2923 duximus
2951 2865 3348 2937 exprimenda
3384 2882 3558 2923 voca·

128 2954 358 3013 consilii
395 2952 650 3012 sanioris
693 2954 1029 3011 secundum
1076 2952 1180 3010 Dei
1213 2955 1489 3013 timorem
1532 2962 1589 3013 et
1620 2957 1784 3017 beati
1823 2981 1865 3041 C
1896 2954 2056 3011 bulis
2096 2971 2110 3011 :

127 3044 439 3116 Augustini
490 3041 777 3113 Regulam
822 3041 1190 3115 providerint
1238 3043 1600 3116 eligendum.
1649 3048 1783 3105 Paci

128 3149 371 3207 quoque
397 3138 454 3190 et
475 3129 885 3204 tranquillitati
903 3136 1106 3187 vestroe
1124 3138 1375 3204 paterna
1391 3133 1786 3194 sollicitudine

128 3223 441 3296 providere
468 3220 754 3289 volentes,
774 3220 1123 3276 auctoritate
1154 3220 1482 3293 apostolica
1511 3225 1785 3296 prohibe·

128 3329 264 3370 mus
306 3317 388 3383 ut,
422 3310 579 3367 infra
609 3308 919 3367 clausuras
955 3308 1215 3366 locorum
1256 3326 1360 3367 seu
1394 3314 1783 3383 grangiarum

125 3406 486 3464 vestrarum,
509 3396 708 3455 nullus
727 3396 1202 3463 violentiam,vel
1224 3399 1503 3470 rapinam
1536 3416 1641 3457 seu
1667 3402 1787 3460 fur-

126 3495 256 3548 tum
299 3488 670 3545 committere
709 3487 912 3556 ignem
952 3502 1275 3558 apponere,
1326 3503 1431 3544 seu
1475 3490 1784 3549 hominem

128 3593 342 3650 cipere
374 3575 460 3632 vel
499 3574 826 3631 interficere
853 3574 1092 3632 audeat.
1125 3576 1509 3634 Decernimus
1547 3594 1692 3649 ergo
1723 3586 1789 3637 ut

126 3666 275 3724 nulli
302 3664 550 3721 omnino
572 3663 887 3719 hominum
915 3662 1006 3720 fas
1026 3664 1099 3719 sit
1124 3663 1438 3737 praefatam
1469 3666 1784 3725 ecclesiam

128 3762 350 3814 temere
376 3752 746 3828 perturbare,
781 3757 884 3809 aut
915 3753 1046 3825 ejus
1078 3757 1492 3827 possessiones
1529 3757 1784 3828 auferre,

126 3845 221 3901 vel
251 3846 483 3901 ablatas
501 3844 770 3909 retinere,
798 3842 1089 3910 minuere,
1105 3860 1209 3900 seu
1222 3845 1590 3919 quibuslibet
1611 3864 1788 3906 vexa-

129 3934 395 3992 tionibus
427 3931 673 4002 fatigare
705 3948 720 3999 ;
751 3931 860 3988 sed
876 3932 1331 4005 omniaintegra
1361 3943 1790 3994 conserventur

129 4039 339 4081 eorum
373 4038 480 4095 pro
506 4036 764 4094 quorum
799 4020 1232 4090 gubernatione
1258 4038 1329 4079 ac
1357 4026 1788 4082 sustentatione

129 4127 416 4170 concessa
444 4116 585 4167 sunt
612 4109 821 4165 usibus
851 4108 1221 4166 omnimodis
1253 4112 1587 4182 profutura,
1623 4115 1793 4172 salva

131 4202 289 4258 sedis
319 4199 659 4272 apostolicae
700 4198 1048 4254 auctoritate
1078 4205 1134 4255 et
1168 4198 1494 4257 dioecesani
1524 4202 1792 4276 episcopi

131 4289 425 4348 canonica
449 4287 706 4358 justicia.
743 4286 798 4342 Si
828 4302 953 4359 qua
992 4287 1171 4357 igitur
1210 4288 1570 4346 infuturum
1609 4291 1794 4349 eccle·

134 4380 374 4436 siastica
391 4374 768 4431 saecularisve
786 4391 1063 4447 persona,
1078 4376 1236 4433 hanc
1262 4384 1482 4435 nostrae
1512 4381 1795 4439 constitu-

134 4468 312 4525 tionis
345 4466 627 4538 paginam
659 4464 873 4529 sciens,
913 4471 1122 4522 contra
1158 4480 1294 4522 eam
1333 4471 1553 4526 temere
1598 4471 1794 4529 venire

134 4556 450 4614 tentaverit
496 4554 763 4608 secundo
799 4554 1039 4610 tertiove
1073 4556 1464 4628 commonita,
1511 4559 1623 4616 nisi
1668 4576 1796 4618 rea·

135 4653 268 4704 tum
296 4660 475 4699 suum
492 4642 679 4712 digna
697 4641 1101 4699 satisfactione
1123 4647 1460 4715 correxerit,
1480 4650 1793 4720 potestatis

133 4733 502 4805 honorisque
531 4732 621 4786 sui
644 4729 927 4801 dignitate
948 4738 1168 4799 careat,
1191 4749 1481 4809 reamque
1505 4753 1570 4793 se
1592 4738 1796 4796 divino

130 4823 358 4897 judicio
379 4823 628 4878 existere
650 4821 719 4874 de
742 4825 1083 4892 perpetrata
1106 4822 1416 4895 iniquitate
1440 4833 1794 4897 cognoscat,

136 4919 242 4970 eta
274 4910 679 4968 sacratissimo
705 4912 1324 4983 corporeetsanguine
1354 4913 1453 4970 Dei
1484 4916 1795 4974 etDomini

137 4998 547 5072 Redemptoris
590 5000 773 5054 uostri
808 4997 951 5054 Jesu
974 4998 1185 5055 Christi
1225 5001 1419 5058 aliena
1455 5003 1579 5071 flat,
1611 5012 1793 5079 atque

136 5092 198 5148 in
210 5094 365 5145 extre
377 5104 472 5144 mo
485 5088 763 5144 examine
781 5088 1059 5143 districtoe
1086 5088 1287 5145 ultioni
1309 5091 1801 5164 subjaceat-Cun-

139 5178 246 5235 ctis
268 5182 464 5233 autem
487 5176 681 5232 eidem
699 5175 833 5232 loco
862 5192 973 5233 sua
1003 5177 1138 5249 jura
1177 5180 1554 5237 servantibus
1587 5182 1664 5239 sit
1684 5198 1801 5255 pax

141 5265 377 5325 Domini
398 5265 585 5321 nostri
601 5266 737 5321 Jesu
759 5266 994 5330 Christi,
1015 5272 1317 5339 quatenus
1340 5269 1514 5326 ethic
1538 5269 1799 5330 fructum

135 5357 315 5415 bonae
345 5353 594 5410 actionis
632 5355 970 5427 percipiant
994 5361 1052 5413 et
1072 5358 1239 5429 apud
1264 5357 1605 5417 districtum
1638 5360 1799 5418 Judi-

142 5460 275 5502 cem
297 5443 548 5517 praemia
574 5447 812 5501 oeternoe
853 5445 1019 5518 pacis
1052 5444 1379 5504 inveniant.
1408 5451 1619 5507 Amen.

441 5570 676 5625 Parnoi..
715 5567 853 5626 CCI.

1969 3046 2130 3102 Duas
2159 3051 2360 3119 partes
2397 3044 2640 3102 decimae
2669 3061 2822 3118 quas
2857 3044 3251 3118 acquisivistis
3291 3045 3353 3101 in
3385 3045 3554 3103 terris

1892 3134 2142 3193 Joannis
2170 3134 2367 3192 Bortel
2390 3134 2597 3205 viginti
2623 3133 2871 3201 solidos,
2904 3140 3010 3191 etc.

1965 3224 2162 3281 Liceat
2188 3239 2430 3297 quoque
2461 3222 2629 3279 vobis
2669 3222 2914 3280 clericos
2945 3228 2999 3280 et
3037 3223 3222 3280 laicos
3261 3239 3292 3280 e
3332 3222 3553 3282 saeculo

1898 3312 2210 3385 fugientes,
2231 3311 2451 3369 liberos
2468 3316 2525 3368 et
2544 3311 2853 3370 absolutos
2879 3313 3109 3386 absque
3131 3313 3386 3386 alicujus
3413 3329 3560 3370 con-

1895 3399 2244 3457 tradictione
2282 3399 2357 3455 ad
2386 3400 2840 3456 conversionem
2864 3401 3147 3473 recipere,
3188 3406 3245 3456 et
3273 3401 3332 3456 in
3357 3407 3556 3458 vestro

1899 3489 2240 3545 monaserio
2293 3489 2558 3545 retinere.
2601 3488 2989 3545 Prohibemus
3028 3490 3274 3561 insuper
3308 3494 3374 3545 ut
3412 3487 3558 3546 nulli

1900 3579 2159 3634 fratrum·
2181 3582 2513 3633 vestrorum
2529 3581 2666 3649 post
2686 3576 2906 3633 factum
2939 3576 2997 3631 in
3025 3577 3239 3633 eodem
3268 3577 3395 3633 loco
3427 3595 3561 3649 pro-

1898 3666 2241 3733 sessionem,
2259 3666 2373 3722 nisi
2398 3665 2669 3722 arctioris
2683 3665 2989 3736 religionis
3022 3666 3294 3733 obtentu,
3324 3664 3558 3737 absque

1898 3757 2134 3815 abbatis
2148 3756 2240 3813 sui
2261 3755 2517 3820 licentia,
2538 3755 2627 3812 fas
2645 3756 2719 3811 sit
2734 3755 2809 3811 de
2827 3754 3041 3811 eodem
3061 3754 3193 3811 loco
3214 3753 3520 3811 discedere
3549 3771 3563 3812 ε

1899 3845 2301 3903 discedentem
2342 3858 2481 3901 vero
2513 3843 2744 3917 absque
2774 3843 3189 3899 communium
3222 3842 3551 3900 litterarum

1902 3935 2175 3991 cautione
2191 3933 2390 3989 nullus
2401 3933 2621 3989 audeat
2638 3933 2911 3993 retinere.

1973 4022 2123 4080 Cum
2172 4027 2372 4079 autem
2407 4020 2683 4092 generale
2726 4019 3109 4076 interdictum
3149 4023 3315 4077 terrae
3358 4018 3559 4102 fuerit,

1901 4111 2075 4169 liceat
2102 4109 2293 4178 vobis,
2313 4110 2519 4182 jannis
2539 4109 2776 4178 clausis,
2812 4125 2929 4167 non
2954 4107 3205 4181 pulsatis
3227 4108 3564 4181 campanis,

1904 4199 2160 4258 exclusis
2202 4199 2737 4256 excommunicatis
2772 4203 2832 4255 et
2867 4197 3219 4269 interdictis,
3265 4197 3568 4253 submissa

1906 4305 2051 4347 voce
2082 4288 2283 4346 divina
2299 4288 2497 4345 officia
2524 4288 2846 4346 celebrare.

1980 4381 2133 4436 Sane
2184 4378 2490 4434 novalium
2522 4382 2881 4444 vestrorum,
2910 4393 3045 4449 quae
3076 4375 3335 4449 propriis
3371 4374 3569 4433 mani-

1905 4469 2024 4527 bus
2056 4466 2149 4524 vel
2179 4465 2521 4539 sumptibus
2537 4465 2747 4534 colitis,
2772 4467 2896 4522 sive
2916 4466 2991 4522 de
3017 4465 3400 4522 nutrimentis
3428 4462 3564 4521 ani·

1907 4556 2157 4616 malium
2183 4560 2536 4623 vestrorum,
2565 4572 2602 4612 a
2628 4556 2798 4612 vobis
2810 4555 3077 4611 decimas
3102 4554 3337 4623 exigere
3365 4552 3451 4609 vel
3468 4567 3567 4609 ex-

1907 4652 2183 4720 torquere
2205 4644 2402 4701 nullus
2421 4649 2766 4717 praesumat.
2791 4643 2854 4698 In
2888 4640 3337 4715 parochialibus
3363 4656 3437 4696 au
3449 4644 3567 4696 tem

1908 4734 2170 4794 ecclesiis
2192 4749 2347 4807 quas
2380 4734 2636 4799 habetis,
2665 4732 2838 4789 liceat
2877 4731 3048 4787 vobis
3086 4728 3426 4785 sacerdotes
3466 4727 3567 4784 eli-

1910 4841 2048 4898 gere
2066 4824 2487 4881 etdioecesano
2513 4822 2796 4893 episcopo
2824 4823 3208 4893 proesentare,
3241 4817 3490 4891 quibus,
3520 4816 3570 4872 si

1910 4913 2112 4972 idonei
2155 4912 2392 4977 suerint,
2434 4912 2520 4967 eis
2559 4903 2770 4966 curam
2811 4909 3081 4965 animam
3117 4906 3470 4971 committat,
3509 4909 3576 4962 ut

1912 5004 2052 5061 eide
2078 4999 2505 5075 spiritualibus,
2534 5000 2708 5056 vobis
2740 5015 2875 5055 vero
2906 4998 2980 5053 de
3015 4995 3447 5069 temporalibus
3470 4994 3574 5051 dc·

1915 5092 2097 5150 beant
2114 5088 2502 5162 respondere.

1987 5180 2372 5254 Sepulturam
2395 5193 2638 5251 quoque
2668 5177 2860 5249 ipsius
2886 5175 3000 5232 loci
3025 5173 3277 5230 liberam
3307 5188 3435 5228 esse
3469 5171 3574 5229 de·

1916 5272 2236 5335 cernimus,
2253 5272 2314 5324 ut
2331 5282 2539 5323 eorum
2554 5265 2856 5322 devotioni
2886 5269 2942 5320 et
2957 5267 3236 5319 extremae
3256 5260 3576 5333 voluntati,

1916 5360 2024 5434 qui
2077 5374 2139 5414 se
2199 5356 2318 5414 illic
2353 5355 2588 5430 sepeliri
2628 5352 3111 5417 deliberaverint,
3142 5350 3257 5408 nisi
3292 5350 3441 5408 forte
3481 5365 3582 5407 ex·

1918 5443 2467 5516 communicative!
2499 5444 2794 5501 interdicti
2835 5442 2976 5511 sint,
3020 5439 3223 5498 nullus
3264 5439 3521 5498 obsistat
3561 5455 3575 5507 ;

3231 5564 3299 5620 36
