3784 6000
294 198 438 258 {w

1628 163 1633 167 ’
1719 187 1915 247 Lucu
1951 188 2033 246 m
2072 186 2279 248 PAPAE

3593 182 3713 243 ms

290 340 418 399 qua
442 321 694 394 igiturin
721 319 984 376 futurum
1001 313 1795 374 ecclesiasticasmciilarisve
1809 329 1946 387 per·
1976 316 2023 370 A
2052 315 2269 373 dicitur
2291 315 2587 388 Episcopi,
2619 319 2677 373 et
2702 310 2868 388 quod
2892 312 3066 386 juxta
3090 310 3297 370 locum
3351 311 3466 386 qui
3515 309 3714 367 dicitnr

293 429 465 478 sona,
496 417 607 468 etc.

544 515 748 557 amun
782 513 908 562 uos,
941 511 1097 562 usus,
1130 509 1432 550 situi-lais
1461 509 1689 550 nosrta.

367 591 488 663 Ego
518 589 728 645 Lucius
754 584 1062 642 catholicas
1096 582 1368 641 Ecclesiae
1399 582 1744 654 episcopus.

365 681 487 750 Ego
510 676 859 734 Theodorus
889 674 1215 747 episcopus
1248 671 1589 727 portuensis
1621 677 1680 726 et
1709 672 1941 727 Sancto

296 769 526 826 Rufinae
559 764 720 821 sedis
746 763 1088 836 episcopus.

366 860 490 929 Ego
516 854 798 910 Heni-icus
824 850 1175 908 albanensis
1205 848 1548 921 episcopus.

367 949 489 1017 Ego
512 944 777 1002 loannes
804 939 1006 1014 presb.
1036 939 1200 995 card.
1229 938 1313 995 tit.
1349 936 1549 996 Sancti
1578 937 1773 995 larci.

362 1033 486 1106 Ego
516 1033 822 1089 Laborans
848 1030 1050 1103 presb.
1091 1027 1255 1084 card.
1287 1028 1518 1084 Sanctia
1539 1025 1737 1083 Marias
1777 1031 1943 1083 trans

292 1123 571 1188 Tiberim,
604 1121 687 1178 tit.
722 1119 949 1177 calixti.

364 1215 484 1284 Ego
516 1208 840 1267 pandolfus
884 1207 1087 1280 presb.
1138 1204 1303 1262 card.
1359 1204 1448 1261 tit.
1501 1219 1580 1261 ιιι
1630 1202 1950 1276 Apostolo-

292 1317 493 1461 rugis-o
531 1385 768 1446 ardicio
810 1385 1106 1441 diaconus
1132 1381 1453 1440 cardinalis
1504 1381 1705 1439 Sancti
1759 1380 1949 1438 ‘l'heo-

294 1480 492 1638 ἀοὲἓο
504 1565 818 1623 Gratianus
831 1565 1186 1620 Sanctorum
1211 1559 1443 1618 Cosmus
1460 1565 1521 1616 et
1534 1558 1807 1617 Damiani
1823 1559 1949 1616 dia-

297 1671 489 1714 conus
513 1653 679 1711 card.

365 1743 489 1816 Ego
516 1741 822 1799 Soffredus
864 1741 1090 1797 Sancto
1134 1737 1329 1794 Marias
1377 1736 1439 1793 in
1470 1737 1578 1794 Via
1606 1736 1752 1794 Lata
1779 1736 1942 1796 diac.

298 1832 469 1891 card.

360 1924 487 1992 Ego
515 1919 764 1977 Albinus
791 1920 1018 1975 Sanctae
1047 1915 1240 1973 Harioe
1274 1917 1451 1972 Novas
1467 1913 1623 1972 diac.
1670 1915 1835 1973 card.

363 2009 577 2067 Datum
618 2010 858 2064 Veronae
894 2021 999 2078 per
1033 2019 1281 2061 manum
1312 2003 1550 2071 Alberti,
1584 2009 1804 2060 sanctoe
1843 2007 1951 2061 Ro-

296 2114 495 2157 manoe
527 2097 798 2154 Ecclesiae
824 2093 1022 2168 presb.
1054 2093 1219 2149 card.
1242 2098 1299 2149 et
1340 2093 1773 2149 cancellarii....
1806 2094 1953 2149 Mar-

291 2188 376 2253 tii,
408 2186 730 2244 indictione
760 2185 948 2248 tertia,
968 2181 1402 2239 incarnationis
1437 2181 1758 2239 Dominicae
1789 2197 1952 2239 anno

296 2277 454 2342 1184.
522 2273 903 2348 pontificatus
959 2287 1102 2329 vero
1147 2269 1358 2328 domni
1415 2271 1571 2327 Lucii
1646 2286 1821 2344 papie
1877 2271 1949 2327 lli

294 2380 461 2424 anno
495 2380 572 2421 iv.

1012 2465 1274 2522 ccxxvi.

512 2575 904 2645 Privileqium
932 2588 1047 2643 pro
1081 2572 1346 2642 capituto
1376 2570 1737 2630 Pistor-sensi.

841 2679 1108 2751 (veronae
1139 2676 1323 2750 April.
1342 2679 1422 2751 4.)

548 2786 886 2862 [lacman.
915 2784 1222 2843 Anac-dota
1253 2785 1434 2842 medii
1451 2785 1566 2843 ουτ·
1587 2784 1741 2859 235.]

370 2897 570 2953 Lutous
594 2894 934 2967 episcopus,
961 2906 1169 2946 servus
1215 2906 1526 2946 servorum
1569 2891 1688 2956 Dei,
1718 2890 1952 2947 dilectis

296 2983 435 3046 filiis
458 2987 710 3043 Ntumo
738 2981 1111 3038 pistoriensis
1128 2978 1399 3036 Ecclesioe
1437 2980 1776 3053 preposito,
1799 2981 1849 3054 ej
1860 2996 1954 3037 us·

292 3089 417 3147 que
444 3073 724 3130 tratribus
755 3077 876 3127 tam
897 3068 1294 3142 presentibus
1318 3083 1504 3141 quam
1525 3069 1738 3126 tuturis
1767 3084 1950 3127 cano-

297 3162 429 3219 nice
462 3159 895 3217 substituendis
940 3159 999 3214 in
1045 3162 1420 3230 perpetuum.

371 3247 913 3321 Desideriumquod
930 3247 1006 3303 ad
1020 3246 1320 3319 religionis
1336 3247 1708 3321 propositum
1737 3253 1797 3304 et
1823 3249 1952 3305 ani-

294 3354 535 3396 marum
551 3337 804 3395 salutem
835 3335 1123 3409 pertinere
1142 3340 1520 3408 monstratur,
1554 3339 1670 3393 Deo
1708 3341 1951 3395 auctore

295 3429 427 3488 sine
454 3427 659 3501 eliqua
683 3431 772 3482 est
794 3425 1081 3483 dilatione
1106 3423 1558 3498 complendum.
1602 3428 1948 3500 Eapropter,

291 3517 493 3577 dilecti
518 3517 579 3575 in
596 3516 846 3574 Domino
860 3514 982 3580 tilii,
1011 3514 1219 3571 vestris
1225 3515 1402 3585 justis
1442 3514 1950 3587 postulationibus

291 3605 610 3664 clementer
633 3605 979 3668 annuimus,
1007 3607 1064 3658 et
1083 3601 1589 3675 predecessorum
1607 3609 1950 3661 nostrorum

292 3693 481 3752 {elicis
504 3693 811 3751 memoria!
844 3690 1086 3757 Urbani,
1129 3691 1372 3762 Eugenii
1415 3696 1472 3747 et
1496 3691 1815 3749 Alexandri
1837 3695 1953 3750 Ro-

292 3798 612 3841 manorum
642 3780 993 3853 pontificum
1019 3780 1279 3850 vestigiis
1304 3780 1950 3854 inhaerentes,hospita·

293 3870 413 3929 lem
441 3872 694 3929 domum
707 3870 782 3925 de
803 3868 1245 3935 Umbroncello,
1273 3883 1462 3942 quam
1477 3868 1949 3941 prodecessores

295 3959 475 4017 vestri
487 3959 699 4017 studiis
728 3964 787 4015 et
805 3957 1095 4030 impensis
1117 3958 1666 4015 suisconstruxisse
1687 3973 1949 4016 noscun-

289 4053 406 4114 tur,
448 4048 562 4106 sub
608 4047 760 4105 beati
792 4047 940 4103 petri
969 4051 1026 4102 et
1054 4050 1258 4103 nostra
1290 4046 1650 4119 protectione
1703 4048 1951 4122 suscipi-

294 4153 433 4196 mus
460 4143 518 4194 et
548 4135 856 4209 praesentis
878 4135 1082 4207 scripti
1110 4134 1419 4207 privilegio
1456 4135 1910 4193 communimus
1933 4155 1949 4206 ;

293 4231 620 4284 statuentes
636 4229 1105 4298 utquascunque
1117 4224 1553 4296 possessiones,
1571 4240 1952 4299 quincunque

286 4315 456 4376 bona
484 4313 767 4387 praedicta
794 4313 1015 4369 domus
1048 4313 1108 4368 in
1125 4314 1577 4386 prasentiarum
1593 4314 1753 4386 juste
1781 4320 1837 4371 et
1857 4331 1953 4372 ca·

2053 407 2209 462 Crux
2256 405 2650 462 brandeliana
2681 420 2697 471 ;
2730 402 3031 477 hospitale
3055 402 3133 460 de
3185 401 3392 468 Decio,
3449 399 3624 474 qnod
3649 399 3716 457 ab

2052 492 2412 550 aedificatore
2436 492 2671 551 Esnello
2700 493 2942 549 nomine
2961 507 3070 566 per
3092 490 3386 564 scriptum
3411 488 3714 562 publicum

2052 581 2224 638 vobis
2262 598 2617 640 concessum
2650 587 2777 648 est;
2812 586 2869 638 et
2898 596 3142 655 quoque
3167 579 3332 654 quod
3360 579 3426 635 in
3471 579 3716 634 Brisceto

2051 670 2561 744 praedecessorum
2576 677 2907 728 vestrorum
2922 669 3138 727 studiis
3150 667 3582 742 impensisque
3593 666 3715 725 asdi-

2050 759 2299 816 ficatum
2328 766 2435 816 est.
2480 760 2654 828 Quod
2682 760 2968 818 nimirum
2995 758 3285 833 praedicto
3314 761 3520 814 vestro
3550 771 3715 812 xeno·

2050 847 2270 906 dochio
2282 849 2353 906 de
2368 846 2801 919 umbroncello,
2822 847 3317 922 quemadmodum
3333 862 3375 904 a
3388 850 3716 903 memorato

2051 937 2493 1017 praedecessore
2521 944 2729 996 nostro
2757 941 3046 995 statutum
3098 939 3205 1008 est,
3237 935 3559 1010 perpetuis
3589 937 3717 990 tem·

2054 1027 2650 1100 poribussubjectum
2676 1042 2806 1084 esse
2830 1025 3236 1083 decernimus.
3268 1024 3422 1091 Quia
3454 1036 3604 1081 vero
3635 1037 3717 1080 ex·

2055 1119 2146 1172 tra
2177 1117 2349 1172 urbes
2380 1117 2473 1173 hoe
2503 1115 2835 1189 hospitales
2863 1115 3086 1173 domus
3136 1113 3504 1180 consistunt,
3552 1112 3718 1185 hujus

2051 1202 2350 1278 privilegii
2378 1205 2615 1262 decreto
2628 1210 2781 1263 statu
2799 1203 2958 1262 imus
2985 1209 3049 1262 ut
3071 1202 3227 1261 intra
3252 1216 3450 1260 unum
3463 1198 3716 1259 stadium

2054 1306 2235 1350 nemo
2255 1294 2427 1365 juxta
2444 1309 2547 1351 eas
2575 1293 2837 1367 aliquem
2855 1308 3091 1366 capere,
3118 1291 3402 1364 predari,
3432 1294 3544 1347 aut
3557 1290 3720 1347 hosti-

2053 1368 2185 1439 liter
2206 1382 2540 1441 disturbare
2567 1388 2911 1457 praesumat.
2961 1384 3231 1449 Quarum
3261 1380 3550 1438 omnium
3579 1378 3721 1437 ordi·

2053 1472 2329 1528 nationes
2356 1487 2427 1528 ac
2455 1471 2881 1544 dispositiones
2922 1469 3100 1529 vobis
3136 1471 3476 1543 vestrisque
3502 1483 3719 1526 sncces-

2057 1559 2291 1616 soribus
2303 1560 2376 1617 ad
2389 1560 2682 1634 exemplar
2695 1559 2918 1634 praetati
2935 1558 3261 1617 Alexandri
3273 1572 3445 1632 papas
3456 1556 3716 1614 duximus
3777 1556 3782 1571 “

1987 1672 2027 1728 Β
2058 1650 2542 1714 committendas,
2577 1656 2640 1706 ut
2662 1665 2873 1708 eorum
2891 1647 3001 1724 qui
3037 1648 3099 1705 in
3129 1646 3302 1705 vobis
3331 1644 3722 1720 religiosiores

2058 1739 2274 1797 tuerint
2322 1737 2629 1796 voluntate
2672 1739 3002 1805 communi,
3053 1737 3512 1795 communicato
3561 1736 3722 1793 etiam

2057 1827 2307 1886 fratrum
2336 1827 2516 1885 Vallis
2544 1829 2937 1886 umbrosiane
2958 1826 3233 1893 consilio,
3261 1840 3575 1884 consensu
3586 1840 3720 1898 quo·

2055 1932 2175 1991 que
2192 1915 2368 1974 vestri
2389 1917 2683 1990 episcopi,
2698 1916 2745 1972 si
2767 1916 3106 1974 catholicus
3117 1915 3314 1987 luerit,
3331 1914 3720 1972 nibilominus

2057 2005 2346 2063 adhibito.
2380 2008 2658 2063 nectores
2689 2006 2918 2063 eisdem
2948 2004 3235 2063 domibus
3291 2006 3723 2078 proeponantur

2056 2094 2160 2168 qui
2194 2095 2530 2151 secundnm
2555 2094 2743 2152 Deum
2768 2110 2979 2151 earum
3005 2109 3214 2151 curam
3235 2092 3467 2151 habere
3497 2098 3558 2147 et
3587 2106 3723 2165 pau-

2057 2183 2300 2257 peribus
2329 2198 2402 2240 eo
2420 2183 2919 2241 convenientibus
2939 2180 3183 2241 sollicite
3209 2181 3560 2240 ministrare
3593 2194 3721 2253 pro·

2055 2275 2287 2330 curent.

2127 2360 2514 2419 Decernimus
2539 2377 2604 2418 er
2615 2377 2692 2434 go
2711 2367 2773 2418 ut
2787 2360 2938 2418 nulli
2951 2360 3203 2419 omnino
3219 2360 3550 2418 bominum
3563 2358 3729 2416 liceat

2057 2451 2304 2509 easdem
2334 2451 2552 2508 domos
2582 2456 2805 2508 temere
2858 2449 3228 2524 perturbare,
3257 2455 3364 2508 aut
3409 2449 3475 2506 in
3501 2447 3728 2505 eisdem

2059 2539 2323 2613 aliquem
2349 2555 2583 2613 capere,
2613 2543 2721 2596 aut
2750 2539 2837 2597 eis
2880 2537 3156 2596 subditas
3174 2538 3602 2612 possessiones
3629 2552 3734 2594 au·

2057 2628 2236 2696 ferre,
2268 2629 2557 2695 minuere,
2608 2627 2705 2685 vel
2738 2628 3071 2686 temerariis
3127 2628 3557 2686 vexationibus
3598 2625 3730 2683 fati-

2061 2732 2235 2790 gare;
2256 2717 2361 2775 sed
2393 2718 2599 2775 omnia
2626 2719 2856 2790 integra
2882 2720 3337 2784 conserventur,
3359 2732 3600 2783 eorum,
3623 2731 3730 2790 pro

2059 2820 2321 2879 quorum
2372 2808 2805 2864 sustentatione
2850 2822 3142 2864 concessa
3193 2812 3338 2863 sunt
3367 2804 3606 2870 usibus,
3639 2818 3732 2862 eo·

2059 2907 2316 2966 rumque
2330 2893 2505 2951 saluti
2523 2899 2627 2968 qui
2645 2894 2988 2956 obtulerint.
3022 2894 3356 2968 protutura,
3373 2893 3543 2953 salva
3571 2891 3729 2950 sedis

1985 3023 2027 3083 C
2060 2984 2408 3056 apostolicoe
2456 2985 2827 3043 auctoritate.
2863 2985 2917 3044 Si
2976 2999 3099 3060 qua
3128 2983 3310 3056 igitur
3352 2984 3415 3042 in
3465 2985 3728 3042 futurum

2062 3074 2467 3132 ecclesiastica
2505 3073 2881 3132 soecularisve
2911 3087 3193 3149 persona.
3217 3079 3331 3132 etc.

2135 3165 2254 3235 Ego
2284 3163 2502 3219 Lucius
2530 3161 2840 3221 catholica
2869 3164 2997 3221 Ecc.
3035 3164 3387 3236 episcopus.

2133 3254 2256 3323 Ego
2279 3250 2626 3312 Theodinus
2661 3252 3004 3310 portuensis
3035 3253 3268 3310 &nette
3297 3250 3536 3309 Rufino
3575 3250 3725 3309 sedis

2059 3341 2385 3415 episcopus
2409 3340 2760 3414 subscripsi.

2131 3432 2255 3501 Ego
2286 3430 2569 3486 Henricus
2589 3428 2948 3487 albanensis
2970 3429 3322 3505 episcopus.

2131 3519 2255 3590 Ego
2284 3518 2667 3576 'theobaldus
2709 3517 3019 3587 Ostiensis,
3070 3524 3125 3577 et
3171 3518 3555 3577 velletrensis
3581 3518 3731 3594 epis-

2057 3621 2273 3681 copus.

2129 3697 2251 3768 Ego
2278 3696 2542 3755 loannes
2593 3696 2887 3770 presbiter
2938 3696 3265 3755 cardinalis
3317 3696 3475 3756 tituli
3535 3698 3732 3755 Sancti

2058 3785 2254 3844 larci.

2133 3877 2262 3948 Ego
2309 3872 2618 3932 Laborans
2667 3874 2869 3949 presb.
2901 3874 3063 3933 card.
3111 3874 3199 3932 tit.
3233 3875 3292 3933 S.
3335 3874 3538 3933 itariae
3569 3880 3736 3934 trans
3783 3903 3784 3916 κ

2053 3962 2336 4028 Tiberim,
2367 3979 2440 4020 ac
2465 3961 2712 4020 callixti.

2131 4054 2253 4123 Ego
2275 4049 2595 4109 umbertus
2625 4051 2711 4110 tit.
2746 4052 2809 4111 S.
2843 4052 3135 4110 Laurentii
3152 4053 3211 4112 in
3227 4055 3497 4113 Damaso
3529 4054 3734 4127 presb·

2061 4140 2256 4373 cai-{Lo
2281 4227 2610 4287 pandulfus
2652 4229 2855 4305 presb.
2882 4230 3048 4289 card.
3078 4230 3170 4289 tit.
3219 4229 3556 4289 Duodecim
3587 4237 3736 4307 Apo·

2062 4323 2155 4376 sto
2180 4333 2377 4375 orum.

289 4403 508 4462 nonice
535 4401 820 4474 possidet,
846 4407 952 4458 aut
980 4402 1039 4457 in
1061 4401 1329 4459 futurum
1345 4403 1730 4459 concessione
1764 4408 1954 4477 ponti·
1985 4382 2028 4437 Β
2133 4406 2258 4479 Ego
2298 4405 2547 4465 Albinus
2585 4409 2793 4483 presb.
2831 4409 3000 4467 card.
3021 4410 3105 4468 tit.
3141 4410 3205 4469 S.
3245 4410 3450 4467 Crucis
3483 4411 3551 4468 in
3577 4413 3735 4470 Jeru-

295 4492 503 4559 flcum,
528 4490 841 4563 largitione
864 4505 1072 4561 regum
1128 4491 1220 4546 vel
1251 4490 1618 4564 principum,
1647 4492 1954 4553 oblatione

292 4582 586 4647 fidelium,
603 4579 854 4638 seualiis
867 4579 1044 4651 justis
1069 4578 1285 4645 modis,
1312 4578 1431 4635 Deo
1442 4580 1721 4653 propitio,
1739 4584 1954 4655 poterit

292 4671 571 4746 adipisci,
600 4670 778 4727 firma
806 4670 860 4726 ei
889 4674 947 4725 et
972 4668 1195 4726 illibata
1226 4676 1620 4742 permaneant
1640 4670 1702 4727 in
1729 4670 1953 4744 quibus

293 4762 421 4819 haec
448 4761 701 4834 propriis
731 4758 1018 4815 duximus
1047 4758 1440 4830 exprimenda
1480 4759 1790 4816 vocabulis
1819 4778 1832 4818 :

368 4849 918 4921 Decimamm,quoe
938 4846 1110 4904 vobis
1130 4863 1168 4904 a
1198 4846 1421 4920 populo
1441 4847 1680 4914 dantur,
1713 4856 1951 4921 partem

290 4938 616 5004 decimam,
629 4940 685 4994 et
702 4936 979 4993 laborum
999 4941 1331 4992 vestrorum
1347 4934 1641 5001 decimas,
1660 4939 1952 5009 quemad-

295 5027 548 5085 modum
577 5025 657 5083 ab
670 5025 884 5082 iisdem
918 5022 1469 5097 praedecessoribus
1494 5024 1708 5082 vestris
1736 5027 1954 5085 unani-

293 5117 469 5175 miter
490 5122 578 5173 est
605 5119 918 5172 statutum.
946 5115 1236 5170 proteres
1263 5111 1537 5184 ejusdem
1577 5114 1801 5171 tenoris
1835 5115 1953 5189 pri-

291 5206 572 5278 vilegium
585 5205 811 5262 caeteris
836 5216 1082 5276 quoque
1106 5216 1214 5274 per
1234 5206 1496 5259 vestrum
1533 5202 1951 5277 episcopatum

290 5295 417 5354 sitis
460 5293 865 5367 hospitalibus
909 5291 1312 5363 indulgemus.
1360 5291 1423 5347 Ei
1470 5290 1744 5350 videlicet
1782 5294 1954 5367 quod

289 5384 457 5456 juxta
478 5383 680 5441 villam
731 5383 1087 5449 Quarratam
1114 5379 1482 5438 :edificatum
1510 5387 1621 5450 est,
1681 5388 1740 5441 et
1784 5383 1954 5457 quod

289 5471 465 5551 Juxta
496 5472 846 5546 caprariam
877 5470 1196 5545 oppidum,
1224 5468 1469 5545 etqnod
1492 5468 1558 5529 in
1584 5476 1759 5545 prato
1782 5472 1954 5547 quod

2064 4497 2276 4554 salem.

2134 4586 2257 4657 Ego
2286 4584 2485 4644 Uelior
2512 4587 2716 4660 presb.
2748 4587 2913 4645 card.
2940 4589 3038 4647 SS.
3070 4585 3339 4654 loannis,
3372 4593 3434 4646 et
3463 4589 3658 4661 pauli,
3683 4593 3735 4647 et

2061 4673 2385 4732 pamachii.

2134 4764 2256 4834 Ego
2288 4761 2514 4822 Arditio
2547 4763 2704 4822 diac.
2737 4765 2902 4823 card.
2939 4767 2997 4824 S.
3021 4763 3335 4824 Theodori.

2129 4852 2253 4923 Ego
2282 4852 2598 4910 Gratianus
2627 4854 2727 4912 SS.
2760 4854 2992 4912 cosmae
3022 4860 3080 4913 et
3128 4853 3398 4913 Damiani
3435 4853 3734 4914 diaconus

2062 4939 2418 4998 cardinalis.

2131 5028 2254 5101 Ego
2284 5027 2589 5088 Sostredus
2621 5033 2678 5089 S.
2735 5031 2928 5091 nario
2957 5032 3020 5090 in
3058 5031 3164 5090 Via
3198 5031 3341 5090 Lata
3370 5032 3536 5091 diac.
3563 5034 3730 5091 card.

2133 5120 2346 5175 Datum
2377 5121 2622 5178 Veronae
2659 5135 2764 5193 per
2795 5136 3040 5180 manum
3068 5119 3316 5193 Alberti,
3353 5122 3414 5180 S.
3439 5122 3733 5181 Romano

2061 5207 2335 5265 Ecclesia!
2365 5208 2698 5282 presbyteri
2720 5209 3042 5268 cardinalis
3063 5217 3119 5268 et
3147 5210 3517 5280 cancellarii,
3554 5228 3598 5270 n
3623 5214 3732 5270 No-

2059 5312 2172 5355 nas
2200 5296 2434 5370 Apriiis,
2465 5297 2673 5357 indict.
2707 5299 3236 5366 m,lncarnationis
3269 5300 3608 5359 Dominicis
3629 5317 3729 5360 an.

2067 5389 2086 5443 t
2102 5388 2199 5445 185
2214 5385 2593 5460 pontificatus
2620 5387 2974 5447 verodomni
3003 5387 3161 5447 Lucii
3183 5403 3358 5464 papo
3379 5391 3451 5446 lli
3466 5405 3641 5450 anno
3655 5407 3731 5449 iv.
