3784 6000
96 222 221 313 sss

726 247 929 310 ms'r.
982 248 1253 313 assum
1299 232 1843 315 TRANSMARIN.
1890 287 1968 298 -
2012 253 2155 316 Lis.
2201 255 2358 317 x1v.
2406 259 2657 323 rucco
2704 262 2878 323 Rsx.

3393 226 3512 328 sse

98 385 165 444 ni
197 389 257 444 et
284 384 513 445 obviam
548 386 848 457 exeuntes,
869 402 1002 443 cum
1062 385 1219 443 omni
1266 388 1484 461 gaudio
1521 392 1746 447 tantum
1779 393 1834 461 Α
1864 405 1977 447 nus
2026 390 2292 450 videlicet
2339 393 2691 468 patriarcha,
2719 400 2780 455 et
2827 398 2982 457 cives
3029 398 3510 473 Hierosolymitoe,

99 475 401 553 hospitem
431 472 784 550 suscipiunt,
808 492 975 550 spem
1004 475 1289 537 habentes
1319 482 1474 553 quod
1506 497 1610 554 per
1624 482 1755 555 ejus

98 564 791 637 industriammostium,
822 565 925 640 qui
958 566 1231 626 advenire
1251 569 1623 638 dicebantur,
1643 572 1754 630 vio·

101 658 351 718 lentiam
377 655 627 714 tolerare
658 658 900 730 possent
926 654 1054 713 sine
1068 657 1347 731 periculo.
1364 659 1757 719 Nonmultum

102 749 265 808 enim
296 746 581 822 proficere
622 745 943 817 consuevit,
972 745 1110 805 licet
1162 747 1369 823 ingens
1426 750 1601 808 suerit
1628 750 1756 808 sine

100 838 256 899 duce
295 835 651 905 multitudo;
684 840 745 894 et
771 834 1037 894 cohortes
1058 853 1381 896 numerose
1413 838 1541 898 sine
1571 846 1755 899 recto-

102 946 189 1001 re,
221 927 392 1002 quasi
426 942 604 984 arena
658 925 788 984 sine
844 926 1021 996 calce,
1045 926 1140 983 vix
1190 927 1381 986 solent
1428 929 1533 985 tibi
1576 930 1759 989 cohoe·

103 1035 255 1078 rere.
271 1016 593 1075 Nuntiatur
619 1015 1312 1076 intereaconsonantibus
1342 1020 1680 1078 rumoribus
1700 1024 1760 1078 et

103 1111 271 1167 fama
298 1105 699 1176 celeberrima,
757 1106 912 1179 quod
943 1103 1006 1163 hi
1037 1105 1139 1178 qui
1172 1106 1525 1180 Euphratem
1564 1113 1758 1167 trans·

102 1198 249 1256 tissa
278 1194 342 1254 in
372 1212 553 1255 manu
588 1194 848 1264 robusta,
879 1196 938 1252 et
986 1200 1268 1268 apparatu
1309 1198 1543 1270 copioso
1578 1197 1757 1257 nimis

104 1286 481 1354 dicebantur,
511 1282 811 1355 adJunctis
858 1282 973 1339 sibi
1021 1299 1167 1356 quos
1195 1284 1350 1343 circa
1379 1286 1645 1356 fluvium,
1669 1286 1757 1344 lo-

103 1392 315 1435 corum
345 1373 574 1448 peritis,
594 1360 955 1447 invenerant,
979 1370 1039 1430 in
1092 1373 1310 1433 finibus
1364 1374 1620 1450 Halapiae
1666 1393 1761 1437 ca-

104 1471 232 1525 stra
280 1464 632 1534 locaverant,
689 1461 988 1535 regionem
1026 1466 1202 1521 totam
1283 1465 1618 1539 improvisis
1676 1467 1762 1525 in·

105 1553 484 1617 cursionihus
563 1551 924 1627 depopulari.
1003 1555 1404 1613 convenerant
1452 1572 1622 1629 porro
1691 1574 1760 1615 ex

104 1648 394 1708 omnihus
455 1643 837 1704 conterminis
899 1645 1139 1717 finibus,
1189 1646 1250 1704 in
1308 1647 1504 1706 locum
1549 1666 1757 1722 unum,

1861 479 1922 536 in
1953 481 2192 539 domino
2234 482 2513 542 hahentes
2565 484 2870 557 fiduciam,
2898 486 3160 548 collectis
3215 488 3280 549 in
3319 505 3514 549 unum

1859 568 2105 642 viribus,
2148 571 2321 643 Juxta
2366 571 2560 631 locum
2610 575 3118 649 antiquissimum,
3174 577 3360 650 Nube,
3408 579 3513 655 qui

1860 654 2037 716 hodie
2069 660 2295 734 vulgari
2351 662 2741 736 appellatione
2795 665 3008 724 dicitur
3054 667 3416 739 Bettennble,
3447 668 3512 726 in

1861 748 2144 806 descensu
2161 750 2536 820 montium,in
2550 753 2757 827 primis
2769 755 3049 828 auspiciis
3062 756 3510 831 campestrium,

1861 834 1957 894 via
1986 854 2103 910 qua
2130 839 2253 896 itur
2307 839 2570 912 Liddam,
2602 847 2660 900 et
2699 860 2814 916 qua
2860 847 3192 917 pervenitur
3219 846 3293 904 ad
3326 861 3512 915 mare.

1863 928 2201 999 praesidium
2229 929 2416 987 solido
2446 930 2693 989 fundant
2723 948 2919 1007 opere,
2944 936 3015 992 ad
3045 935 3288 994 tutelam
3320 942 3514 995 trans-

1863 1018 2128 1075 euntium
2162 1018 2634 1092 peregrinorum;
2669 1022 2749 1078 ibi
2780 1023 3020 1081 enimin
3049 1024 3318 1085 faucibus
3341 1040 3514 1084 mon·

1862 1106 2013 1163 tium
2066 1105 2217 1164 inter
2267 1110 2567 1181 angustias
2596 1111 2984 1184 inevitabiles,
3022 1113 3348 1172 maximum
3404 1112 3517 1172 lter

1865 1196 2176 1271 agentibus
2196 1195 2421 1256 solebat
2457 1198 2765 1260 imminere
2793 1202 3140 1276 periculum,
3159 1202 3517 1262 Ascalonitis

1865 1286 2090 1344 subitas
2120 1286 2477 1359 irruptiones
2510 1288 2628 1346 illic
2657 1291 2846 1350 facere
2876 1292 3195 1352 consuetis.
3226 1293 3520 1353 Consum-

1866 1379 2022 1434 mato
2076 1375 2274 1449 itaque
2321 1376 2561 1435 feliciter
2607 1395 2800 1453 opere,
2833 1397 3038 1441 nomen
3091 1382 3384 1454 indicunt,
3416 1399 3518 1442 ca-

1865 1464 2102 1523 stellum
2130 1466 2370 1525 Arnaldi
2398 1466 2595 1527 locum
2624 1469 2887 1529 dicentes
2910 1486 2926 1528 ε
2952 1472 3292 1545 factumque
3311 1480 3520 1549 estper

1863 1554 2113 1629 gratiam
2142 1555 2390 1629 Domini,
2413 1557 2592 1616 etiam
2612 1560 2872 1633 predicti
2893 1560 3119 1621 castelli
3139 1560 3515 1632 beneficium,

1867 1645 2025 1718 quod
2083 1645 2244 1703 adire
2297 1647 2628 1704 volentibus
2684 1649 3166 1725 Hierosolymam,
3196 1657 3297 1711 aut
3337 1653 3411 1710 ab
3449 1666 3520 1711 ea

103 1739 202 1799 eui
232 1752 450 1803 nomen
498 1738 586 1793 est
641 1734 1080 1807 canestrivum3
1134 1735 1270 1793 inde
1305 1737 1545 1798 collecta
1600 1740 1757 1798 omni
1865 1735 2077 1804 redire,
2109 1734 2310 1794 minus
2339 1736 2708 1810 periculosus
2755 1739 2946 1798 factus
3003 1745 3095 1799 est
3124 1741 3429 1811 transitus,
3459 1744 3520 1799 et

106 1825 778 1897 multitudine,consilio
807 1840 1007 1885 eorum
1039 1826 1142 1900 qui
1170 1825 1432 1886 locorum
1465 1828 1760 1887 habebant
1863 1824 1957 1883 via
1983 1823 2166 1884 multo
2195 1828 2476 1885 securior.

105 1918 405 1994 peritiam,
434 1934 505 1976 ex
530 1915 850 1991 improviso
883 1932 985 1990 per
1020 1932 1254 1975 omnem
1292 1918 1647 1990 provinciam
1678 1920 1762 1976 ir-

106 2007 418 2081 ruptiones
473 2005 679 2064 facturi
704 2023 721 2077 ;
770 2022 886 2081 quo
934 2011 1245 2078 comperto,
1306 2006 1584 2066 dominus
1638 2025 1757 2078 rex,

105 2093 448 2154 convocatis
470 2109 542 2153 sx
563 2093 725 2151 omni
784 2093 1115 2167 principatu
1174 2094 1527 2152 militaribus
1554 2098 1759 2170 copiis,

104 2202 251 2243 cum
284 2184 408 2242 suis
435 2200 585 2259 quos
615 2199 816 2242 secum
847 2183 1097 2241 habebat
1128 2182 1528 2255 familiaribus,
1558 2201 1764 2259 egres-

106 2291 218 2333 sus
246 2272 556 2334 Antiochia
582 2273 737 2331 circa
765 2281 1020 2331 castrum
1042 2272 1266 2331 Harenc
1286 2279 1760 2348 castrametatus,

109 2364 382 2423 substitit
407 2362 713 2438 prudentis
736 2376 916 2431 more,
949 2361 1090 2435 quia

615 2493 869 2512 .....
899 2453 1047 2510 male
1074 2459 1271 2511 cuncta
1302 2454 1551 2511 ministra

400 2544 666 2618 Impetus,
1335 2544 1497 2601 Sur.

111 2650 223 2709 per
241 2634 368 2693 dies
391 2633 656 2707 aliquod,
679 2639 741 2691 ut
778 2631 1108 2707 hostes,qui
1147 2633 1396 2705 majores
1419 2633 1769 2692 dicebantur

114 2722 338 2781 habere
392 2720 610 2794 copias,
676 2737 815 2780 suos
870 2738 1064 2795 pugna
1101 2719 1472 2789 lacesserent,
1505 2728 1607 2777 aut
1652 2722 1765 2779 alio

114 2812 330 2887 quovis
360 2811 534 2870 modo
565 2815 910 2885 conceptum
951 2811 1246 2884 aperirent
1273 2810 1765 2885 propositum.Vi·

114 2905 270 2962 dens
298 2906 499 2960 autem
532 2900 687 2974 qnod
710 2899 855 2957 nihil
897 2898 1010 2957 tale
1037 2900 1404 2971 molirentur,
1446 2901 1545 2959 sed
1577 2899 1766 2958 securi

116 2994 181 3052 in
210 2991 426 3052 castris
456 3007 681 3050 moram
708 2991 962 3063 quietam
996 2995 1250 3065 agerent,
1290 2992 1478 3051 adhuc
1522 2993 1766 3050 tortasse

118 3083 348 3156 majora
368 3078 770 3156 praestolantes
799 3080 1103 3153 suffragia,
1134 3081 1306 3138 irruit
1344 3097 1522 3155 super
1547 3098 1648 3138 eos
1678 3096 1765 3138 re·

2507 1934 2737 1993 CAPUT
2783 1936 2875 1994 IX.

1872 2027 1955 2081 De
1972 2024 2118 2094 repis
2162 2024 2391 2082 consilio
2429 2024 2676 2082 mittitur
2703 2025 2774 2083 ad
2806 2025 3175 2084 Raimundum
3201 2027 3518 2085 Pictanus-

1942 2098 2089 2152 sium
2136 2095 2355 2152 comitis
2425 2096 2630 2170 fitium,
2660 2097 2759 2171 qui
2805 2098 3175 2156 Constantium
3215 2099 3522 2157 ammanus·

1940 2167 2102 2224 ducac
2130 2183 2377 2226 uxorem.

1941 2275 2163 2347 Adepta
2191 2275 2387 2349 itaque
2416 2275 2688 2334 dominus
2738 2293 2837 2334 rex
2862 2284 2977 2336 tam
3008 2278 3229 2352 insigni
3253 2278 3520 2347 victoria,

1870 2364 2221 2421 Antiochsni
2251 2365 2608 2438 principatus
2654 2382 2755 2438 pro
2812 2366 2998 2425 libero
3044 2368 3284 2427 arbitrio
3311 2368 3520 2442 dispo-

1873 2471 2022 2513 nens
2069 2455 2322 2528 negotia,
2371 2456 2565 2514 clarus
2624 2455 2950 2515 habebatur
3005 2457 3349 2529 admodum,
3379 2459 3524 2517 duo-

1873 2560 2003 2601 rum
2039 2559 2348 2617 regnorum
2381 2545 2780 2603 moderamina
2809 2546 3006 2604 divina
3033 2547 3362 2620 provisione
3391 2560 3524 2605 sor-

1875 2634 2038 2701 titus,
2070 2635 2130 2690 in
2162 2639 2407 2705 utroque
2437 2635 2732 2707 prosperis
2782 2635 3050 2707 affluens,
3082 2636 3362 2709 populum
3389 2650 3534 2700 cum.

1874 2722 2048 2794 plena
2077 2720 2497 2795 tranquillitate
2532 2723 2828 2781 tuebatur.
2862 2725 3220 2783 aecedentes
3247 2741 3420 2798 porro
3447 2724 3523 2784 ad

1873 2827 2009 2869 cum
2031 2809 2191 2869 illius
2205 2810 2480 2885 regionis,
2504 2813 2815 2886 primores,
2829 2814 3367 2886 specialiterautem
3387 2813 3527 2888 qui-

1876 2902 1987 2958 bus
2017 2901 2254 2961 domino
2278 2901 2659 2974 [Boamnndm
2692 2903 2940 2977 principi
2985 2905 3114 2977 jam
3143 2904 3438 2975 defuncto,
3466 2906 3527 2963 st

1874 2989 2008 3048 silias
2037 2992 2166 3063 eJus
2198 2991 2390 3049 adhuc
2422 2990 2656 3066 pupillae
2685 2991 3023 3052 fidelitatem
3041 2991 3524 3053 observarecordi

1875 3085 2022 3150 erat,
2054 3081 2360 3139 dominum
2390 3097 2587 3155 regem
2616 3082 2972 3142 familiariter
3021 3084 3259 3152 adeunt.
3292 3087 3527 3143 orantes

116 3180 340 3252 pente,-
366 3180 426 3234 et
453 3177 720 3235 incautos
751 3175 1063 3247 reperiens,
1092 3180 1398 3248 antequam
1431 3192 1595 3234 arma
1636 3190 1770 3249 pos·
1796 3154 1840 3223 C
1878 3171 2105 3240 intime,
2138 3176 2201 3228 ut
2246 3171 2347 3244 qui
2399 3171 2629 3245 plenius
2686 3173 2972 3231 nobilium
3007 3173 3264 3233 virorum
3292 3178 3352 3232 et
3392 3173 3527 3234 illu·

118 3276 256 3327 sent
281 3267 592 3340 corripere,
622 3266 835 3340 gladiis
875 3266 1072 3336 instat,
1105 3265 1358 3340 perferat
1383 3265 1641 3334 lanceis;
1674 3264 1768 3321 vix

122 3356 329 3431 paucis
357 3356 698 3418 conceditur
724 3370 1005 3429 equorum
1019 3353 1321 3424 beneficio,
1353 3354 1769 3414 caeterisinter-

118 3448 364 3521 emptis,
386 3446 520 3518 ruga
568 3454 811 3505 mortem
859 3445 1123 3503 evadere.
1183 3445 1420 3502 Relictis
1466 3444 1648 3516 igitur
1676 3461 1768 3501 ca-

121 3536 267 3596 etris
281 3535 443 3596 omni
476 3533 1496 3607 commoditateetvariasupellectile
1510 3532 1767 3606 repletis,

120 3627 411 3699 caesisque
439 3640 511 3683 ex
559 3624 643 3683 eis
696 3624 1047 3693 innumeris,
1076 3629 1134 3682 et
1199 3623 1367 3696 quasi
1398 3623 1469 3680 ad
1501 3622 1607 3681 tria
1636 3621 1769 3680 mil-

118 3718 225 3790 lia,
253 3718 503 3774 victores
533 3714 741 3787 nostri,
774 3715 1031 3772 hostium
1088 3713 1291 3787 spoliis
1346 3729 1533 3787 usque
1587 3714 1660 3770 ad
1692 3713 1771 3770 fa-

122 3805 376 3865 stidium
405 3801 624 3872 onusti,
656 3805 715 3859 et
735 3802 860 3873 Jam
883 3801 1055 3875 plura
1068 3801 1353 3869 nolentes,
1374 3817 1575 3873 equos,
1610 3816 1770 3859 man-

125 3894 305 3969 cipia,
336 3896 623 3964 armenta,
651 3906 875 3964 greges,
908 3890 1173 3960 tentoria,
1202 3908 1376 3950 omne
1421 3906 1608 3965 genus
1625 3905 1772 3964 prae·

128 3988 218 4044 ds!
248 3989 309 4042 et
335 3981 746 4043 manubiarum
768 3982 1169 4040 omnimodam
1201 3981 1537 4038 varietatem
1570 3994 1771 4037 secum

128 4074 457 4144 trahentes,
496 4072 861 4131 Antiochiam
921 4088 1055 4131 cum
1082 4087 1315 4129 summa
1344 4070 1548 4127 laetitia
1574 4072 1635 4126 et
1663 4073 1776 4126 tro·

132 4179 396 4240 paurum
451 4162 785 4236 insignibus
850 4160 1063 4219 reversi
1110 4165 1268 4237 sunt.
1322 4159 1546 4217 Extunc
1602 4156 1777 4231 coepit

132 4252 411 4312 dominus
436 4267 511 4312 ex
538 4252 798 4309 omnium
831 4250 1321 4309 Antiochenorum
1361 4248 1775 4318 indifferenter,

134 4352 256 4402 tam
286 4356 595 4417 procerum
621 4356 796 4414 quam
827 4341 1217 4415 popularium,
1250 4341 1421 4396 corda
1449 4338 1780 4410 pleniusre-

134 4430 470 4504 conciliata,
491 4439 545 4490 et
573 4430 835 4489 omnium
882 4430 1098 4488 habere
1135 4430 1410 4486 favorem.
1437 4427 1584 4486 Nam
1616 4426 1779 4501 prius

1877 3262 2085 3320 atrium
2119 3260 2603 3325 adolescentium.
2660 3263 2720 3321 in
2758 3263 3026 3336 partibus
3072 3264 3524 3324 ultramontanis

1878 3349 2131 3408 hahebat
2151 3351 2440 3421 notitiam,
2473 3367 2574 3409 eos
2630 3354 2920 3419 edoceret,
2951 3369 3123 3426 quem
3153 3355 3227 3411 de
3255 3357 3343 3412 tot
3369 3355 3527 3427 prin·

1876 3440 2108 3512 cipibus
2146 3445 2472 3510 evocarent,
2503 3441 2658 3514 apud
2712 3458 2888 3514 quem
2935 3442 3161 3500 domini
3189 3444 3280 3501 sui
3312 3443 3521 3512 filiam,

1876 3529 2164 3587 bonorum
2196 3538 2573 3604 paternorum
2599 3529 3138 3604 heredemmuptui
3154 3531 3524 3590 commodius

1876 3618 2240 3678 collocarent.
2273 3618 2378 3684 Qui
2433 3622 2732 3691 gratanter
2781 3620 3111 3691 suscipiens
3164 3621 3426 3687 verbum.
3463 3624 3526 3679 et

1878 3709 2054 3765 fldem
2100 3706 2278 3765 simul
2327 3710 2386 3764 et
2454 3706 2906 3765 sollicitudinem
2966 3709 3404 3780 commendans,
3457 3708 3524 3767 in

1878 3806 2071 3870 partes
2093 3813 2227 3853 cum
2248 3795 2333 3855 eis
2355 3796 2535 3870 hujus
2555 3796 3052 3855 deliberationisin
3067 3805 3525 3871 gressus,trans·

1880 3886 2065 3944 cursis
2095 3885 2383 3959 plurimis,
2408 3888 2478 3944 de
2508 3887 2807 3945 communi
2836 3887 3102 3946 omnium
3132 3888 3374 3946 consilio
3401 3886 3526 3962 pla·

1881 3977 2020 4048 cuit,
2053 3980 2119 4033 ut
2147 3975 2358 4033 nobilis
2412 3975 2649 4048 quidam
2689 3983 2747 4034 et
2766 3976 3068 4050 praecipuae
3092 3978 3304 4036 indolis
3325 3976 3527 4036 adole·-

1882 4083 2074 4135 scens,
2109 4065 2476 4124 Raimundus
2499 4066 2759 4134 nomine,
2783 4066 3301 4125 dominiWillelmi
3336 4067 3527 4128 Picta·

1882 4157 2173 4215 viensium
2204 4156 2437 4214 comitis
2492 4155 2672 4227 fliius,
2703 4159 2775 4215 ad
2835 4157 2945 4215 hoc
2991 4163 3315 4217 vocaretur.
3356 4160 3413 4217 ls
3464 4158 3528 4216 in

1884 4248 2046 4306 curia
2086 4245 2310 4304 domini
2366 4245 2597 4305 Henriui
2654 4246 2924 4317 senioris,
2979 4247 3302 4322 Anglorum
3353 4246 3530 4322 regis,

1885 4338 2040 4411 apud
2073 4352 2244 4410 quem
2276 4352 2440 4395 arma
2494 4342 2829 4410 sumpserat
2855 4336 3158 4406 militaria,
3190 4354 3415 4396 moram
3446 4338 3536 4397 ia-

1888 4444 2018 4486 cere
2046 4426 2370 4498 dicebatur,
2404 4426 2643 4484 domino
2700 4427 3009 4497 willelmo,
3041 4429 3218 4486 fratre
3256 4429 3386 4501 ejus
3414 4427 3536 4500 pri-

132 4521 447 4583 occasione
468 4519 829 4596 principissa
877 4519 971 4577 cui
1000 4518 1221 4577 domini
1268 4518 1424 4591 regis
1471 4518 1698 4590 ingrata
1727 4521 1783 4573 et
1816 4526 1860 4594 Ι)
1892 4515 2744 4591 mogenito,AquitaniamJure
2763 4517 3128 4576 hareditario
3147 4516 3534 4590 gubernante.

135 4615 417 4686 suspecta
450 4615 577 4669 erat
613 4609 943 4685 praesentia.
978 4609 1216 4682 quidam
1264 4608 1338 4666 de
1393 4607 1714 4680 majoribus
1731 4605 1784 4663 ei
1893 4608 2145 4666 Libratis
2173 4623 2308 4680 ergo
2338 4606 2770 4666 deliberationis
2802 4607 3087 4680 partibus,
3121 4607 3181 4663 id
3223 4605 3537 4678 expedien-

135 4702 373 4762 ruerant
390 4702 637 4770 adversi,
672 4700 929 4758 faventes
959 4697 1322 4773 principissae
1339 4696 1556 4755 intuitu
1576 4710 1782 4754 mune·
1892 4698 2013 4757 tius
2041 4712 2163 4755 esse
2190 4695 2481 4768 arbitrati,
2511 4697 2735 4769 legatos
2764 4695 2989 4754 occulte
3018 4694 3297 4768 dirigunt,
3329 4692 3539 4754 Get-al-

137 4810 304 4866 rum,
333 4809 459 4866 quo
490 4790 596 4849 illa
624 4791 864 4865 profusa
892 4788 1698 4863 largiebatur„munificentia.
1896 4789 2038 4846 dum
2061 4787 2373 4859 quemdam
2404 4789 2785 4857 cognomento
2802 4785 3131 4852 Jeherrum,
3153 4783 3393 4842 fratrem
3421 4782 3542 4842 no·

1897 4876 2145 4949 spitalis,
2162 4891 2297 4934 cum
2321 4874 2528 4932 litteris
2557 4875 2780 4936 domini
2799 4873 3137 4947 patriarchas
3156 4878 3216 4931 et
3236 4887 3542 4947 procerum

1899 4965 2305 5023 universorum
2331 4980 2345 5020 :
2376 4965 2647 5022 timentes
2667 4980 2741 5021 ne
2770 4964 2818 5021 si
2848 4962 3186 5021 solemniter
3214 4967 3273 5020 et
3301 4979 3406 5037 per
3425 4979 3544 5021 ma·

1893 5057 2052 5129 jores
2105 5054 2383 5112 citaretur
2437 5070 2739 5128 personas,
2797 5052 3167 5126 principissa,
3217 5051 3367 5110 sicut
3420 5055 3546 5109 erat

1903 5143 2117 5203 mulier
2171 5142 2464 5202 malitiosa
2517 5143 2720 5214 nimis,
2750 5143 3168 5217 impedimenta
3224 5143 3544 5199 moliretur.

1903 5240 2044 5295 Erat
2071 5234 2222 5293 enim
2254 5233 2440 5291 cuivis
2497 5233 2785 5307 impedire
2822 5235 3136 5291 adventum
3171 5231 3376 5290 facile:
3408 5245 3548 5289 nam

1910 5325 2174 5398 Rogerus
2206 5328 2346 5381 tunc
2374 5325 2599 5397 Apuliae
2624 5323 2763 5391 dux,
2797 5324 3171 5396 postmodum
3203 5329 3398 5379 autem
3426 5334 3546 5391 rex,

142 5419 311 5495 gotia
339 5420 411 5479 ad
442 5436 614 5478 snam
664 5423 957 5478 revocaret
1003 5418 1484 5486 sollicitudinem,
1515 5421 1796 5490 tanquam
1911 5413 2279 5473 Antiochiam
2310 5429 2445 5471 cum
2487 5412 2763 5471 omnibus
2803 5412 3170 5486 pertinentiis
3199 5412 3343 5482 suis,
3376 5410 3554 5484 quasi

141 5511 410 5586 propria,
424 5525 734 5586 quousque
747 5510 831 5569 ibi
849 5508 923 5568 de
953 5510 1250 5569 communi
1272 5505 1798 5582 consilioprinceps
1899 5505 2036 5578 jure
2082 5503 2198 5562 sibi
2253 5505 2513 5584 debitam
2569 5502 2956 5573 haereditario,
2989 5509 3267 5575 tanquam
3315 5501 3555 5562 domino

154 5602 749 5675 ordinaretur-,nostri
761 5600 866 5675 qui
896 5600 956 5660 in
984 5617 1163 5675 regno
1181 5596 1802 5669 remanserant,domi·
1914 5595 2252 5655 Boamundo
2307 5593 2739 5668 consanguineo
2796 5609 2902 5652 suo
2956 5591 3156 5653 volens
3221 5592 3556 5659 succedere,

470 5704 740 5767 Parnoi..
785 5700 931 5765 CCI.
3161 5692 3239 5751 te

142 4988 682 5061 Hierosolymarius
709 4896 1032 5059 {1323ng
1044 4896 1307 5057 Zitha
1332 4984 1611 5060 principes
1636 4997 1788 5053 prae·

215 5059 428 5118 sidium
474 5061 688 5118 undant
724 5059 882 5116 valde
919 5059 1316 5129 necessarium,
1347 5060 1442 5116 cui
1468 5072 1666 5116 nomen
1687 5057 1789 5113 Ca-

214 5139 402 5190 strum
466 5132 674 5190 raaldi.

222 5239 474 5310 Interea,
504 5241 647 5298 dum
670 5239 949 5298 dominus
979 5255 1079 5296 rex
1107 5239 1167 5296 in
1191 5238 1451 5311 partibus
1480 5235 1793 5295 Antioche-

146 5329 247 5387 nis
276 5331 363 5387 ita
381 5328 744 5388 detineretur
773 5332 1116 5401 occupatus,
1137 5332 1195 5386 et
1220 5327 1375 5385 illius
1405 5325 1662 5399 regionis
1692 5341 1794 5383 ne·
