3784 6000
319 162 464 223 ¹355

1745 145 1939 205 Lucu
1980 147 2053 207 111
2093 149 2302 208 PAPAE

3612 162 3734 219 las

323 287 420 344 tiis
447 285 590 352 suis,
619 297 724 356 per
751 280 942 336 rectas
967 274 1197 332 divisas
1231 286 1398 341 suas,
1422 269 1576 326 sicut
1626 269 1688 327 in
1736 285 1982 328 eorum·
2005 272 2050 329 Α
2084 275 2280 342 vestri,
2314 292 2422 349 pro
2450 277 2654 351 aliquo
2679 276 3027 350 fidejubeat,
3056 278 3153 337 vel
3180 278 3266 338 ab
3313 280 3538 356 aliquo
3573 297 3739 358 pom.

319 374 457 433 dem
485 371 710 431 chartis
760 366 1112 426 continetur.
1144 365 1227 419 Ex
1278 360 1439 417 dono
1495 359 1675 416 etiam
1704 359 1977 432 eiusdem

324 462 671 538 cospatricii
691 467 910 517 terram
952 453 1028 511 de
1056 453 1301 510 Keltone
1326 465 1464 507 cum
1503 449 1789 505 omnibus
1823 449 1979 507 visa·

322 554 541 612 mentis
582 551 733 609 suis.
777 548 932 604 sicut
958 544 1019 600 in
1049 542 1323 614 ejusdem
1351 539 1560 595 charta
1597 540 1976 607 continetur;

319 643 624 702 libertates
652 640 899 709 insuper
921 632 1188 706 ejusdem
1216 635 1382 686 terrae
1415 644 1485 685 ex
1514 627 1677 684 dono
1698 620 1978 685 willelmi

319 731 551 792 comitis
602 734 659 786 et
715 724 952 785 Caeciliae
998 721 1321 778 comitissae
1370 717 1749 774 Alhemarlioe
1779 740 1792 783 ς
1819 722 1877 774 et
1905 733 1978 774 ex

319 823 482 880 dono
512 817 783 891 ejusdem
806 811 1040 872 comitis
1061 816 1119 867 et
1150 808 1469 865 comitissae
1507 805 1764 877 forgiam
1791 822 1979 863 unam

318 912 383 969 in
410 905 713 970 Winnefel
741 920 877 960 cum
904 899 1188 957 omnibus
1225 893 1979 966 necessariissuis3sicutin

314 1000 537 1058 chartis
574 993 928 1054 eorumdem
963 987 1300 1046 continetur
1343 1000 1455 1051 ;ex
1491 981 1655 1039 dono
1697 982 1977 1040 Waldevi

319 1090 421 1147 filii
452 1085 703 1146 Gemelli
730 1089 948 1140 terram
962 1079 1038 1134 de
1064 1073 1512 1147 Kirkebythore.
1530 1089 1668 1129 cum
1692 1072 1979 1129 omnibus

317 1175 691 1253 pertinentiis
725 1171 849 1228 suis
876 1186 890 1236 ;
920 1165 1232 1239 grangiam
1252 1163 1434 1220 etiam
1455 1167 1740 1219 etterram
1770 1161 1831 1217 in
1850 1161 1979 1218 Gal-

319 1268 504 1325 widia
530 1281 667 1338 quae
689 1263 903 1318 dicitur
931 1253 1289 1313 Kirkewinni
1319 1267 1458 1308 oum
1489 1251 1775 1306 omnibus
1804 1253 1980 1324 perti-

322 1356 544 1414 nentiis
571 1354 714 1422 suis,
747 1365 852 1423 per
880 1347 1103 1403 divisas
1134 1358 1276 1399 suas
1297 1342 1357 1397 in
1377 1340 1585 1396 charta
1605 1339 1857 1396 Rolandi
1872 1339 1978 1395 filii

322 1444 578 1503 Hratridi
606 1438 924 1500 manifeste
933 1434 1273 1498 decer......;
1291 1445 1472 1488 unam
1491 1431 1673 1486 etiam
1696 1428 1975 1497 salinam,

323 1541 490 1593 extra
514 1532 760 1590 easdem
789 1527 1010 1583 divisas
1037 1523 1100 1579 in
1128 1518 1546 1578 Lotchchidale
1554 1559 1686 1585 ......
1700 1534 1977 1576 necessa·

2085 363 2239 421 niam
2251 371 2462 424 mutuo
2472 366 3166 440 accipiatultra,pretium
3176 370 3430 444 capituli
3444 371 3546 429 sul
3560 374 3738 447 provi·

2085 452 2710 523 dentiaconstitutum,
2725 457 3364 530 proptermanifestam
3379 461 3618 518 domus
3633 479 3739 521 ves-

2087 547 2190 599 troe
2217 543 2547 605 utilitatem.
2568 545 2738 612 Quod
2763 545 2814 602 si
2851 545 3047 604 facere
3074 547 3226 606 forte
3262 553 3737 624 prnsumpserit,

2086 647 2210 688 non
2230 636 2500 691 teneatur
2521 639 2874 700 conventus,
2895 634 3026 692 sine
3054 637 3229 708 cujus
3257 637 3512 697 licentia
3537 644 3601 696 et
3620 656 3737 699 con-

2089 735 2265 778 sensu
2279 725 2392 781 hoc
2407 728 2705 794 exegerat,
2727 740 2836 796 pro
2849 723 2938 781 eis
2953 724 3340 798 aliquatenus
3354 730 3734 802 respondere.

2159 812 2445 870 Praeterea
2471 812 2698 870 licitum
2728 812 2801 870 sit
2831 813 3001 871 vobis
3042 815 3104 871 in
3143 818 3346 874 causis
3382 818 3611 876 vestris
3650 818 3737 877 fn-

2089 903 2205 956 tres
2242 906 2471 959 vestros
2515 901 2766 959 idoneos
2793 902 2872 959 ad
2920 903 3366 963 testificandum
3426 906 3735 975 adducere,

2087 994 2268 1062 atque
2292 991 2564 1064 ipsorum
2591 991 2952 1059 testimonio,
2979 994 3028 1051 si
3044 1001 3277 1053 rectum
3302 994 3511 1062 fuerit,
3538 1006 3598 1055 et
3631 1014 3734 1070 pre

2087 1081 2331 1153 pulsare
2360 1081 2706 1138 violentiam
2720 1082 3082 1153 etjustitiam
3114 1083 3452 1143 vindicare.
3483 1087 3601 1144 Pro
3628 1087 3734 1145 oleo

2087 1178 2317 1240 sancto,
2348 1169 2904 1228 consecrationibus
2919 1171 3201 1230 altarium
3215 1173 3307 1231 vel
3322 1173 3732 1244 ecclesiarum,

2086 1257 2571 1317 ordinationibus
2593 1261 3168 1335 monachorum,qui
3191 1262 3272 1319 ad
3287 1280 3506 1321 sacros
3517 1265 3733 1323 ordines

2088 1344 2303 1404 fuerint
2329 1349 2746 1421 promovendi,
2777 1349 2896 1406 sive
2923 1350 3143 1408 abbate
3165 1350 3543 1410 deducendo
3562 1353 3642 1410 ad
3666 1369 3731 1411 se·

2087 1435 2249 1503 dem,
2272 1435 2365 1492 vel
2389 1436 2759 1510 quibuslibet
2773 1437 2903 1496 aliis
2917 1440 3333 1507 sacramentis,
3352 1441 3565 1499 nullus
3597 1459 3633 1500 a
3655 1459 3727 1501 vo-

2086 1524 2203 1592 bis,
2252 1529 2359 1584 aut
2387 1526 2500 1583 sub
2533 1530 2817 1584 contentu
2846 1527 3295 1587 consuetudinis
3329 1537 3441 1588 aut
3482 1532 3730 1606 quolibet

322 1625 426 1682 riis
458 1624 581 1679 suis
607 1638 622 1688 ;
645 1624 702 1677 et
731 1620 1038 1692 pasturam
1053 1613 1250 1684 porcis
1267 1610 1397 1666 sine
1409 1607 1704 1680 pasuagio
1726 1623 1831 1680 per
1846 1624 1976 1665 om·
2007 1627 2051 1685 Β
2088 1613 2206 1672 alio
2235 1614 2419 1672 modo
2440 1615 2741 1688 quidquid
2777 1615 3001 1675 audeat
3040 1617 3363 1691 postulare.

318 1730 426 1771 nes
457 1712 637 1768 silvas
664 1707 817 1765 infra
843 1701 1187 1761 dominium
1202 1699 1476 1771 ejusdem
1509 1697 1783 1764 Rolandi,
1807 1703 1865 1754 et
1893 1699 1979 1754 ai-

322 1805 619 1863 siamenta
641 1796 904 1856 nemoris
937 1793 1000 1851 in
1031 1796 1272 1849 Preston
1305 1794 1365 1846 et
1398 1787 1580 1845 Lotch
1585 1826 1694 1843 .....
1722 1794 1779 1844 et
1800 1789 1981 1845 semi-

326 1898 442 1962 tas,
472 1894 528 1948 et
557 1891 916 1947 aisiamenta
940 1889 1225 1956 portuum
1257 1895 1271 1935 :
1304 1878 1511 1935 omnia
1546 1877 1697 1943 haic,
1724 1878 1879 1935 sicut
1920 1879 1980 1935 in

327 1982 534 2040 charta
547 1979 734 2053 ipsius
753 1973 1004 2032 Rolandi
1023 1970 1423 2029 continentur.
1445 1967 1508 2023 In
1527 1966 1980 2041 Hyberniaquo·

326 2088 446 2147 que
473 2066 773 2143 quidquid
803 2078 1008 2121 comes
1034 2058 1340 2125 Ricardus,
1371 2061 1428 2113 et
1458 2060 1627 2127 lingo
1656 2056 1732 2112 de
1752 2058 1909 2129 Lacy
1924 2063 1982 2114 et

328 2161 430 2217 alii
462 2158 692 2216 nobiles
711 2153 944 2228 pietatis
974 2149 1208 2214 intuitu,
1247 2147 1421 2202 vobis
1449 2152 1507 2201 et
1533 2146 1741 2202 domui
1771 2151 1980 2203 vestrae

329 2248 704 2306 contulerunt
733 2249 792 2301 et
808 2242 934 2298 suis
956 2240 1177 2296 chartis
1202 2237 1564 2300 munierunt,
1590 2235 1982 2293 nihilominus

326 2338 500 2395 vobis
537 2334 887 2393 auctoritate
924 2326 1255 2402 apostolica
1284 2324 1736 2381 confirmamus.

399 2427 744 2484 Inhibemus
769 2422 949 2479 etiam
981 2433 1054 2474 ne
1087 2422 1293 2479 terras,
1327 2430 1433 2469 seu
1462 2413 1775 2485 quodlibet
1805 2413 1981 2469 bene.

324 2517 529 2574 ficium
561 2512 824 2572 ecclesiae
843 2514 1052 2566 vestrae
1072 2504 1355 2562 collatum
1379 2502 1556 2559 liceat
1571 2502 1749 2559 alicui
1772 2518 1981 2575 perso·

326 2605 539 2662 naliter
565 2603 728 2666 dare.
759 2599 887 2655 sive
908 2597 1027 2654 alio
1058 2594 1242 2650 modo
1273 2591 1556 2658 alienare,
1576 2592 1703 2648 sine
1727 2607 1983 2648 consen-

328 2710 402 2750 su
426 2692 606 2750 totius
631 2687 874 2761 capituli
905 2683 1274 2753 autmajoris
1303 2687 1361 2737 et
1401 2681 1654 2737 sanioris
1680 2681 1885 2752 partis.
1921 2680 1980 2738 Si

326 2799 463 2857 quae
487 2797 630 2838 vero
660 2777 1020 2836 donationes
1052 2770 1145 2829 vel
1173 2770 1564 2827 alienationes
1594 2768 1764 2825 aliter
1791 2785 1981 2842 quam

325 2872 555 2931 dictum
595 2874 706 2935 est,
738 2867 911 2925 factae
947 2863 1184 2926 fuerint,
1226 2875 1330 2916 eas
1370 2858 1565 2915 irritas
1602 2875 1731 2916 esse
1769 2874 1980 2915 oense-

327 2976 484 3019 mus.

397 3050 684 3121 Antiquas
723 3049 1010 3119 proeterea
1039 3047 1097 3097 et
1131 3037 1520 3096 rationabiles
1557 3053 1628 3096 ac
1675 3038 1981 3110 regulares

326 3137 675 3198 monasterii
696 3134 866 3191 vestri
892 3127 1356 3188 consuetudines
1385 3127 1677 3183 hactenus
1696 3127 1982 3184 observa·

326 3233 438 3295 tas,
467 3232 626 3285 ratas
651 3224 948 3280 habemus
971 3224 1028 3275 et
1043 3235 1144 3275 eas
1172 3217 1382 3274 futuris
1404 3217 1773 3288 temporibus
1789 3216 1978 3273 illiba·

327 3324 420 3374 tas
449 3327 803 3389 permanere
819 3324 1150 3368 censemus·
1176 3308 1330 3363 Sane
1349 3305 1629 3362 laborum
1653 3311 1980 3363 vestrorum

327 3422 482 3480 quos
521 3403 775 3478 propriis
812 3398 1097 3457 manibus
1136 3402 1239 3453 aut
1266 3393 1608 3467 sumptibus
1637 3395 1847 3462 colitis,
1870 3411 1979 3453 seu

325 3494 402 3553 de
426 3492 802 3552 nutrimentis
815 3487 1167 3546 animalium
1187 3492 1544 3550 vestrorum,
1560 3485 1685 3540 sive
1695 3482 1770 3540 de
1786 3485 1977 3557 pisca-

324 3584 588 3642 tionibus
623 3580 850 3646 vestris,
886 3576 1227 3647 ubicunque
1247 3572 1464 3629 fuerint
1490 3575 1548 3627 in
1594 3573 1767 3645 aquis
1803 3572 1979 3630 salsis

325 3673 419 3731 vel
443 3670 813 3737 fluminibus,
842 3666 1040 3723 nullus
1070 3681 1109 3720 a
1135 3663 1303 3719 vobis
1330 3663 1597 3718 decimas
1625 3669 1979 3735 extorquere

325 3766 673 3836 praesumat.
712 3758 902 3815 Liceat
926 3768 1168 3828 quoque
1199 3752 1371 3808 vobis
1386 3751 1634 3808 clericos
1649 3752 1743 3808 vel
1767 3752 1976 3821 laicos,

325 3868 357 3909 e
395 3850 615 3909 soeculo
643 3848 934 3920 fugientes
949 3844 1170 3901 liberos
1192 3847 1250 3898 et
1277 3840 1609 3908 absolutos,
1637 3841 1716 3898 ad
1735 3858 1976 3899 conver·

324 3943 554 3999 sionem
587 3939 867 4009 recipere,
895 3937 1029 3991 etin
1055 3939 1252 3989 vestro
1281 3930 1642 3987 monasterio
1677 3930 1804 3986 sine
1837 3947 1977 3989 eon-

323 4030 673 4088 tradictione
698 4026 901 4097 aliqua
926 4022 1198 4080 retinere.
1230 4019 1614 4075 prohibemus
1639 4018 1888 4092 insuper
1914 4026 1978 4076 ut

323 4120 469 4177 nulli
490 4119 741 4175 fratrum
767 4121 1097 4170 vestrorum
1130 4114 1265 4183 post
1284 4107 1502 4164 factam
1526 4109 1586 4163 in
1607 4107 1741 4165 loco
1781 4114 1975 4167 vestro

322 4208 761 4282 professionem
788 4203 876 4259 fas
908 4198 1251 4269 sit,absque
1271 4197 1508 4254 abbatis
1524 4198 1616 4254 sui
1636 4197 1871 4255 licentia
1899 4199 1975 4255 de

324 4298 537 4354 eodem
571 4293 874 4351 discedere
908 4307 923 4357 ;
949 4288 1361 4346 discedentem
1380 4301 1519 4342 vero
1548 4286 1780 4360 absque
1808 4303 1977 4345 com-

320 4385 601 4443 munium
622 4382 952 4439 litterarum
963 4378 1233 4435 cautione
1245 4374 1444 4433 nullus
1456 4376 1678 4432 audeat
1700 4377 1971 4434 retinere.
2006 4355 2051 4411 D

319 4473 668 4530 Inhibemus
714 4469 897 4527 etiam
941 4465 1288 4524 auctoritate
1340 4464 1673 4537 apostoliea
1715 4481 1788 4522 ne
1839 4467 1975 4538 quis

320 4568 648 4637 praesumat
661 4557 1090 4616 monasterium
1107 4560 1358 4610 vestrum
1372 4554 1974 4611 novisexaotionibus

319 4667 669 4727 aggravare.
701 4649 834 4704 Paci
853 4661 1097 4721 quoque
1131 4641 1610 4715 ettranquillitati
1631 4648 1840 4699 vestrm
1863 4659 1970 4715 pa·

320 4750 490 4801 terna
523 4736 916 4797 sollicitudine
955 4732 1271 4808 providere
1310 4731 1592 4797 volentes,
1620 4732 1971 4790 auctoritate

318 4830 651 4906 apostolica
677 4826 1067 4900 prohibemus
1090 4828 1153 4879 ut
1170 4821 1326 4878 infra
1349 4820 1643 4877 ambitum
1671 4826 1971 4879 monaste-

317 4922 388 4978 rii
426 4919 603 4976 vestri
640 4925 697 4975 et
730 4915 1041 4973 clausuras
1089 4912 1385 4976 locorum,
1434 4926 1540 4965 seu
1577 4910 1968 4981 grangiarum

317 5015 643 5067 vestrarum
678 5004 883 5061 nullus
913 5001 1252 5059 violentiam
1271 4999 1364 5056 vel
1391 5000 1665 5072 rapinam
1695 4998 1818 5055 sive
1849 4999 1970 5057 fur·

322 5104 447 5156 tum
461 5096 850 5160 committere,
865 5098 968 5149 aut
983 5095 1176 5164 ignem
1196 5103 1520 5162 apponere,
1538 5104 1642 5144 seu
1657 5088 1969 5146 hominem

319 5204 554 5261 capere,
588 5185 679 5242 vel
706 5182 1036 5241 interficere
1063 5180 1266 5252 aliquo
1294 5178 1478 5235 modo
1507 5182 1852 5250 praesumat.
1880 5178 1969 5236 Ad

317 5278 447 5334 hoeo
457 5281 656 5335 autem
670 5274 987 5344 adjicimus
1006 5285 1079 5326 ne
1091 5268 1306 5341 aliquis
1318 5267 1498 5323 frater
1511 5266 1633 5323 sive
1645 5281 1970 5324 conversus

318 5366 432 5422 sub
457 5364 825 5438 professione
856 5367 1061 5417 vestras
1088 5358 1310 5415 domus
1333 5356 1627 5422 astrictus,
1655 5355 1781 5412 sine
1819 5371 1968 5414 con-

319 5468 498 5510 sensu
526 5458 585 5512 et
617 5451 857 5510 licentia
882 5448 1122 5508 abbatis
1142 5453 1200 5505 et
1245 5446 1494 5518 majoris
1516 5445 1703 5519 partis
1732 5444 1972 5519 capituli

2162 1704 2492 1761 statuimus
2506 1705 2691 1761 etiam
2707 1720 2784 1762 ne
2799 1705 3068 1780 episcopi
3097 1708 3188 1763 vel
3208 1706 3329 1766 alia
3359 1724 3733 1783 personas·-

2089 1792 2304 1850 cularis
2321 1807 2427 1849 seu
2442 1792 2681 1851 alterius
2698 1794 2930 1852 ordinis
2944 1794 3281 1868 regularem
3298 1804 3359 1855 et
3383 1799 3732 1857 canonican

2089 1881 2329 1939 abbatis
2351 1882 2527 1938 vestri
2549 1883 2894 1941 electionem
2927 1899 3195 1958 unquam
3216 1885 3538 1959 impediat,
3553 1888 3735 1946 necds

2089 1970 2451 2044 deponendo
2475 1987 2548 2028 eo
2574 1973 2681 2045 qui
2711 1987 2822 2045 pro
2851 1977 3118 2046 tempore
3157 1973 3355 2041 fuerit,
3383 1981 3607 2034 eontra
3639 1984 3736 2035 sts·
3783 1974 3784 2001 ³

2091 2065 2220 2118 tuta
2233 2059 2633 2117 cisterciensis
2647 2060 2878 2119 ordinis
2899 2062 3394 2122 etauctoritatem
3407 2065 3502 2135 pri
3510 2065 3738 2139 vilegiu-

2091 2166 2224 2206 rum
2268 2156 2625 2216 vestrorum,
2662 2154 2720 2205 et
2756 2148 3097 2207 nullatenus
3114 2151 3500 2212 intromittat.
3543 2155 3741 2212 Proter
3779 2186 3784 2223 4

2091 2254 2163 2294 ea
2187 2238 2237 2294 si
2266 2238 2586 2311 episcopus
2627 2239 2688 2294 in
2732 2239 2905 2310 cujus
2955 2240 3243 2313 parochia
3285 2239 3516 2298 domus
3561 2248 3743 2300 vestra
3775 2232 3784 2283 -4

2093 2325 2345 2383 fundata
2389 2329 2494 2392 est,
2525 2326 2696 2382 tertio
2743 2342 2882 2383 cum
2932 2326 3265 2384 humilitate
3313 2335 3374 2385 et
3407 2329 3740 2395 devotione,

2093 2415 2243 2471 sicut
2280 2415 2578 2481 convenit,
2603 2415 2946 2489 requisitus,
2968 2415 3252 2474 abbatem
3293 2424 3587 2486 vestrum,
3615 2435 3744 2476 cum

2092 2503 2451 2560 substitutus
2480 2502 2676 2574 fuerit,
2707 2504 3063 2561 benedicere
3092 2503 3240 2562 forte
3260 2506 3550 2575 noluerit,
3579 2507 3744 2565 licent

2089 2590 2283 2648 eidem
2316 2592 2542 2662 abbati,
2570 2592 2618 2649 si
2646 2592 2962 2665 presbyter
2977 2594 3172 2658 fuerit,
3195 2594 3481 2666 proprios
3497 2597 3746 2654 novitios

2090 2680 2465 2748 benedicere,
2495 2688 2554 2737 et
2578 2681 2696 2738 alia
2723 2696 2861 2754 qum
2882 2680 3242 2739 adofficium
3277 2682 3423 2741 illud
3457 2687 3747 2757 pertinent

2090 2786 2385 2837 exercere,
2401 2776 2459 2827 et
2469 2770 2666 2828 donec
2691 2771 2854 2828 idem
2873 2771 3195 2844 episcopus
3224 2771 3510 2830 duritiam
3528 2775 3749 2847 renegi-

2092 2863 2169 2917 tet
2197 2863 2256 2915 et
2278 2858 2755 2916 benedicendum
2784 2858 3069 2917 abbatem
3100 2860 3461 2918 benedicere
3497 2877 3621 2920 non
3669 2877 3750 2919 re·

2091 2952 2283 3007 ouset.

2165 3038 2546 3095 Decernimus
2569 3053 2711 3110 ergo
2728 3038 2952 3096 utnulli
2966 3040 3222 3098 omnino
3239 3038 3560 3098 hominnm
3575 3040 3750 3100 liceat

2092 3127 2406 3199 prefatum
2437 3128 2870 3185 monasterium
2900 3135 3122 3186 temere
3138 3128 3482 3202 pertubare,
3511 3131 3602 3187 vel
3627 3131 3749 3204 ejus

2090 3218 2507 3290 possessiones
2521 3216 2778 3284 auferre,
2793 3216 2884 3274 vel
2913 3217 3150 3276 ablatas
3163 3219 3442 3286 retinere,
3465 3220 3749 3289 minum,

2091 3306 2185 3363 vel
2206 3305 3006 3378 quibuslibetvexationibus
3015 3306 3306 3379 fatigare,
3329 3309 3438 3364 sed
3451 3310 3747 3366 omniain·

2090 3400 2257 3467 tegra
2286 3401 2710 3453 conserventur
2746 3411 2954 3453 eorum
2992 3410 3104 3470 pro
3143 3412 3413 3469 quorum
3457 3399 3744 3470 guberne·

2089 3486 2250 3543 tione
2272 3492 2329 3542 et
2352 3485 2786 3541 sustentatione
2812 3500 3107 3543 concessa
3130 3492 3292 3557 sunt,
3316 3487 3536 3544 usibus
3556 3489 3738 3546 omni·

2088 3574 2285 3632 modis
2309 3574 2639 3647 profutura,
2670 3574 2841 3632 salva
2854 3574 3371 3648 sedisapostolicae
3386 3578 3735 3635 auctoritate

2087 3670 2144 3721 et
2170 3663 2494 3720 dioecesani
2523 3663 2788 3736 episcopi
2813 3663 3110 3720 canonica
3133 3662 3391 3735 justitia.

2160 3752 2214 3810 Si
2244 3767 2369 3826 qua
2397 3752 2576 3822 igitur
2599 3751 2938 3808 infuturum
2955 3751 3351 3810 ecclesiastiea
3361 3752 3734 3811 saeouhrisve

2083 3857 2371 3915 persona,
2392 3847 2505 3898 etc.

2157 3934 2328 3999 Data,
2357 3935 2493 3994 etc„
2536 3945 2634 3986 viu
2667 3929 2818 3995 Hali,
2864 3944 3027 3986 anno
3073 3929 3307 3987 Domini
3356 3931 3522 3999 ¹¹85,
3553 3933 3732 4006 ponti·

2085 4020 2298 4077 ficatus
2322 4034 2461 4076 vero
2479 4018 2692 4076 domni
2719 4018 2882 4076 Lucii
2895 4033 3071 4091 papo
3091 4019 3242 4076 tertii
3253 4035 3421 4077 anno
3437 4026 3676 4095 quarto.

2088 4196 2343 4272 [Hartw'
2384 4210 2418 4253 o
2443 4194 2530 4279 ῌ]
2548 4195 2981 4279 archispiscopo
2999 4196 3728 4281 Ηᾳιπὸανςεωίρίψηκεαι

2152 4285 2210 4327 se
2237 4269 2337 4327 ino
2377 4268 2632 4326 edoentes
2659 4268 2879 4335 Dama,
2902 4270 3145 4333 suemae.
3162 4268 3494 4341 Norweasae
3523 4272 3726 4338 episeo-

2150 4356 2253 4412 pos
2325 4346 2567 4411 propter
2622 4340 3052 4397 tumultuosum
3115 4354 3442 4412 regnorum
3499 4341 3725 4401 mom

2153 4416 2371 4468 statum
2407 4424 2649 4469 evocare
2675 4410 2995 4469 distulisse.

2619 4483 2907 4554 (veroum,
2941 4481 3073 4540 Maii
3113 4480 3194 4555 s.)

2230 4556 2633 4625 [barrensem.
2665 4553 2999 4626 Hambury.
3048 4553 3341 4623 Urlrsmd„
3363 4555 3411 4624 l,
3436 4555 3601 4631 ²³⁸2]

2155 4644 2354 4701 Lucius
2382 4643 2726 4716 episcopus,
2767 4657 2974 4699 servus
3001 4658 3314 4700 servorum
3337 4645 3464 4712 Dei,
3487 4659 3721 4702 venere-

2078 4732 2183 4790 bili
2211 4731 2374 4789 fratri
2403 4732 2702 4789 lli-emensi
2728 4732 3203 4806 archiepiscopo,
3227 4732 3491 4790 salutem
3521 4739 3584 4791 et
3600 4748 3720 4808 apo

2079 4817 2353 4880 stolicanf
2386 4820 2887 4878 benedictionem.

2150 4913 2296 4968 Cum
2319 4911 2566 4966 nuntius
2589 4925 2772 4982 quem
2797 4910 2965 4983 apud
2994 4908 3389 4982 apostolicam
3408 4909 3626 4968 sedem
3649 4909 3718 4966 di·

2078 4999 2354 5063 miseras.
2390 5004 2451 5054 ut
2469 5000 2786 5056 citaremus
2808 5001 3126 5074 episcopos
3152 5014 3255 5072 per
3297 4998 3577 5068 Daciam,
3605 5002 3720 5058 Sus·

2078 5089 2224 5147 tiam
2235 5090 2674 5160 etNorwegiam
2686 5087 3133 5145 constitutosad
3151 5086 3720 5157 respondendum&

2078 5177 2421 5236 obedientia
2448 5193 2637 5251 quam
2677 5176 2950 5234 Ecolenae
2974 5182 3093 5233 tuo
3128 5175 3500 5234 subtraxisse
3535 5177 3724 5235 dicm-

2079 5273 2195 5333 tur,
2229 5266 2558 5340 plurimum
2583 5265 2912 5332 institisset,
2935 5280 3059 5323 non
3082 5269 3174 5322 est
3202 5265 3398 5322 visum
3426 5266 3615 5323 nobis
3637 5270 3722 5324 ast

2079 5355 2368 5414 fratribus
2383 5356 2603 5413 nostris
2619 5354 2788 5429 quod
2811 5355 2873 5412 in
2904 5360 3072 5413 tants
3107 5354 3474 5424 turban'one,
3510 5360 3722 5431 quants

2077 5460 2242 5504 nunc
2267 5444 2331 5503 in
2356 5444 2805 5520 prndietisesss
2822 5445 3027 5517 regnis
3049 5442 3367 5511 asseritur,
3393 5447 3457 5503 et
3475 5444 3545 5505 in
3577 5443 3728 5505 novi·
