3784 6000
558 239 761 303 HIST.
808 238 1079 303 RERUM
1121 239 1666 322 TRANSMARIN.
1712 274 1791 286 —
1835 241 1979 303 LIB.
2023 241 2151 305 XV.
2197 243 2451 308 Fumo
2499 246 2673 307 REX.

3196 252 3322 318 610

140 373 456 439 nter-mina,
476 373 575 429 ubi
605 373 804 431 audito
837 374 1056 431 domini
1078 374 1358 447 principis
1381 380 1436 432 et
1459 376 1563 431 do·
1592 376 1646 444 Α
1677 376 1838 434 litate
1860 380 2436 453 praetenta‚mitigare
2458 384 2799 456 satagebant
2821 383 3319 457 indignationem:

137 463 328 520 >mitis
376 463 652 530 adventu,
684 464 1017 536 approbans
1055 481 1251 521 eorum
1286 460 1572 521 sollicitu-

149 558 209 610 et
238 553 556 610 fraternam
589 553 957 623 charitatem,
989 555 1090 610 sed
1135 571 1260 610 sero
1310 553 1567 611 oblatam

142 658 299 710 rens,
327 642 411 698 eis
443 642 696 698 occurrit
718 643 957 698 devotus
982 661 995 711 ;
1020 643 1344 716 solustique
1374 643 1570 707 ingen-

137 736 435 802 :ratiarum
480 735 835 802 actionibus,
868 736 1022 808 quod
1059 752 1158 808 pro
1189 736 1314 806 ejus
1344 737 1568 808 negotio

137 823 376 880 illicitos
405 840 465 879 se
507 824 909 893 exhibuerant,
943 830 998 880 et
1048 829 1334 896 quantum
1384 826 1442 881 in
1485 828 1569 882 eis

137 917 356 985 ptatum
383 913 860 971 ministraverant
881 913 1206 970 subsidium
1233 934 1248 981 3
1271 919 1328 970 et
1351 915 1570 971 mutuis

147 1003 404 1060 tionibus
427 1002 689 1072 recreati,
722 1003 897 1058 divisi
927 1009 1066 1060 sunt
1094 1004 1165 1059 ab
1196 1003 1466 1069 invicem,
1499 1004 1567 1061 ad

137 1110 158 1149 ι
185 1092 517 1149 redeuntes.

522 1199 754 1257 CAPUT
791 1199 961 1256 XXX.

137 1323 178 1365 vs
226 1306 572 1364 Antiochiam
622 1323 889 1369 reversus.
931 1307 1117 1364 urbem
1163 1309 1433 1365 obsessam
1483 1325 1569 1366 re·

152 1399 175 1444 ‚·
210 1382 540 1450 imperatori
616 1383 743 1436 totis
797 1380 1006 1436 viribus
1060 1382 1418 1447 contradicit:
1473 1381 1568 1437 sed

137 1469 217 1509 em
280 1451 642 1525 quorumdam
709 1454 1040 1520 interventu,
1089 1454 1264 1509 eidem
1321 1456 1565 1511 reconci-

142 1540 190 1581 r.

138 1630 282 1688 inus
314 1634 507 1686 autem
543 1629 830 1703 princeps,
863 1632 1034 1703 cujus
1066 1648 1154 1689 res
1193 1633 1250 1688 in
1296 1637 1452 1690 arcto
1482 1634 1566 1689 vi-

138 1736 213 1775 ur
233 1718 583 1787 constitutae,
601 1717 741 1790 quia
764 1719 1235 1787 potentissimum
1269 1720 1426 1777 orbis
1449 1725 1563 1777 ter·

137 1809 349 1881 icipem
382 1814 517 1864 ante
565 1824 733 1864 suam
766 1808 1053 1865 civitatem
1096 1809 1334 1865 hostilia
1383 1809 1567 1866 medi·

137 1919 146 1954 ι
177 1898 502 1963 dimiserat,
535 1895 899 1953 Antiochiam
933 1898 1038 1954 sub
1087 1899 1246 1954 omni
1278 1898 1567 1955 celeritate

137 2005 179 2053 s,
200 2004 303 2060 per
335 1991 555 2056 portam
579 1986 958 2056 superiorem,
982 2004 1107 2059 quae
1131 1988 1398 2059 praesidio
1425 1987 1569 2044 civi-

138 2117 140 2128 .
166 2076 285 2133 arci
305 2077 659 2133 contermina
685 2082 790 2143 eet,
815 2076 1138 2149 ingressus,
1162 2077 1567 2148 imperatorem

142 2168 202 2223 in
233 2165 434 2223 eodem
465 2171 929 2238 perseverantem
976 2166 1274 2239 proposito
1307 2167 1519 2239 reperit
1550 2183 1565 2223 τ

136 2274 162 2312 r
190 2255 314 2313 dies
345 2255 568 2328 aliquot
594 2256 808 2312 habitis
839 2257 1267 2326 congressibus,
1293 2257 1567 2314 nonnulis

138 2346 304 2403 benis
337 2345 396 2401 in
445 2345 815 2417 imperatoris
862 2345 1175 2402 exercitum
1209 2346 1360 2402 clam
1391 2363 1564 2419 saepe,

149 2435 360 2506 saepius
393 2435 744 2505 irruptiones
787 2434 1070 2503 faciendo,
1101 2436 1315 2492 damna
1345 2435 1428 2492 eis
1458 2438 1568 2492 sre-

137 2543 177 2582 ar
205 2523 525 2582 intulerunt
555 2524 853 2593 enormia3
886 2532 939 2580 et
965 2540 1100 2582 cum
1158 2525 1243 2581 eis
1274 2541 1434 2581 more
1461 2525 1567 2582 bo-

137 2632 210 2671 on
268 2617 490 2670 attenta
539 2613 671 2669 fidei
723 2614 1100 2686 professione,
1160 2615 1563 2670 versabantur.

137 2708 243 2762 ttor
272 2719 501 2774 quoque
531 2718 699 2759 versa
736 2703 856 2759 vice
896 2702 1199 2758 tormentis
1226 2702 1566 2775 ingentibus

143 2793 299 2850 binis
321 2791 709 2864 jaculatoriis,
744 2798 941 2847 cautes
990 2791 1475 2860 immanissimos,
1508 2794 1566 2848 et

145 2882 230 2939 sis
272 2881 540 2954 ponderis
591 2881 1043 2952 contorquendo,
1076 2898 1110 2936 a
1157 2885 1324 2952 porta
1372 2882 1564 2951 pontis

166 2972 435 3031 caedendo
465 2978 519 3027 et
546 2975 755 3043 turreS,
789 2972 951 3027 urbis
981 2969 1235 3027 claustra
1265 2969 1564 3028 debilitare

137 3079 311 3135 ngare
334 3061 642 3118 nitebatur.
670 3059 1097 3133 Dispositisque
1128 3075 1455 3133 pergyrum
1480 3061 1562 3117 le·

137 3155 544 3228 1s,sagitiis,et
566 3155 828 3210 omnium
855 3153 1162 3209 missilium
1187 3169 1567 3226 genere,nec-
1601 3135 1643 3203 C

157 3245 684 3303 fundibulariorum
705 3260 879 3299 manu
913 3250 1194 3315 proterva,
1217 3243 1372 3299 cives
1388 3261 1420 3300 a
1439 3260 1568 3300 mu-

137 3335 463 3409 »ugnatione
491 3334 767 3390 arcebant
787 3336 1016 3389 eminus
1040 3351 1055 3402 ;
1079 3337 1135 3388 et
1153 3332 1227 3388 ad
1256 3334 1568 3389 suffodien-

139 3424 236 3482 nia
252 3424 474 3482 aditum
499 3428 555 3480 et
575 3424 1066 3496 opportunitatem
1090 3422 1425 3478 nitebantur
1443 3423 1565 3478 vin-

137 3515 276 3571 .His
326 3514 500 3587 igitur
544 3513 626 3569 ita
668 3529 730 3569 se
791 3512 1166 3582 habentibus,
1202 3511 1391 3567 timori
1442 3515 1568 3568 erat

137 3602 400 3661 itioribus
432 3603 740 3673 utriusque
767 3600 1079 3668 exercitus,
1113 3600 1266 3672 quod
1299 3599 1408 3656 nisi
1440 3616 1570 3656 ma-

137 3692 169 3748 ti
191 3690 600 3749 subveniretur
618 3690 881 3756 consili0,
898 3706 986 3745 res
1008 3690 1066 3745 in
1089 3706 1222 3745 eum
1260 3705 1460 3746 casum
1481 3706 1570 3747 es-

137 3786 410 3849 tventura‚
444 3780 501 3838 in
555 3797 668 3852 quo
703 3796 818 3836 non
850 3779 1033 3850 facile,
1070 3779 1341 3852 periculis
1384 3795 1568 3837 emer-

137 3888 222 3941 us,
257 3871 516 3929 remedia
545 3875 781 3943 possent
808 3869 992 3940 aptari
1025 3869 1449 3926 convenientia.
1475 3870 1567 3927 In·

140 3964 247 4017 unt
275 3977 339 4017 se
388 3961 582 4031 itaque
612 3958 715 4014 viri
746 3958 1021 4026 timorati,
1056 3957 1309 4029 partium
1341 3955 1567 4026 arbitri,

1674 483 1909 522 rursum
1933 468 2237 526 dominum
2262 471 2585 543 principem
2610 473 2908 542 adeuntes,
2926 475 3246 547 prudenter
3266 483 3321 533 et

1673 556 2092 630 circumspecte
2141 559 2339 629 nimis,
2373 567 2547 633 prout
2602 579 2748 635 opus
2793 569 2938 632 erat,
2962 565 3113 623 viam
3159 567 3322 640 pacis

1672 647 1910 703 student
1955 648 2235 706 invenire.
2286 650 2542 706 Tandem
2603 653 2795 709 visum
2855 658 2941 710 est
2987 655 3222 713 arbitris
3266 661 3324 716 et

1673 737 1930 807 quaesitis
1953 737 2182 795 foederis
2212 741 2694 808 moderatoribus,
2713 744 2865 815 quod
2892 743 3146 802 dominus
3163 746 3323 818 prin-

1670 834 1791 890 ceps
1819 819 1890 874 ad
1919 821 2263 890 imperialem
2292 822 2544 879 accedens
2563 827 3054 897 maynificentiam‚
3081 830 3142 883 in
3163 844 3322 900 prae·

1669 909 1849 964 sentia
1897 909 2209 965 illustrium
2252 916 2304 966 et
2353 913 2682 983 inclytorum
2747 916 3054 988 imperialis
3098 918 3321 990 palatii,

1670 1012 1795 1053 cum
1815 1000 2204 1056 universorum
2234 1008 2372 1056 coetu
2408 1019 2691 1073 procerum
2717 1019 2961 1067 suorum.
2993 1023 3116 1064 cum
3164 1007 3324 1066 debi-

1672 1095 1728 1143 ta
1748 1088 2091 1145 solemnitate
2120 1089 2173 1146 ei
2222 1090 2421 1160 ligiam
2449 1092 2706 1150 exhibeat
2750 1094 3098 1164 fidelitatem3
3149 1097 3325 1165 iuret-

1671 1192 1772 1247 quc
1817 1180 2059 1248 praestito
2106 1180 2469 1252 corporaliter
2517 1187 2881 1252 sacramento,
2918 1184 3062 1257 quod
3106 1185 3325 1244 domino

1670 1267 1994 1338 imperatori
2016 1267 2362 1324 Antiochiam
2394 1270 2614 1339 inoredi
2654 1272 2878 1343 volenti,
2910 1274 2995 1330 vel
3022 1274 3142 1346 ejus
3178 1291 3328 1346 prae-

1671 1353 2027 1425 sidium‚sive
2046 1358 2195 1413 irato
2216 1360 2333 1414 sive
2361 1366 2580 1429 pacato,
2600 1361 2842 1417 liberum
2869 1370 2923 1419 et
2954 1365 3326 1437 tranquillum

1670 1460 1778 1499 non
1805 1453 1965 1515 neqet
1993 1448 2310 1503 introitum.
2336 1449 2404 1504 Et
2433 1450 2485 1505 si
2512 1449 2772 1507 dominus
2810 1450 3110 1524 imperator
3130 1455 3183 1510 ei
3213 1457 3326 1514 Ha-

1673 1532 1903 1604 lapiam,
1937 1539 2259 1607 Gaesaream,
2304 1541 2574 1607 sionnam,
2625 1541 2913 1609 Emessam,
2958 1545 3100 1600 sicut
3138 1548 3327 1616 pactis

1673 1628 1794 1678 erat
1841 1626 2133 1692 insertum,
2164 1628 2407 1699 principi
2442 1630 2749 1685 restitueret
2795 1633 3022 1702 quietas,
3054 1633 3195 1704 quod
3240 1635 3326 1692 his

1674 1716 1727 1769 et
1768 1713 1900 1770 aliis
1946 1716 2554 1785 circumadjacentibus,
2600 1726 2885 1777 contentus
2930 1721 3176 1790 urbibus,
3207 1725 3328 1780 An-

1679 1803 1944 1859 tiochiam
1973 1804 2197 1860 domino
2219 1807 2544 1876 imperatori
2569 1810 2688 1864 sine
2714 1808 3050 1881 difficultate
3066 1812 3327 1871 restituat

1667 1891 1800 1961 jure
1826 1894 2175 1964 proprietatis
2203 1895 2541 1962 habendam;
2574 1896 2829 1954 dominus
2859 1915 2987 1956 vero
3027 1902 3327 1972 imperator

1676 1982 1735 2036 in
1761 1984 2307 2055 recompensationem
2329 1985 2595 2043 exhibita?
2614 1986 2923 2056 fidelitatis,
2934 1989 3189 2062 principi
3206 2006 3325 2048 con-

1676 2069 1857 2132 cedat.
1890 2071 2031 2144 quod
2058 2074 2126 2142 si,
2158 2081 2386 2131 auctore
2405 2076 2656 2146 Domino,
2686 2093 2815 2134 eum
2842 2081 3135 2148 conticerit
3154 2081 3323 2138 Hala-

1674 2162 1846 2232 piam,
1878 2161 2203 2236 Caesaream,
2222 2172 2273 2221 et
2292 2182 2507 2223 omnem
2525 2167 2737 2223 circum
2766 2167 3103 2240 adjacentem
3132 2171 3326 2242 reqio-

1675 2266 1799 2306 nem
1824 2251 1936 2308 sibi
1962 2253 2265 2325 acquirere,
2280 2263 2447 2311 totum
2478 2255 2726 2329 principi
2753 2257 2875 2314 sine
2902 2259 3147 2316 molestia
3168 2267 3218 2319 et
3238 2262 3325 2319 di·

1677 2342 1987 2399 minutione
2027 2351 2335 2405 accrescat:
2366 2348 2419 2401 et
2438 2347 2579 2415 jure
2623 2354 2881 2418 perpetuo
2926 2349 3042 2404 sibi
3066 2358 3119 2406 et
3147 2349 3326 2408 ltaere-

1675 2427 1831 2486 ‹tibus
1878 2433 2014 2501 suis,
2049 2439 2233 2490 tamen
2276 2436 2331 2489 in
2378 2433 2656 2504 beneficio,
2700 2436 2843 2507 quod
2884 2437 3109 2505 feodum
3148 2440 3319 2510 vulao

1674 2517 1904 2588 dicitur,
1937 2522 2241 2592 tranquille
2267 2521 2562 2593 possident.
2598 2522 2875 2596 Egressus
2906 2530 2993 2582 est
3012 2526 3190 2598 igitur
3212 2528 3319 2586 do·

1677 2609 1874 2665 minus
1905 2611 2196 2683 princeps,
2217 2612 2390 2683 juxta
2433 2613 2789 2685 condictum,
2818 2629 2949 2672 cum
2988 2616 3149 2673 omni
3180 2634 3320 2676 suo·

1675 2714 1806 2754 rum
1838 2699 2120 2756 nobilium
2152 2703 2540 2770 comitatu‚ad
2575 2708 2764 2759 castra
2795 2703 3121 2777 imperialia
3162 2723 3176 2763 z
3218 2708 3320 2766 ubi

1677 2805 1811 2849 cum
1837 2789 2029 2846 debita
2060 2790 2497 2849 honorificentia
2530 2810 2564 2850 a
2592 2793 2830 2851 domino
2860 2802 3166 2868 susceptus
3207 2798 3321 2855 im·

1677 2884 1961 2953 peratore,
2010 2881 2309 2937 recensitis
2343 2883 2414 2937 ad
2467 2882 2745 2954 placitum
2777 2883 2915 2941 hinc
2962 2885 3097 2943 inde
3138 2889 3319 2959 pactis

1671 2983 2047 3038 consensum,
2079 2968 2422 3027 fidelitatem
2458 2987 2626 3029 suam
2686 2967 2923 3032 domino
2980 2975 3315 3047 imperatori

1678 3058 2031 3116 manualiter
2059 3060 2350 3132 exhibuit3
2379 3062 2479 3117 sed
2512 3071 2565 3118 et
2586 3061 2784 3119 statim
2811 3064 3193 3136 praedicatum
3218 3085 3320 3124 ur-

1684 3149 1846 3206 bium
1875 3164 2008 3206 cum
2038 3149 2311 3206 omnibus
2342 3150 2712 3223 pertinentiis
2741 3153 2865 3210 suis
2896 3153 3167 3213 dominus
3209 3157 3319 3214 im·

1676 3243 1909 3311 perator
1936 3238 2341 3296 investituram
2374 3241 2424 3296 ei
2456 3241 2766 3312 concessit,
2790 3244 3085 3316 spondens
3112 3244 3323 3304 firmis-

1681 3331 1851 3398 sime,
1883 3328 2041 3402 quod
2068 3334 2264 3386 aestate
2296 3330 2555 3401 proxime
2588 3331 2803 3401 futura,
2835 3348 2933 3390 eas
2960 3337 3193 3393 auctore
3212 3336 3322 3393 Do-

1675 3419 2323 3489 mino,comprebensas
2345 3419 2725 3492 corporaliter
2755 3422 2955 3480 tradat.
2989 3424 3083 3481 Sic
3121 3425 3322 3499 itaque

1678 3507 1889 3566 foedere
1935 3508 2247 3580 complet0,
2301 3524 2442 3581 pace
2488 3508 2719 3580 plenius
2767 3510 3053 3581 restituta,
3110 3513 3318 3572 vexillo

1678 3596 1963 3670 imperiali
1995 3614 2172 3669 super
2214 3595 2590 3668 principalem
2624 3597 2880 3669 praesidii
2911 3615 3103 3656 arcem
3135 3601 3320 3659 collo-

1678 3692 1826 3755 cato,
1857 3686 2028 3744 donis
2075 3684 2403 3755 ingentibus
2434 3685 2788 3756 cumulatus,
2828 3702 2960 3744 cum
2999 3689 3126 3746 suls
3154 3690 3320 3762 prin-

1679 3792 1815 3848 ceps
1837 3775 1897 3830 in
1919 3773 2212 3830 civitatem
2235 3778 2323 3829 est
2348 3789 2669 3846 regressus.
2693 3775 2972 3833 Dominus
2995 3782 3189 3835 autem
3213 3777 3321 3835 im-

1678 3861 2512 3937 perator,propterinstantem
2539 3861 2751 3920 hiemis
2782 3867 3317 3937 asperitatem‚cum

1680 3952 1966 4010 universis
2013 3952 2362 4009 exercitibus
2433 3951 2557 4009 suis
2606 3952 2665 4008 in
2723 3953 2981 4012 Ciciliam
3029 3971 3319 4027 reversus,

1679 4040 1831 4098 circa
1858 4044 2102 4098 Tarsum
2132 4039 2192 4097 in
2225 4042 2461 4114 regione
2490 4041 3117 4109 maritima‚hiemandi
3137 4046 3328 4120 gratia

1681 4148 1742 4190 se
1771 4129 2037 4189 contulit.

137 4051 416 4105 »ortantes
455 4045 825 4118 manipulos:
869 4051 925 4101 et
955 4045 1176 4102 domini
1205 4043 1570 4117 imperatoris

137 4138 211 4195 sis
232 4138 507 4208 castra,ej
520 4154 586 4194 us
609 4134 798 4193 verbis
822 4134 1103 4209 pacificis,
1127 4137 1181 4191 et
1202 4134 1362 4190 omni
1383 4132 1572 4191 humi·

642 4527 1047 4614 molan*
1111 4526 1443 4612 LIBER
1509 4522 2023 4638 QmNTUs
2088 4521 2623 4612 DECIMUS.

467 4858 695 4916 CAPUT
737 4858 1046 4915 PRIMUM.

137 4948 250 5002 ztor
296 4947 606 5006 Caesaream
646 4949 852 5004 obsidet
871 4965 892 5011 ,·
935 4951 1183 5020 principe
1211 4955 1263 5004 et
1302 4948 1584 5004 Edessano

218 5020 415 5076 comite
443 5023 503 5075 in
546 5023 663 5090 ejus
693 5023 939 5092 obsequio
968 5023 1295 5077 constitutis.

1617 4867 1666 4929 1)
1696 4856 1851 4928 clngi
1882 4855 2168 4930 populum
2202 4856 2562 4914 universum.
2589 4853 2912 4914 Proemissis
2942 4871 3081 4929 ergo
3109 4855 3339 4928 legatio·

1697 4945 1867 5000 nibus
1921 4945 2197 5002 dominus
2248 4946 2541 5018 princeps,
2573 4946 2850 5002 dominus
2881 4961 3116 5019 quoque
3145 4963 3340 5007 comes

1695 5034 2050 5104 Edessanus,
2082 5034 2295 5105 aliique
2328 5035 2563 5091 illarum
2597 5035 2850 5107 partium
2884 5034 3171 5107 primores
3202 5036 3345 5095 invi·

1695 5128 1857 5181 tantu
1869 5128 1987 5192 r,ut
2006 5140 2139 5181 cum
2162 5123 2401 5181 domino
2426 5124 2780 5195 imperatore
2804 5123 3247 5195 proficiscantur
3268 5126 3342 5182 ad

1695 5213 1914 5284 praelia.
1972 5212 2195 5279 Quibus
2244 5212 2504 5283 undique
2550 5211 2936 5286 conglobatis,
2974 5213 3143 5286 quasi
3191 5215 3345 5272 circa

1695 5301 1821 5358 Kal.
1851 5302 2093 5376 Aprilis,
2123 5302 2429 5359 turbarum
2463 5302 2733 5371 stridore,
2758 5300 3025 5375 clangore
3041 5305 3345 5374 tympano·

1697 5408 1853 5460 rum,
1903 5393 2188 5449 exercitus
2241 5392 2572 5461 universus,
2622 5400 2685 5448 ut
2732 5390 2914 5464 pactis
2974 5392 3129 5448 inter
3184 5407 3248 5450 se
3291 5398 3348 5449 et

1696 5481 2021 5556 principem
2046 5482 2208 5556 prius
2225 5480 3008 5554 initis,satisfaciant‚versus
3028 5481 3348 5541 Caesaream

1697 5570 1851 5628 acies
1891 5571 2063 5646 dirigi
2114 5572 2399 5647 precipit,
2431 5574 2491 5630 et
2537 5571 2685 5630 fines
2729 5571 2990 5631 hostium
3020 5572 3345 5645 ingressus,

137 5129 391 5185 nscursis
422 5129 601 5202 igitur
630 5131 782 5185 circa
813 5137 1002 5199 partes
1032 5128 1243 5185 Ciliciae
1278 5126 1584 5184 mensibus

137 5216 223 5286 iis,
252 5234 386 5275 vere
408 5220 531 5290 jam
565 5220 820 5286 reducto,
854 5224 911 5274 et
959 5223 1186 5289 gratam
1235 5217 1584 5273 exercitibus

137 5310 224 5362 nte
252 5310 614 5381 temperiem,
651 5308 828 5363 missa
869 5324 1000 5364 voce
1039 5308 1346 5380 praeconia,
1379 5310 1438 5361 et
1464 5304 1586 5360 edi-

149 5395 350 5466 periali
385 5397 615 5471 publice
648 5399 960 5454 mandatur
989 5393 1357 5469 primiceriis,
1389 5396 1584 5450 centu-

137 5502 226 5555 us,
248 5488 769 5562 quinquagenariis
801 5487 1120 5561 legionum,
1143 5486 1357 5542 iterum
1387 5483 1590 5542 cohor-

137 5577 290 5649 strui,
323 5580 718 5640 instrumenta
742 5578 951 5638 bellica
981 5576 1259 5652 reparari,
1291 5574 1472 5635 armis
1501 5589 1590 5633 ac-
