3784 6000
504 217 690 275 HIST.
733 218 991 278 RERUM
1022 221 1527 281 TRANSMARIN.
1558 254 1627 268 -
1662 222 1804 282 LlB.
1846 225 2023 282 XXII.
2066 224 2477 284 BALDUINUS
2516 224 2591 284 lv
2627 225 2799 286 REX.

3263 230 3372 288 886

137 341 366 407 ιίτὶὺυε,
393 341 552 400 bella
595 348 768 417 parat
791 347 1070 419 recidiva,
1120 355 1357 407 revocat
1390 351 1598 408 cohor·
1627 350 1674 405 A
1705 365 1778 407 ca
1805 351 1923 409 hoc
1951 356 2147 409 essent
2173 350 2423 418 solliciti,
2447 353 2602 409 etad
2622 350 3077 422 impediendum
3101 354 3367 414 hostium

137 437 402 503 »ngregat
451 432 737 506 legiones,
783 443 1117 508 comportat
1164 440 1497 507 machinas,
1540 444 1597 498 et

137 538 146 576 ι
178 522 452 577 omnium
482 539 617 595 quoe
637 525 814 581 urbes
838 527 1259 585 obsidentibus
1294 546 1472 586 usum
1504 546 1597 586 so-

137 618 373 666 roestare
396 612 820 680 necessarium,
836 630 1042 672 curam
1057 619 1206 688 gerit
1227 617 1592 688 diligentem.

138 716 165 754 s
189 699 296 756 rite
327 700 649 772 dispositis,
668 706 1021 761 transcursis
1039 708 1229 763 Basan
1249 713 1304 764 et
1331 706 1590 777 Galaad;

137 788 420 845 ›nitarum
471 806 712 864 quoque
756 799 810 849 et
855 794 1044 862 Moab,
1076 812 1214 868 ques
1262 802 1401 854 sunt
1443 797 1595 855 ultra

137 891 264 933 aem
292 879 654 950 regionibuS‚
674 880 885 938 urbem
913 885 1008 938 cui
1036 900 1254 941 nomen
1279 886 1591 957 pristinum

135 965 376 1033 deserti,
408 968 763 1027 modernum
784 988 926 1028 vero
953 974 1163 1039 crach,
1180 975 1456 1031 obsidere
1476 976 1591 1032 dis·

158 1057 286 1122 Quo
317 1072 424 1128 per
466 1058 874 1129 exploratores
916 1064 1304 1134 praecognito,
1358 1064 1593 1120 Raiual·

137 1159 151 1198 ³
192 1145 561 1215 castellione,
619 1149 724 1220 qui
782 1150 1044 1221 regionis
1088 1152 1247 1208 illius
1303 1159 1593 1225 tanquam

137 1232 305 1290 ‚itatis
337 1236 556 1293 uxorioe
585 1253 795 1294 curam
826 1240 1089 1309 gerebat,
1124 1241 1363 1297 trahens
1388 1257 1593 1299 secum

137 1338 236 1388 im,
272 1337 406 1395 quae
436 1324 514 1381 ad
543 1326 724 1383 castri
761 1329 1070 1385 tuitionem
1102 1329 1372 1387 sufficere
1414 1346 1594 1403 posse

137 1416 267 1478 itur,
292 1412 372 1469 ad
400 1418 602 1486 partes
629 1414 758 1471 illas
779 1416 935 1473 citus
958 1419 1314 1490 pertransiit.
1347 1421 1593 1477 Eratau-

164 1500 389 1558 ibidem
421 1507 476 1558 et
502 1503 669 1559 aliud
716 1507 1042 1575 negotium.
1081 1510 1228 1565 Nam
1256 1508 1592 1565 Hent'redus

147 1589 899 1661 ,juniorisHenfredifilius,
917 1596 1166 1652 senioris
1190 1596 1465 1654 Henfredi
1486 1597 1591 1670 qui

1703 455 1991 497 ascensus
2016 441 2402 506 desudarent,
2451 441 2591 496 vicit
2617 441 2883 498 hostium
2913 444 3235 501 multitudo
3265 462 3280 513 ;
3313 450 3371 504 et

1704 529 1816 585 illis
1841 530 1903 585 in
1933 529 2141 600 rugam
2167 531 2371 596 versis,
2401 531 2502 602 qui
2532 530 2618 586 eis
2649 530 2760 587 iter
2789 532 3121 604 praepedire
3157 535 3366 592 molie-

1703 618 1942 686 bantur,
1978 624 2241 675 montem
2273 619 2684 687 obtinuerunt,
2708 618 2863 677 ferro
2896 620 3003 678 iter
3031 625 3369 694 aperientes

1703 708 2050 765 universum
2077 724 2091 774 ;
2115 708 2196 765 ita
2230 712 2290 763 ut
2307 707 2487 780 paulo
2511 709 2711 765 minus
2740 725 2877 765 cum
2891 713 3113 766 nostris
3139 712 3199 768 in
3212 729 3368 785 prae-

1703 797 1924 854 sidium
1952 813 2014 853 se
2065 798 2323 869 recipere
2366 797 2756 865 certantibus,
2788 798 2992 855 hostes
3038 801 3367 858 violentum

1702 886 2019 943 habuerint
2048 887 2383 956 ingressum
2414 905 2430 957 ;
2466 886 2547 943 ita
2573 893 2638 942 ut
2659 886 2777 943 nisi
2813 888 2988 943 unius
3009 890 3245 961 equitis,
3272 891 3368 947 cui

1701 990 1925 1031 nomen
1967 975 2183 1031 Ivenus
2232 982 2376 1042 erat,
2415 975 2725 1033 restitisset
2766 977 3046 1034 miranda
3073 978 3366 1051 probitas,

1701 1065 1803 1137 qui
1829 1065 1960 1135 jam
2004 1064 2078 1120 de
2108 1065 2381 1121 hostibus
2428 1070 2827 1134 accesserant,
2875 1081 2983 1139 per
3026 1074 3272 1138 pontem
3312 1072 3371 1125 et

1701 1158 1942 1224 portam
1991 1154 2155 1225 ponti
2200 1153 2658 1221 conterminam,
2705 1152 2960 1210 liberum
2993 1158 3121 1212 suis
3156 1162 3211 1213 et
3240 1157 3368 1215 sine

1702 1242 2048 1298 difficultate
2077 1241 2828 1298 vindicassentintroitum.
2859 1243 2954 1300 Sic
2985 1259 3128 1314 ergo
3164 1245 3367 1301 miseri

1702 1330 1885 1399 cives,
1912 1330 2280 1403 imprudenti
2308 1330 2556 1386 rectoris
2582 1330 2857 1397 consilio,
2890 1347 3090 1389 rerum
3113 1348 3366 1389 suarum

1702 1420 1862 1492 passi
1902 1424 2036 1475 sunt
2057 1417 2468 1492 dispendium,
2501 1419 2774 1476 hostibus
2796 1435 3005 1477 eorum
3026 1420 3181 1478 lares
3213 1422 3364 1479 obti-

1700 1507 2008 1574 nentibus,
2040 1524 2180 1564 cum
2210 1507 2565 1564 utensilibus
2609 1508 2982 1566 omnimodis
3026 1515 3085 1567 et
3117 1510 3368 1583 supelle-

1703 1597 1834 1654 ctile
1857 1597 2156 1653 universa.
2187 1597 2297 1663 Qui
2327 1602 2528 1653 autem
2555 1597 2613 1652 in
2641 1599 2988 1670 praesidium
3019 1614 3085 1655 se
3125 1615 3365 1674 recepe·

141 1679 400 1735 minatus
425 1685 512 1736 est
533 1681 607 1737 de
625 1684 876 1753 Torone,
905 1685 1049 1755 regii
1072 1685 1499 1745 constabularii
1518 1703 1591 1745 ex
1624 1696 1665 1751 Β
1703 1693 1855 1753 rant,
1889 1687 2163 1742 timentes
2194 1686 2457 1743 hostium
2489 1687 2803 1758 impetum.
2833 1688 3246 1758 imprudenter
3274 1689 3367 1746 ni-

137 1782 283 1838 2pos,
304 1769 858 1840 praedictiRainaldi
890 1774 1221 1845 privignuS,
1248 1776 1480 1832 domini
1510 1792 1593 1833 re·

137 1871 329 1913 rorem
372 1858 694 1929 juniorem,
754 1877 939 1935 quam
993 1864 1391 1936 quadriennio
1441 1880 1592 1938 pene

137 1945 610 2019 iesponsaverat,
653 1950 941 2008 ducturus
997 1958 1125 2010 erat
1152 1954 1265 2010 illis
1296 1954 1590 2011 diebusin

137 2051 215 2090 m.
247 2036 353 2092 Vix
389 2052 531 2106 ergo
560 2038 640 2095 ad
664 2039 865 2096 locum
898 2049 1244 2113 pervenerat
1275 2058 1460 2116 supra
1482 2060 1591 2101 no-

136 2139 257 2193 um,
290 2126 500 2199 vixque
531 2129 877 2199 nuptiarum
902 2130 1349 2203 compleverant
1377 2132 1593 2189 solem-

137 2229 233 2269 um
254 2229 391 2271 ecce
420 2216 632 2272 eadem
662 2217 784 2285 die,
817 2223 880 2275 ut
926 2219 1160 2287 dicitur,
1189 2221 1592 2278 Salahadinus

137 2304 530 2361 onumen-abili
555 2306 748 2363 adfuit
774 2309 1173 2378 multitudine,
1204 2310 1518 2367 machinas
1536 2316 1594 2367 et

137 2397 234 2449 nta
255 2395 635 2465 jaculatoria,
653 2399 872 2470 quibus
902 2399 1149 2456 obsessa
1175 2400 1366 2457 solent
1390 2399 1592 2470 flagel-

137 2481 371 2548 oesidia,
408 2500 612 2541 secum
653 2486 926 2544 deferens
952 2507 972 2560 ς
1012 2497 1069 2544 et
1097 2490 1309 2546 castris
1339 2489 1590 2547 circum-

137 2570 361 2628 slocum
394 2572 708 2631 obsidione
740 2576 998 2634 vallavit.
1038 2579 1163 2635 Fuit
1210 2584 1413 2634 autem
1442 2594 1590 2651 prae·

137 2660 331 2717 iivitas
372 2662 434 2717 in
467 2669 665 2721 monte
719 2665 827 2721 sita
862 2666 1109 2722 sublimi
1151 2666 1505 2738 admodum,
1532 2673 1589 2724 et

137 2766 189 2804 is
213 2751 443 2807 ambitu
472 2754 786 2824 profundis
814 2773 831 2826 ;
856 2755 1162 2829 jacuitque
1193 2759 1391 2812 multis
1443 2761 1589 2814 tem-

137 2853 182 2893 is
213 2839 539 2909 confracta,
571 2842 814 2899 redacta
834 2845 1147 2915 penitusin
1176 2845 1582 2903 solitudinem.

142 2943 201 2983 m
231 2943 370 2985 vero
391 2935 677 3000 regnante
698 2932 946 2991 domino
970 2933 1225 2990 Fulcone
1241 2935 1585 2991 Latinorum

1705 1775 1815 1831 mis
1845 1780 1905 1831 et
1957 1774 2395 1831 inconsiderate
2445 1776 2704 1847 penitus,
2734 1780 3002 1848 pontem,
3051 1777 3366 1851 quisuper

1703 1864 1927 1921 vallum
1956 1869 2083 1920 erat
2110 1863 2344 1929 unicus,
2389 1879 2512 1936 quo
2553 1865 2622 1919 iis
2657 1864 2757 1936 qui
2804 1864 3037 1921 obsessi
3059 1871 3248 1931 erant,
3281 1866 3366 1921 in·

1703 1953 1914 2009 troitus
1943 1953 2192 2026 patebat
2221 1956 2278 2007 et
2313 1953 2521 2017 exitus,
2546 1952 2912 2024 dejecerunt.
2947 1957 3126 2010 Erant
3155 1958 3358 2010 autem

1702 2042 1859 2098 intus
1892 2041 2253 2113 promiscuae
2282 2041 2643 2098 conditionis
2688 2045 2747 2098 et
2801 2057 2979 2097 sexus
3010 2041 3185 2099 turba
3223 2041 3359 2114 plu·

1700 2131 1855 2188 rima
1884 2137 1944 2188 et
1970 2131 2214 2196 inutilis,
2258 2145 2396 2203 quas
2427 2129 2695 2186 obsessis
2737 2129 2936 2203 potius
2978 2133 3144 2187 oneri
3187 2135 3358 2189 erant

1701 2236 1884 2293 quam
1937 2218 2188 2286 utilitati,
2231 2218 2586 2275 histrionum
2633 2218 2928 2286 videlicet,
2962 2219 3270 2276 tibicinum
3298 2226 3356 2276 et

1700 2309 2109 2382 psaltriarum,
2138 2324 2275 2380 quas
2305 2308 2551 2365 exomni
2575 2306 2817 2379 regione
2843 2308 2920 2365 ad
2937 2306 3098 2365 diem
3121 2308 3357 2381 nuptia-

1700 2414 1835 2455 rum
1873 2402 2308 2465 convenerant3
2337 2397 2557 2470 quibus
2608 2402 2824 2470 praeter
2867 2413 3035 2470 spem
3089 2397 3352 2470 accidit;

1699 2504 1840 2545 nam
1856 2488 1892 2543 d
1903 2504 2004 2545 um
2024 2487 2252 2543 ludicra
2264 2491 2600 2559 quaererent
2610 2491 2665 2543 et
2681 2486 2987 2543 lasciviam
3000 2486 3353 2558 nuptialem,

1699 2577 1933 2634 Martios
1964 2576 2714 2645 invenerunt-congressus,
2742 2580 2799 2632 et
2813 2574 2990 2647 longe
3004 2574 3126 2631 suis
3139 2574 3353 2632 studiis

1698 2665 2017 2722 dissimiles
2067 2664 2412 2738 praeliorum
2467 2665 2921 2736 occupationes.
2973 2663 3357 2721 contulerant

1697 2758 2069 2827 sepraeterea
2111 2754 2171 2809 in
2226 2752 2425 2810 locum
2460 2753 2815 2825 praedictum
2853 2768 2924 2809 ex
2954 2753 3101 2810 locis
3141 2753 3354 2810 subur·

1695 2842 1890 2900 banis.
1935 2843 2171 2901 Suriani
2204 2858 2340 2898 cum
2385 2841 2672 2899 uxoribus
2722 2846 2781 2897 et
2811 2840 3096 2914 parvulis,
3128 2841 3356 2898 locum-

1694 2947 1812 3006 que
1838 2931 2228 3005 repleverant.
2265 2933 2347 2987 lta
2377 2936 2441 2988 ut
2468 2931 2800 2987 discurrere
2839 2930 3196 2998 volentibus,
3228 2945 3352 3005 prae

135 3016 317 3074 alium
347 3035 484 3090 rege
532 3022 718 3087 tertio,
750 3025 1024 3093 paganus
1062 3024 1315 3096 quidam
1346 3026 1448 3098 qui
1489 3040 1586 3081 co-
1617 3047 1659 3105 C
1696 3022 1882 3080 turbis
1902 3037 2025 3079 non
2055 3027 2283 3095 pateret
2305 3023 2400 3077 via
2422 3020 2611 3080 libera
2634 3038 2649 3088 ;
2673 3026 2994 3094 essentque
3019 3022 3158 3077 viris
3177 3036 3355 3095 expe-

147 3111 319 3163 natus
349 3114 436 3165 est
460 3110 767 3175 Pincerna,
802 3112 1063 3181 regionis
1080 3112 1233 3169 ultra
1259 3114 1584 3170 Jordanem

145 3212 235 3261 us,
260 3196 319 3251 in
350 3199 561 3254 eodem
596 3206 813 3264 monte,
848 3201 908 3256 in
939 3217 1062 3274 quo
1092 3201 1300 3258 civitas
1322 3203 1432 3259 sita
1463 3202 1586 3259 sue-

137 3285 427 3343 eoesidium
461 3285 751 3355 fundavit,
790 3288 850 3345 in
882 3305 952 3346 ea
991 3292 1210 3346 montis
1249 3294 1438 3362 parte,
1462 3308 1585 3365 qua

138 3389 292 3430 nons
321 3375 522 3431 minus
551 3377 811 3434 clivosus
830 3383 939 3444 est,
972 3383 1028 3435 et
1056 3395 1190 3451 quae
1219 3379 1398 3449 plano
1428 3385 1585 3438 exte-

137 3462 376 3534 ijacenti
400 3466 590 3537 magis
619 3472 708 3524 est
726 3468 1118 3525 contermina.
1153 3469 1263 3535 Qui
1286 3484 1428 3527 vero
1453 3486 1585 3527 suc-

137 3557 232 3609 mt
279 3552 356 3619 ei,
379 3555 679 3611 Mauritius
697 3556 968 3613 videlicet
987 3571 1178 3629 nepos
1211 3557 1340 3628 ejus
1365 3561 1423 3612 et
1453 3558 1584 3614 Phi·

153 3643 594 3715 Neapolitanus,
624 3644 821 3701 locum
849 3645 1194 3717 praedictum
1216 3646 1372 3703 vallo
1393 3654 1448 3702 et
1467 3651 1585 3703 tur-

137 3731 507 3789 ·eddiderunt
556 3735 967 3806 insigniorem.
1018 3738 1192 3793 Extra
1231 3736 1583 3810 praedictum

150 3822 516 3893 praesidium,
541 3822 798 3879 ubiolim
824 3825 1032 3881 civitas
1063 3824 1356 3881 aedificata
1371 3825 1574 3888 fuerat,

137 3909 287 3966 sium
321 3926 480 3966 nunc
511 3919 657 3977 erat,
690 3912 751 3967 in
774 3929 895 3985 quo
927 3914 1060 3983 ejus
1085 3913 1196 3970 loci
1215 3913 1583 3971 habitatores

143 3998 285 4054 satis
317 4004 442 4056 tuta
465 4001 576 4057 sibi
610 4009 937 4073 posuerant
967 4001 1293 4058 domicilia.
1326 4006 1471 4059 Nam
1504 4004 1583 4060 ab

137 4090 388 4144 serateis
412 4090 915 4161 oppidum.quasi
936 4105 1045 4162 pro
1075 4093 1402 4147 munitione
1424 4108 1584 4147 sum-

137 4192 160 4231 ι
181 4176 427 4249 reliquis
456 4194 597 4234 vero
630 4178 899 4250 partibus
944 4184 1098 4236 totus
1128 4195 1324 4247 mons,
1357 4184 1418 4235 ut
1440 4196 1585 4251 pras·

138 4282 156 4321 1
187 4267 444 4334 est,imis
474 4267 729 4323 vallibus
762 4268 1116 4338 cingebatur
1150 4288 1162 4327 :
1193 4270 1274 4324 ita
1298 4274 1381 4334 ut,
1415 4269 1461 4323 si
1493 4268 1582 4324 vel

137 4370 171 4411 o
200 4371 372 4411 muro
400 4362 558 4413 esset
589 4358 959 4425 praecinctus,
987 4357 1204 4414 nullius
1247 4357 1580 4414 hostilitatis

137 4443 280 4501 laret
305 4442 580 4501 accessus
610 4462 626 4510 ,·
655 4446 895 4501 duobus
928 4447 1086 4503 enim
1140 4452 1375 4502 tantum
1406 4447 1580 4515 locis,

137 4532 574 4605 ntisfastigium
589 4535 953 4590 ascendendi
971 4540 1128 4606 patet
1141 4536 1579 4607 opportunitas,

137 4622 329 4677 >aucis
359 4620 529 4679 facile
560 4629 765 4679 contra
794 4624 1055 4680 hostium
1079 4624 1348 4694 ingentes
1374 4625 1582 4696 copias

137 4710 455 4778 afficiendi,
477 4712 717 4784 reliquae
733 4728 867 4768 vero
881 4719 1078 4784 partes
1096 4714 1346 4769 omnino
1372 4712 1581 4768 dicun·

137 4801 368 4871 pervioe.
391 4802 755 4871 Vidensergo
775 4804 1051 4874 princeps
1069 4802 1582 4874 Rainaldus,quod

159 4889 546 4957 advenerant,
568 4891 901 4963 proposuit,
925 4892 1258 4964 improvide
1287 4893 1451 4958 satis,
1476 4892 1584 4948 sic·

135 4978 364 5035 videtur
391 4981 494 5052 qui
523 4981 681 5036 circa
712 4980 1060 5051 hujusmodi
1089 4995 1335 5036 sensum
1359 4979 1583 5037 habent

137 5072 341 5134 tatum,
376 5068 575 5126 locum
605 5072 954 5125 exteriorem
969 5075 1025 5125 et
1046 5068 1401 5125 suburbium
1424 5084 1580 5141 prae-

137 5156 415 5229 idjacens,
436 5158 587 5215 tueri
611 5178 623 5228 ;
654 5157 1475 5232 inhibuitquehabitatoribus
1499 5158 1584 5213 lo·

163 5263 305 5304 suas
334 5247 393 5303 iu
424 5248 769 5320 priesidium
795 5247 1110 5303 transferre
1137 5247 1495 5313 volentibus,
1522 5252 1580 5304 et

137 5336 396 5393 rovidere
427 5337 622 5403 saluti,
650 5352 724 5393 ne
754 5352 864 5393 sua
885 5336 1218 5392 desererent
1255 5335 1577 5402 domicilia,

140 5426 290 5498 quid
312 5426 386 5483 de
413 5427 536 5483 suis
568 5426 1234 5499 frivolisproesumerent
1250 5430 1579 5498 asportare.

137 5529 248 5572 ‚um
279 5519 404 5573 tam
430 5515 661 5588 equites
687 5531 865 5589 quam
885 5516 1155 5589 peditum
1170 5513 1463 5587 manipuli
1474 5513 1582 5572 cir·

1694 3111 2032 3177 ditioribus,
2067 3116 2123 3168 et
2150 3110 2510 3168 defensionis
2541 3111 2739 3168 studio
2786 3109 3070 3168 dantibus
3101 3126 3351 3184 operam

1693 3201 1860 3257 oneri
1879 3206 1937 3257 et
1956 3199 2410 3272 impedimento.
2435 3198 2805 3257 Victualibus
2820 3205 3019 3257 tamen
3041 3200 3356 3257 dicebatur

1692 3289 1860 3346 locus
1892 3288 2242 3360 abundare3
2285 3288 2390 3345 sed
2419 3304 2730 3346 armorum
2766 3303 2887 3347 non
2917 3292 3048 3347 erat.
3071 3293 3238 3347 tanta
3257 3304 3354 3346 co·

1691 3378 1814 3450 pia,
1833 3382 2127 3451 quantam
2158 3379 2273 3435 loci
2303 3379 2471 3435 tuitio
2504 3377 2818 3435 videbatur
2843 3377 3102 3451 exigere.

2295 3484 2520 3541 CAPUT
2563 3485 2741 3540 XXIX.

1692 3577 1821 3632 Rex
1844 3573 2045 3631 comiti
2057 3573 2335 3643 lappensi
2354 3572 2927 3630 administrationem
2941 3574 3145 3642 aufert
3166 3590 3186 3641 ;
3206 3574 3351 3631 Bal-

1761 3646 2012 3702 duinum
2026 3652 2292 3715 nepotem
2307 3659 2478 3701 suum
2497 3645 2659 3715 reaia
2671 3644 3000 3702 diademate
3012 3651 3276 3701 coronat.

1760 3735 1880 3791 Rex
1905 3750 2044 3791 vero
2069 3735 2296 3790 interea
2325 3733 2554 3799 videns,
2585 3733 2753 3806 quod
2784 3732 2845 3788 in
2870 3733 3217 3805 supradicto
3245 3748 3351 3790 ne·

1692 3825 1852 3895 gotio
1873 3823 2039 3896 apud
2065 3822 2290 3879 fontem
2316 3821 2729 3879 'tubaniacum
2758 3837 2962 3878 comes
3009 3822 3347 3895 Joppensis,

1692 3915 1806 3982 cui,
1836 3918 1899 3970 ut
1926 3913 2347 3985 praemisimus,
2379 3911 2547 3982 regni
2572 3911 3352 3969 commiseratadministra-

1691 4003 1939 4069 tionem,
1957 4001 2154 4057 minus
2175 4009 2415 4057 strenue
2437 4001 2758 4073 minusque
2781 4000 3105 4074 prudenter
3134 4015 3199 4056 se
3224 4015 3352 4071 ges·

1692 4097 1845 4148 serat
1876 4090 2198 4163 3quodque
2229 4090 2361 4161 eius
2383 4088 2788 4161 imprudentia
2805 4091 2864 4145 et
2890 4088 3348 4145 omnimodain-

1692 4178 2050 4236 sufficientia
2069 4180 2236 4249 regni
2261 4182 2450 4234 status
2471 4193 2623 4251 pene
2644 4177 2852 4250 lapsus
2870 4177 3089 4243 fuerat,
3111 4177 3350 4233 saniore

1695 4285 1838 4325 usus
1870 4268 2139 4338 consilio,
2187 4274 2429 4324 revocat
2453 4268 2531 4323 ad
2563 4282 2625 4323 se
2651 4283 2826 4324 suam
2869 4283 3056 4340 quam
3091 4265 3170 4323 illi
3190 4280 3351 4322 com·

1696 4359 1937 4414 miserat
1969 4357 2574 4414 administrationem.
2633 4358 2920 4414 Dicuntur
2976 4361 3035 4413 et
3087 4356 3220 4413 alioe
3247 4371 3348 4412 su-

1693 4446 1864 4503 besse
1897 4462 2116 4504 causae.
2184 4449 2355 4514 Nam,
2418 4451 2479 4502 ut
2527 4445 2937 4520 praediximus,
2995 4447 3092 4503 ubi
3140 4460 3348 4502 curam

1690 4536 1858 4607 regni
1889 4536 1942 4591 ei
1987 4536 2391 4601 commiserat,
2440 4534 2654 4591 urbem
2695 4534 3170 4606 Hierosolymam
3209 4549 3348 4589 cum

1692 4624 1902 4680 decem
1933 4623 2198 4680 millibus
2220 4639 2537 4680 aureorum
2559 4620 3105 4694 'persolvendorum
3122 4637 3351 4679 annua-

1692 4715 1821 4779 tim,
1855 4729 1964 4785 pro
2007 4712 2288 4785 expensis
2344 4711 2766 4777 familiaribus,
2809 4711 2922 4767 sibi
2979 4711 3345 4779 retinuerat;

1694 4801 2102 4874 postmodum,
2132 4801 2266 4857 facti
2300 4801 2616 4872 poenitens,
2663 4815 2773 4870 pro
2803 4799 3216 4873 Hierosolyma
3241 4802 3347 4871 Ty·

1692 4907 1823 4947 rum
1870 4890 2096 4946 eisdem
2127 4889 2594 4954 conditionibus,
2637 4904 2709 4945 eo
2752 4889 2917 4961 quod
2949 4887 3347 4945 munitissima

1692 4980 1871 5036 totius
1905 4978 2072 5051 regni
2117 4984 2274 5034 esset
2322 4977 2530 5033 civitas
2560 4982 2617 5033 et
2646 4978 2772 5033 suis
2820 4976 3347 5034 commoditatibus

1690 5069 1881 5141 aptior
1910 5066 2229 5126 videretur.
2258 5066 2373 5123 sibi
2400 5066 2587 5123 voluit
2616 5067 2965 5139 permutari.
2998 5068 3187 5134 Quam
3218 5068 3348 5141 ejus

1692 5158 2057 5232 petitionem,
2097 5156 2390 5230 quoniam
2438 5171 2640 5212 comes
2665 5171 2816 5227 aegre
2853 5155 3014 5212 visus
3037 5161 3126 5212 est
3151 5171 3348 5213 susce·

1691 5246 1879 5320 pisse,
1907 5261 2010 5302 rex
2032 5245 2382 5315 proedictam
2413 5244 2629 5302 dicitur
2671 5249 2942 5301 mutasse
2968 5245 3345 5302 sententiam.

1695 5338 2061 5407 Factumque
2085 5339 2173 5391 est
2194 5333 2406 5390 merito
2433 5339 2515 5399 ut,
2547 5333 2650 5407 qui
2679 5333 2741 5390 in
2769 5333 3012 5391 modico
3038 5349 3179 5405 erga
3206 5348 3347 5390 eum

1691 5422 1934 5499 quisibi
1966 5424 2246 5480 universa
2285 5422 2636 5490 contulerat,
2682 5422 2875 5479 noluit
2902 5437 3034 5479 esse
3064 5421 3346 5490 liberalis,

1696 5514 1775 5572 ab
1802 5512 2083 5571 universa
2135 5525 2378 5571 summa
2410 5527 2611 5570 rerum
2654 5510 2972 5571 decideret.
3003 5514 3120 5570 Nec
3147 5511 3347 5571 solum
