3784 6000
308 198 428 260 523

1387 204 1804 270 GUlLLELMI
1846 204 2231 270 TYRENSIS
2270 200 2633 267 Attumne.

3587 196 3717 261 522

214 340 221 349 '
309 337 381 393 ed
412 335 728 393 solemnem
754 340 812 394 et
831 336 1113 394 celebrem
1138 339 1317 396 tantae
1346 339 1460 397 diei
1493 343 1951 414 processionem,
1981 341 2036 410 Α
2067 345 2259 399 autem
2291 336 2516 395 domini
2545 330 2908 407 patriarchas,
2940 332 3041 387 aut
3089 326 3315 385 domini
3343 326 3618 385 «loscelini
3651 330 3720 386 in

311 425 502 483 subito
524 442 594 482 ex
622 443 739 482 una
767 430 927 497 parte
956 443 1149 483 comes
1180 444 1315 485 cum
1345 430 1471 485 suis
1500 430 1905 503 ingrederetur
1938 447 1952 486 ε

309 519 367 572 et
397 533 428 573 e
476 516 730 588 regione,
761 515 982 571 domini
1032 516 1184 587 regis
1233 518 1430 587 funus,
1471 536 1607 576 cum
1658 520 1953 594 exsequiis

308 604 744 676 importaretur,
805 605 1075 662 universa
1123 606 1348 676 militia,
1395 626 1519 680 quae
1575 626 1708 666 cum
1768 626 1834 667 eo
1893 611 1953 666 in

307 690 614 764 AEgyptum
644 692 1040 760 descenderat,
1074 693 1294 750 domini
1345 696 1438 752 sui
1484 698 1661 754 funus
1693 698 1764 755 de
1794 714 1954 755 more

306 784 713 852 prosequente.

949 870 1183 929 CAPUT
1223 873 1319 930 111.

304 957 488 1017 Modus
515 958 801 1015 electionis
829 963 1116 1030 aper-itum
1145 971 1197 1016 et
1231 962 1594 1021 memorabile
1620 970 1833 1035 factum
1861 983 1953 1025 co-

480 1031 637 1088 mitis
671 1031 1086 1088 Boloniensium
1113 1034 1396 1091 Eustachii
1418 1034 1771 1093 describitur.

378 1137 711 1197 Introducto
743 1138 927 1211 igitur
957 1141 1157 1198 funere
1189 1144 1345 1213 regio
1377 1144 1434 1199 in
1458 1150 1720 1201 sanctam
1753 1147 1954 1203 civita-

304 1234 423 1287 tem
446 1231 583 1287 etin
628 1229 874 1286 ecclesia
914 1231 1193 1287 Dominici
1217 1233 1476 1305 Sepulcri
1512 1236 1680 1305 juxta
1710 1238 1949 1294 fratrem

307 1324 441 1377 ante
489 1320 682 1376 locum
713 1319 810 1390 qui
864 1320 1078 1376 dicitur
1107 1320 1413 1394 Golgotha,
1438 1324 1550 1380 sub
1582 1330 1773 1382 monte
1821 1327 1948 1383 Cal·

305 1410 499 1480 variae‚
560 1409 877 1466 honorifice
947 1410 1196 1483 sepulto,
1253 1420 1646 1471 convenerunt
1697 1416 1797 1488 qui
1855 1418 1948 1474 ad·

305 1504 472 1558 erant
501 1500 571 1556 de
598 1500 922 1570 majoribus
952 1501 1136 1573 regni,
1161 1502 1952 1578 episcopi,arcbiepiscopiet

238 1660 242 1665 ι
307 1589 405 1647 alii
436 1588 816 1646 ecclesiarum
851 1589 1073 1662 praelati
1123 1607 1255 1648 cum
1304 1594 1539 1651 domino
1576 1595 1820 1651 Arnult'c
1852 1613 1952 1668 pa-

306 1679 601 1744 triarchar,
633 1683 689 1734 et
736 1678 807 1734 de
854 1678 1018 1736 laicis
1063 1679 1420 1752 principibus
1471 1683 1761 1751 nonnulli,
1795 1685 1951 1740 inter
1983 1716 2027 1782 B

306 1783 455 1840 quos
483 1771 607 1824 erat
639 1767 724 1823 vir
760 1768 1111 1837 industrius,
1154 1771 1310 1826 unde
1347 1772 1562 1843 saepius
1593 1789 1774 1844 supra
1817 1773 1953 1830 l'eci-

307 1873 443 1912 mus
491 1855 870 1923 mentionem,
916 1856 1262 1926 Joscelinus,
1307 1864 1512 1931 potens
1561 1862 1621 1917 in
1678 1877 1850 1934 opere
1897 1865 1950 1919 et

308 1961 599 2009 sermone,
632 1945 1083 2018 Tyberiadensis
1129 1947 1423 2004 dominus·
1457 1949 1779 2023 Habitaque
1809 1950 1953 2008 deli·

307 2034 608 2091 beratione
638 2034 710 2091 de
739 2034 984 2092 instanti
1016 2036 1266 2107 negotio,
1300 2037 1483 2093 varias
1520 2044 1796 2111 promunt
1816 2056 1952 2096 sen-

310 2124 544 2193 tentiae,
591 2123 921 2180 dicentibus
979 2124 1108 2181 aliis
1141 2140 1155 2180 ε
1208 2128 1651 2196 Exspectandum
1706 2145 1815 2186 esse
1859 2129 1954 2186 do-

305 2214 524 2270 minum
548 2214 898 2270 Eustachium
917 2217 1187 2279 comitem,
1202 2232 1300 2271 nec
1320 2216 1832 2290 interrumpendam
1846 2219 1954 2275 ἡκ-

307 2303 589 2360 reditariae
624 2304 986 2359 successionis
1014 2305 1459 2374 antiquissimam
1496 2308 1665 2378 leyem
1697 2327 1715 2363 .·
1744 2311 1955 2380 specia-

309 2394 463 2459 liter,
494 2408 620 2448 cum
668 2393 818 2449 bonae
865 2393 1144 2448 memoriae
1193 2396 1400 2463 [ratres
1446 2397 1559 2468 ejus
1606 2413 1867 2468 conpruo,
1898 2405 1953 2455 et

305 2482 519 2537 cunctis
544 2480 761 2551 placato
812 2480 1188 2538 moderamine
1227 2498 1461 2554 reanum
1497 2487 1738 2556 feliciter
1777 2488 1953 2544 admi·

306 2571 646 2627 nistrassent.
677 2569 826 2626 Aliis
866 2570 1197 2628 dicentibus
1229 2589 1243 2628 ε
1278 2575 1502 2644 Neqotia
1533 2576 1717 2649 reyni‚
1747 2581 1948 2635 eleon·

305 2659 530 2717 tinuam
564 2660 943 2715 necessitatem
986 2675 1096 2716 non
1139 2675 1295 2731 posse
1339 2664 1463 2733 pati
1506 2662 1603 2718 has
1631 2664 1945 2726 dilationes.

303 2765 408 2807 nec
432 2748 725 2821 indulqere
773 2755 953 2805 tantas
978 2750 1152 2819 serias
1173 2766 1195 2813 ,·
1239 2749 1332 2807 sed
1367 2754 1766 2810 maturandum
1810 2770 1945 2823 esse,

307 2843 368 2894 ut
398 2838 616 2906 reqioni
660 2837 823 2891 citius
870 2835 1215 2905 consulatur,
1248 2855 1315 2894 ne
1353 2841 1498 2904 forte
1526 2841 1576 2895 si
1628 2840 1952 2898 incubuerit

302 2928 616 2995 necessitas,
645 2942 754 2983 non
778 2925 852 2982 sit
899 2928 996 2999 qui
1024 2929 1297 2983 exercitus
1320 2928 1514 2984 educat
1535 2938 1586 2986 et
1616 2929 1860 2998 reducat,
1893 2938 1949 2988 et

301 3019 460 3090 reyni
498 3026 750 3089 procuret
792 3021 1007 3086 nepotia
1036 3037 1058 3083 ,·
1113 3027 1165 3075 et
1202 3035 1302 3090 pro
1348 3020 1502 3076 ducis
1545 3024 1734 3093 inopia
1785 3026 1951 3095 reqni

302 3110 477 3164 status
505 3104 872 3177 periclitetur.
905 3105 1067 3163 Hanc
1118 3108 1377 3179 partium
1428 3109 1869 3168 fluctuationem
1895 3117 1953 3169 et

302 3199 567 3252 votorum
589 3194 1061 3267 repugnantiam,
1087 3200 1426 3266 praetentata
1460 3198 1682 3254 domini
1705 3200 1952 3271 patriar·

307 3282 454 3352 chai,
474 3282 619 3340 etad
643 3298 702 3339 se
722 3282 1001 3339 inclinata
1021 3291 1232 3354 mente,
1256 3285 1566 3356 praedictus
1595 3286 1952 3360 Joscelinue,

305 3373 403 3445 qui
436 3372 700 3429 maximae
730 3375 853 3429 erat
890 3372 948 3427 in
987 3388 1161 3444 regno
1186 3374 1570 3443 auctoritatis»,
1596 3375 1825 3433 illorum
1856 3379 1952 3450 ju·

305 3480 449 3520 vans
481 3465 703 3536 partem
734 3462 833 3534 qui
866 3461 1139 3518 dicebant
1173 3479 1365 3535 regem
1405 3467 1607 3522 statim
1638 3482 1765 3523 esse
1794 3468 1950 3524 ordi-

305 3554 587 3620 nandum,
611 3550 863 3619 diremit,
884 3550 1085 3609 dicens
1118 3569 1133 3611 ε
1161 3554 1491 3610 Praesentem
1519 3570 1629 3612 esse
1659 3558 1950 3615 dominum

304 3644 559 3701 comitem
590 3641 947 3709 Edessanum,
979 3643 1162 3698 virum
1175 3642 1390 3714 justum
1420 3645 1832 3716 ettimoratum,
1854 3648 1949 3704 do-

302 3732 446 3787 mini
475 3731 615 3800 repis
644 3729 1130 3800 consenquineum,
1163 3730 1336 3785 armis
1363 3733 1672 3800 strenuum,
1703 3749 1804 3798 per
1833 3750 1947 3791 om-

303 3819 404 3874 nia
434 3815 944 3884 commendabilem,
977 3832 1080 3888 quo
1111 3816 1393 3873 meliorem
1421 3818 1579 3875 nulla
1598 3819 1757 3877 nobis
1776 3822 1949 3891 repio,

306 3905 463 3963 nulla
515 3907 798 3978 provincia
830 3912 1008 3976 posset
1065 3907 1399 3964 ministrare.
1448 3907 1788 3966 Commodius
1837 3926 1951 3969 esse

307 3997 487 4067 ipsum
517 3997 575 4049 in
606 4009 784 4064 reqem
825 4009 1106 4051 assumere
1141 4011 1309 4067 quam
1348 4013 1503 4053 casus
1525 4000 1949 4071 periculosiores

306 4091 641 4158 exspectare.
674 4087 851 4139 Erant
899 4084 1098 4155 itaque
1147 4084 1336 4154 multi,
1369 4088 1465 4157 qui
1507 4089 1577 4144 de
1615 4089 1949 4147 sinceritate

307 4172 440 4228 fidei
456 4171 894 4227 arbitrabantur
909 4172 1127 4228 domini
1140 4172 1415 4230 ,loscelini
1430 4177 1603 4231 verba
1615 4180 1948 4250 procedere,

305 4262 552 4316 scientes
573 4260 868 4330 quomodo
900 4277 1014 4316 non
1049 4261 1233 4318 multo
1261 4270 1396 4319 ante
1427 4266 1702 4323 dominus
1733 4284 1943 4337 comes,

307 4356 369 4405 ut
393 4347 785 4421 praediximus‚
810 4352 1116 4405 tractasset
1144 4367 1274 4407 eum
1303 4358 1394 4420 ;et
1417 4353 1558 4411 illud
1588 4362 1944 4427 reputantes,

2065 448 2131 487 eo
2181 431 2329 486 racto
2371 424 2544 484 fuerit
2580 421 2848 482 intentio.
2882 417 3167 476 Dominus
3199 418 3280 473 rei
3313 421 3585 475 eventum
3609 419 3721 474 mi-

2063 518 2435 577 sericorditer
2488 512 2771 571 convertit
2815 510 2875 567 in
2928 509 3174 566 bonum.
3217 507 3365 565 Nam
3411 509 3602 565 virum
3625 509 3719 579 Ju-

2062 608 2417 680 stum,pium
2449 621 2515 661 ac
2556 603 2856 658 timentem
2881 599 3089 665 Deum,
3114 596 3313 655 divina
3332 614 3464 654 eum
3498 614 3718 670 preve·

2062 701 2257 756 niente
2287 699 2491 769 gratia,
2540 710 2605 752 se
2650 690 2952 759 exhibuit;
2983 693 3225 761 eratque
3273 686 3364 744 vir
3392 688 3452 745 in
3483 688 3717 746 cunctis

2061 803 2332 863 prospere
2380 800 2577 858 agens,
2608 783 2847 841 Videtur
2893 785 3090 836 tamen
3138 776 3339 834 minus
3382 776 3714 849 regularem

2060 878 2334 936 habuisse
2375 875 2676 930 introitum
2707 891 2723 940 ;
2754 868 3197 942 legitimumque
3229 867 3389 939 regni
3418 866 3710 925 herchem

2059 973 2285 1024 certum
2319 969 2408 1034 est
2450 979 2483 1018 a
2529 960 2724 1018 debita
2769 956 3141 1015 successione
3173 955 3579 1013 fraudulenter
3606 971 3712 1013 ex-

2059 1055 2325 1121 clusisse,
2360 1053 2491 1108 illos
2521 1051 2778 1123 quicum
2812 1051 3247 1121 promoverunt.
3282 1045 3510 1102 Mortuo
3540 1062 3711 1103 nam-

2060 1162 2172 1219 que
2204 1143 2442 1201 domino
2473 1156 2627 1213 rege,
2651 1139 2772 1195 sive
2792 1139 2863 1195 de
2886 1138 3011 1208 ejus
3048 1135 3592 1209 supremojudicio,
3624 1137 3708 1193 si-

2060 1250 2126 1289 ve
2174 1235 2244 1289 de
2292 1230 2590 1289 communi
2642 1226 3012 1301 principuum
3055 1225 3218 1294 regni
3267 1223 3516 1281 consilio
3545 1223 3708 1297 (quia

2059 1329 2327 1379 neutrum
2387 1337 2490 1393 pro
2536 1323 2694 1376 certo
2751 1318 3115 1388 compertum
3173 1313 3486 1386 habemus)
3544 1313 3706 1370 missi

2058 1416 2225 1468 erant
2252 1409 2493 1483 quidam
2526 1407 2750 1464 nobiles
2801 1410 2858 1461 et
2888 1402 3082 1477 magui
3113 1402 3243 1470 viri,
3274 1402 3377 1474 qui
3424 1400 3501 1458 ad
3543 1402 3703 1475 regni

2057 1501 2485 1558 successionem
2539 1494 2839 1552 communi
2890 1492 3081 1550 edicto
3134 1492 3381 1548 citarent
3433 1490 3704 1548 comitem

2058 1588 2488 1646 Boloniensium
2538 1584 2844 1642 dominum
2894 1580 3299 1651 Eustachium,
3333 1580 3706 1638 dominorum

2057 1677 2353 1736 Godelridi
2383 1677 2550 1733 ducis
2600 1673 2821 1741 eximii,
2854 1672 3075 1730 domini
3108 1669 3379 1728 Balduini
3402 1669 3553 1744 regis
3585 1670 3706 1726 sra-

2061 1776 2230 1828 trem.
2263 1768 2369 1834 Qui
2416 1768 2487 1824 ad
2533 1782 2664 1823 eum
2713 1762 3130 1837 pervenientes,
3163 1761 3411 1819 invitum
3450 1765 3510 1819 et
3548 1761 3704 1818 reni-

2060 1863 2299 1924 tentem,
2330 1874 2537 1914 causas
2570 1853 3013 1912 honestissimas
3044 1851 3493 1926 praetendentes,
3525 1865 3707 1923 quare

2061 1964 2194 2005 eum
2228 1947 2421 2003 venire
2440 1949 2748 2017 oporteret,
2775 1959 2963 2017 usque
2992 1942 3053 1998 in
3084 1940 3354 2014 Apuliam
3379 1943 3703 1996 traxerunt.

2061 2036 2170 2100 Ubi
2202 2036 2441 2092 audiens
2466 2032 2773 2107 praedictus
2802 2033 2891 2089 vir
2909 2030 3280 2098 venerabilis,
3305 2029 3611 2102 religiosus
3641 2044 3705 2087 ac

2059 2127 2276 2183 timens
2307 2126 2513 2190 Deum,
2547 2140 2677 2181 vere
2726 2127 3021 2179 tantorum
3074 2123 3331 2177 virorum
3363 2119 3627 2177 imitator
3655 2122 3710 2175 et

2062 2216 2257 2285 frater,
2289 2221 2346 2272 et
2375 2214 2436 2270 in
2467 2213 2781 2269 virtutibus
2819 2216 2876 2268 et
2905 2211 3165 2269 honestis
3198 2209 3449 2267 meritiis
3476 2224 3701 2266 succes·

2061 2321 2178 2372 sor,
2209 2305 2364 2377 quod
2415 2301 2829 2375 Hierosolymis
2876 2302 3068 2359 medio
3126 2305 3388 2372 tempore
3435 2299 3705 2356 dominus
3783 2304 3784 2313 ¹

2060 2394 2402 2465 Balduinus‚
2434 2394 2760 2449 Edessanus
2788 2407 2982 2447 comes
3030 2391 3157 2462 ejus
3207 2388 3703 2462 consanguineus,
3783 2395 3784 2405 ¹

2063 2502 2159 2542 rex
2191 2486 2378 2540 suerat
2424 2483 2751 2548 ordinatus,
2785 2480 3148 2537 instantibus
3195 2480 3422 2536 nuntiis
3451 2479 3555 2551 qui
3602 2493 3703 2550 pro

2061 2590 2127 2632 eo
2152 2573 2321 2630 missi
2344 2574 2575 2629 fuerant
2600 2575 2656 2635 et
2677 2569 3068 2642 allegantibus
3088 2576 3149 2625 ut
3171 2567 3555 2625 nibilominus
3578 2583 3704 2639 prc-

2061 2664 2307 2730 cederet,
2341 2663 2481 2735 quia
2510 2662 2655 2734 quod
2691 2660 2904 2717 factum
2928 2662 3073 2727 erat,
3091 2658 3403 2728 contraius
3430 2662 3489 2713 et
3510 2656 3616 2726 sas,
3644 2660 3702 2713 et

2060 2758 2264 2810 contra
2312 2750 2686 2807 haereditariae
2718 2747 3110 2805 successionis
3137 2745 3323 2817 legem
3354 2745 3702 2817 antiquissi-

2061 2859 2239 2910 mam,
2274 2841 2434 2899 nullo
2468 2841 2640 2897 modo
2661 2845 2811 2895 stare
2832 2841 3048 2909 posset,
3068 2834 3441 2905 respondisse
3495 2834 3703 2891 dicitur

2059 2932 2146 2987 vir
2175 2932 2291 2987 Deo
2323 2928 2725 3004 plenuszdbsit
2750 2928 2848 2984 hoc
2875 2943 2908 2982 a
2937 2929 3124 2992 me,ut
3152 2941 3247 2995 per
3266 2940 3356 2981 me
3385 2924 3450 2980 in
3470 2939 3702 2994 reanum

2063 3021 2279 3079 Domini
2305 3021 2662 3094 inprediatur
2689 3017 3028 3085 scandalum,
3057 3032 3154 3087 per
3190 3014 3346 3087 cujus
3378 3015 3701 3086 sanquinem

2057 3125 2246 3181 pacem
2285 3109 2492 3165 Christi
2541 3105 2743 3178 recepit
2784 3126 2804 3174 ,·
2848 3115 2899 3161 et
2945 3120 3043 3177 pro
3088 3103 3244 3176 cujus
3290 3101 3700 3175 tranquillitate

2060 3198 2173 3256 viri
2216 3198 2484 3255 virtutum
2522 3200 2576 3253 et
2627 3194 2958 3253 immortalis
3007 3192 3310 3261 memoriae,
3338 3195 3547 3262 tratres
3576 3193 3700 3261 mei,

2060 3290 2301 3361 eoreqias
2349 3288 2571 3344 animas
2625 3286 2773 3343 caelis
2827 3280 3189 3341 intulerunt!
3233 3280 3702 3353 compositisque

2062 3377 2273 3434 iterum
2322 3375 2569 3434 sarcinis
2612 3380 2670 3432 et
2717 3374 2997 3432 comitatu
3045 3370 3374 3437 recollecto,
3403 3368 3606 3427 invitis
3633 3369 3701 3425 iis

2059 3467 2161 3538 qui
2192 3482 2326 3522 eum
2359 3465 2433 3522 ad
2463 3479 2709 3538 regnum
2740 3463 2967 3521 trahere
2988 3461 3346 3529 nitebantur,
3361 3459 3434 3516 ad
3467 3458 3697 3533 propria

2058 3555 2354 3613 remeavit.

2688 3641 2917 3699 CAPUT
2959 3639 3052 3697 IV.

2057 3732 2129 3790 De
2180 3731 2512 3789 habitudine
2566 3731 2828 3802 corporis,
2886 3728 3131 3785 moribus
3182 3731 3236 3785 el
3286 3727 3694 3785 conservatione

2657 3802 2896 3875 ejusdem
2928 3803 3089 3872 repis.

2126 3909 2352 3967 Dicitur
2378 3913 2568 3966 autem
2608 3909 2794 3966 forma
2825 3908 3005 3964 fuisse
3051 3904 3429 3978 conspicuus,
3458 3920 3697 3978 corpore

2056 4013 2352 4071 procerus,
2387 3996 2532 4054 facie
2567 3999 2835 4065 venusta,
2885 3993 3096 4067 capillo
3142 4009 3294 4064 raro,
3327 3992 3506 4064 flavo,
3537 3992 3697 4049 canis

2058 4086 2274 4156 misto;
2305 4087 2547 4143 barbam
2583 4086 2803 4142 babens
2834 4100 3047 4153 raram,
3070 4083 3171 4139 sed
3203 4088 3405 4140 tamen
3433 4098 3617 4155 usque
3643 4082 3697 4136 in

2056 4189 2258 4249 pectus
2289 4175 2640 4247 demissam;
2673 4174 2862 4231 colore
2889 4173 3107 4243 vivido,
3135 4176 3192 4230 et
3237 4177 3530 4245 quantum
3563 4177 3699 4228 oetas

2054 4265 2155 4320 illa
2186 4264 2531 4335 patiebatur,
2565 4281 2747 4323 roseo.
2804 4263 3021 4320 flabilis
3071 4261 3144 4319 ad
3201 4277 3369 4317 usum
3402 4275 3699 4319 armorum

2054 4357 2110 4408 et
2140 4354 2306 4423 equis
2337 4354 2603 4425 regendis
2638 4354 3002 4425 aptissimus,
3037 4351 3116 4408 rei
3148 4349 3424 4407 militaris
3455 4348 3698 4405 multam

304 4438 460 4511 quod
507 4435 946 4510 proverbialiter
1001 4437 1114 4495 dici
1166 4440 1313 4496 solet
1353 4457 1366 4497 :
1415 4443 1605 4499 Omnis
1650 4447 1770 4501 laus
1820 4462 1948 4503 vera
1976 4452 2024 4518 D
2058 4442 2275 4501 babens
2303 4445 2737 4517 experientiam,
2770 4445 2827 4501 in
2861 4442 3100 4516 agendis
3147 4441 3267 4499 suis
3312 4439 3613 4514 providus,
3643 4439 3698 4493 in

300 4532 382 4585 65²
409 4526 477 4581 ab
499 4526 694 4588 hoste:
734 4526 1061 4583 nescientes
1093 4528 1248 4600 quod
1281 4528 1428 4585 alias
1459 4532 1590 4603 eJus
1617 4542 1955 4608 properaret
2059 4535 2527 4606 expeditionibus
2559 4533 2714 4600 felix,
2748 4533 2808 4590 in
2857 4532 3132 4607 operibus
3162 4531 3320 4604 pius,
3351 4529 3616 4588 clemens
3646 4530 3701 4583 et

300 4617 568 4688 imcutit),
601 4614 773 4672 fldem
823 4616 1015 4673 verbis
1064 4618 1194 4690 ejus
1248 4618 1551 4689 babentes,
1603 4626 1948 4697 proestabant

300 4705 750 4764 conniventiam.
793 4705 923 4776 lpse
952 4710 1173 4776 autem,
1206 4712 1272 4764 ut
1303 4708 1621 4778 dicebatur,
1656 4711 1827 4769 aliter
1855 4715 1945 4771 at*-

297 4795 484 4854 iectus
510 4799 669 4864 erat;
703 4811 840 4851 nam
870 4812 972 4867 spe
1001 4796 1209 4852 futurae
1239 4796 1299 4853 in
1335 4799 1680 4857 comitatum
1710 4818 1943 4860 succes-

299 4884 504 4953 sionis,
535 4884 842 4941 dominum
890 4887 1160 4942 comitem
1195 4887 1253 4942 in
1298 4905 1544 4961 regnum
1576 4891 1944 4950 introducere

301 4971 616 5028 nitebatur.
640 4972 888 5030 Domino
913 4974 1093 5047 igitur
1110 4976 1357 5033 Arnulio
1379 4979 1730 5051 patriarcha,
1756 4991 1808 5037 et
1830 4982 1940 5037 do-

299 5060 461 5116 mino
478 5059 771 5118 Joscelino
797 5062 948 5119 hanc
976 5064 1309 5135 opinionem
1332 5068 1939 5139 amplectentibuS,re·

298 5148 444 5222 liqui
476 5150 642 5206 facile
669 5151 726 5205 in
777 5154 1039 5210 eamdem
1072 5152 1295 5213 inducti
1325 5161 1498 5226 sunt;
1533 5162 1590 5213 et
1632 5159 1754 5229 pari
1786 5164 1937 5226 voto,

295 5241 354 5293 et
377 5239 635 5293 unanimi
660 5255 970 5306 consensu,
992 5256 1125 5298 eum
1149 5244 1206 5298 in
1242 5261 1431 5318 regem
1454 5245 1825 5319 eligentes,in
1845 5248 1937 5304 die

294 5329 518 5382 Sanctae
578 5327 1062 5401 Resurrectionis,
1094 5334 1195 5404 qui
1245 5337 1492 5405 proxime
1540 5342 1775 5393 secutus
1824 5342 1934 5405 est,

294 5417 656 5479 solemniter.
679 5424 824 5475 etex
860 5436 1019 5477 more
1049 5421 1327 5480 inunctus
1348 5433 1404 5481 et
1419 5432 1794 5483 consecratus
1815 5432 1932 5495 est;

296 5507 356 5562 et
376 5504 723 5565 diadematis
751 5508 982 5582 insigne
1004 5511 1227 5584 regium
1258 5516 1536 5587 suscepit.
1561 5518 1935 5588 Quocunque

2057 4622 2424 4693 misericors3
2460 4621 2766 4695 religiosus
2795 4626 2853 4679 et
2882 4622 3098 4679 timens
3134 4620 3363 4687 Deum;
3398 4617 3459 4675 in
3489 4615 3698 4674 oratio·

2053 4712 2230 4769 nibus
2270 4713 2454 4785 jugis,
2487 4714 2566 4770 ita
2608 4717 2672 4770 ut
2718 4711 2899 4770 callos
2946 4713 3008 4770 in
3057 4710 3331 4769 manibus
3379 4709 3620 4767 haberet
3646 4709 3700 4764 et

2051 4801 2321 4874 genibus,
2355 4818 2459 4873 pro
2490 4802 2825 4861 afflictionis
2855 4806 2913 4859 et
2957 4799 3384 4876 genuflexionis
3424 4798 3699 4869 trequen-

2053 4890 2166 4945 tia:
2194 4889 2612 4962 impiger,licet
2642 4892 2861 4960 senior,
2887 4893 3112 4964 quoties
3131 4906 3264 4947 eum
3300 4887 3594 4946 vocabant
3621 4901 3701 4943 re-

2049 4980 2149 5051 gni
2181 4981 2426 5050 negotia.
2456 4983 2715 5054 Adeptus
2760 4999 2893 5050 ergo
2943 4983 3107 5055 regni
3146 4979 3390 5050 solium,
3412 4977 3699 5036 sollicitus

2049 5068 2120 5125 de
2149 5071 2428 5126 comitatu
2464 5071 2775 5141 Edessano,
2808 5086 2977 5143 quem
3032 5070 3158 5127 sine
3189 5070 3338 5127 duce
3376 5066 3696 5127 dimiserat.

2045 5157 2400 5216 Joacelinum
2432 5162 2935 5233 consanguineum
2967 5177 3145 5217 suum
3165 5163 3352 5225 vocat,
3375 5166 3443 5216 ut
3464 5157 3615 5229 quod
3640 5156 3697 5211 in

2047 5263 2181 5304 eum
2232 5250 2393 5321 prius
2441 5251 2784 5321 deliquerat,
2835 5252 3090 5323 gratuita
3137 5249 3430 5322 plenaque
3473 5244 3699 5302 satisfa-

2045 5336 2233 5392 ctione
2263 5337 2576 5411 corrigerct
2603 5357 2616 5406 ;
2651 5338 2819 5411 eique
2848 5344 3129 5410 tanquam
3161 5336 3261 5410 qui
3297 5335 3600 5408 regionem
3634 5330 3697 5388 il·

2043 5427 2157 5484 lam
2190 5426 2419 5498 plenius
2452 5434 2709 5495 noverat,
2740 5428 3076 5486 comitatum
3108 5429 3285 5485 donat
3308 5440 3324 5494 3
3345 5427 3697 5496 sumptaque

2044 5514 2343 5585 fidelitate,
2368 5533 2469 5589 per
2513 5517 2785 5576 vexillum
2828 5518 3089 5589 investit,
3110 5521 3166 5575 et
3214 5513 3442 5574 inducit
3471 5512 3535 5571 in
3565 5527 3700 5586 pos·
