3784 6000
285 217 401 276 739

1350 212 1775 276 GUILLELMI
1819 215 2205 281 TYRENSls
2243 216 2609 281 Altonum

3571 222 3689 280 7⁴0

284 352 417 408 dem
449 350 717 408 Ecclesia
761 349 1163 422 presbyterum
1209 347 1568 406 cardinalem
1602 347 1754 405 tituli
1783 348 1928 406 San·
1953 352 2012 422 Α
2039 366 2245 407 sexum
2275 350 2529 409 discreta
2558 349 2899 421 femineum,
2917 366 3042 422 quis
3057 366 3304 424 regnum
3327 354 3444 408 tam
3468 350 3696 409 vivente

284 446 389 496 ctae
420 438 644 497 Ceciliae
684 445 846 496 trans
872 438 1130 494 Tiberim
1156 455 1172 506 ;
1204 436 1298 494 cui
1340 438 1519 494 etiam
1544 437 1930 495 nihilominus

281 546 496 586 manus
536 530 926 599 imponentes,
974 527 1312 600 episcopum
1363 528 1807 598 constituerant,
1832 544 1930 586 vo·

283 628 480 674 cantes
505 635 639 675 eum
670 616 984 674 Victorem.
1016 615 1203 688 Cujus
1233 616 1572 675 schismatis
1601 619 1928 686 occasione,

286 707 557 763 universa
588 706 919 763 Latinorum
967 705 1242 773 Ecclesia,
1273 707 1525 779 peccatis
1573 707 1787 763 nostris
1815 708 1928 764 exi·

280 796 569 868 gentibus,
603 796 777 868 paulo
800 796 998 852 minus
1018 795 1227 851 habuit
1255 796 1433 852 dividi
1451 805 1505 852 et
1533 795 1927 853 irrevocabili·

280 889 371 940 ter
398 884 471 941 ab
504 884 748 941 invicem
791 885 1073 956 separari,
1119 885 1438 956 maioribus
1468 885 1628 941 orbis
1648 884 1926 958 principi·

279 972 392 1031 bus
421 974 686 1031 certatim
733 975 999 1046 partibus
1050 974 1298 1045 gratiam
1349 990 1519 1030 suam
1567 983 1623 1031 et
1671 975 1926 1032 favorem

282 1062 1036 1120 ministrantibus.‘l'andem
1049 1078 1202 1119 anno
1224 1063 1638 1132 nonodecimo,
1652 1064 1928 1120 redeunte

282 1151 354 1208 ad
384 1151 667 1208 unitatem
728 1149 996 1208 Ecclesia
1043 1152 1284 1208 domino
1314 1151 1615 1209 Frederico
1643 1157 1927 1210 Romano-

282 1256 413 1295 rum
441 1240 809 1311 imperatore,
842 1240 944 1312 qui
983 1240 1131 1313 parti
1161 1241 1441 1313 oppositae
1470 1241 1753 1297 auxilium
1785 1257 1923 1314 sug·

280 1329 538 1401 gerebat,
568 1338 625 1386 et
678 1329 986 1386 consilium
1013 1349 1029 1399 ;
1061 1335 1118 1386 et
1145 1330 1383 1386 domino
1410 1328 1737 1387 Alexandro
1766 1347 1924 1403 papo

280 1420 453 1492 plena
480 1418 764 1476 charitate
794 1418 1190 1489 reconciliato,
1221 1419 1447 1476 reddita
1473 1424 1565 1476 est
1593 1436 1704 1493 pax
1726 1418 1925 1476 Eccle-

278 1505 399 1576 siss,
431 1511 490 1562 et
518 1505 774 1577 depulsis
795 1523 1056 1564 errorum
1078 1506 1357 1577 tenebris,
1380 1505 1742 1580 resplenduit
1763 1512 1925 1565 tran·

278 1595 563 1667 quillitas,
594 1595 763 1668 quasi
784 1594 952 1653 stella
984 1595 1272 1653 matutina
1300 1597 1359 1653 in
1389 1596 1579 1654 medio
1604 1597 1852 1654 nebulae.

863 1702 1094 1760 CAPUT
1134 1702 1353 1761 xxvu.

274 1791 584 1848 Not-adiutus
611 1794 915 1851 iconiensis
941 1793 1157 1850 soldani
1192 1795 1330 1864 fines
1376 1794 1677 1863 inpressas,
1708 1803 1925 1866 partem

343 1864 460 1935 ejus
497 1864 782 1922 violenter
826 1873 1070 1936 occupat.
1121 1866 1240 1923 Rem
1283 1866 1743 1923 Damascenorum
1786 1868 1925 1938 fines

343 1937 724 2009 depopulatur.

344 2044 566 2099 Interea
587 2043 917 2102 Noradinus
937 2043 1104 2101 loetus
1123 2045 1440 2100 admodum
1462 2044 1535 2101 de
1554 2044 1921 2117 imperatoris

271 2131 560 2203 discessu,
585 2133 759 2203 cujus
782 2133 1068 2190 adventus
1090 2149 1393 2205 magnum,
1418 2135 1721 2205 praesentia
1745 2135 1920 2206 mado·

272 2235 392 2276 rem
424 2222 476 2277 ei
498 2227 778 2279 terrorem
811 2222 1159 2288 incusserat,
1192 2238 1435 2281 securus
1456 2223 1584 2293 jam
1614 2225 1685 2281 de
1715 2228 1920 2279 coetero

272 2307 344 2362 de
368 2308 517 2362 tanti
548 2307 829 2380 principis
857 2317 1131 2379 suspecta
1182 2308 1359 2364 nimis
1400 2309 1680 2379 potentia,
1706 2309 1918 2365 videns

274 2394 442 2451 etiam
469 2396 771 2452 dominum
804 2410 996 2468 regem
1029 2397 1101 2452 ad
1134 2396 1369 2468 propria
1397 2412 1713 2466 reversum,
1744 2413 1919 2455 occa·

275 2483 500 2539 sionem
520 2499 584 2540 se
611 2484 930 2540 arbitratus
956 2486 1264 2557 reperisse,
1281 2486 1515 2557 qualem
1535 2504 1570 2542 a
1594 2487 1796 2544 multis
1817 2503 1916 2543 re-

273 2578 360 2629 tro
373 2572 737 2644 temporibus
752 2574 1180 2631 desideraverat
1193 2594 1209 2644 ;
1223 2579 1537 2631 convocata
1546 2592 1613 2631 ex
1629 2593 1661 2632 u
1671 2575 1916 2633 niver-sia

272 2662 491 2719 tinibus
515 2663 635 2720 suis
672 2662 883 2719 militia
927 2663 988 2720 in
1036 2669 1249 2721 terram
1298 2664 1526 2722 soldani
1576 2665 1916 2736 Iconiensis,

273 2768 449 2822 quam
479 2751 594 2808 eibi
627 2752 878 2808 habebat
896 2753 1344 2822 conterminam,
1365 2755 1762 2825 expeditiones
1782 2754 1918 2811 diri·

272 2840 378 2913 git,
408 2847 466 2897 et
521 2840 726 2897 urbem
783 2843 986 2912 Mares,
1016 2842 1190 2900 simul
1235 2848 1294 2900 et
1321 2844 1537 2916 oppida
1555 2844 1824 2900 Cressum
1856 2849 1917 2900 et

272 2930 622 3000 Bebetselin,
654 2931 711 2986 in
761 2947 926 2988 enam
974 2934 1190 3005 satagit
1245 2934 1503 3007 redigere
1548 2939 1911 3006 potestatem.

270 3020 556 3077 Soldanus
582 3025 805 3089 autem,
835 3023 906 3078 ab
938 3020 1056 3080 illis
1086 3031 1350 3080 remotus
1378 3024 1667 3096 partibus,
1701 3042 1815 3082 non
1837 3026 1917 3082 fa-

2037 438 2267 506 marito,
2301 453 2474 510 quam
2503 445 2785 512 regnante
2822 438 2968 505 filio,
2999 454 3259 512 congruo
3300 441 3697 498 moderamine

2036 526 2207 583 annis
2235 527 2496 600 triginta,
2526 532 2585 583 et
2611 527 2892 599 amplius,
2912 528 3063 591 vires
3084 529 3511 585 transcendens
3531 529 3698 586 femi·

2038 630 2178 671 neas
2207 621 2450 684 rexerat,
2474 616 2878 689 egritudinem
2928 617 3136 675 incidit
3179 618 3596 688 incurabilem,
3626 620 3697 675 de

2038 719 2157 776 qua
2180 721 2364 776 usque
2414 705 2487 762 ad
2545 705 2768 762 obitum
2824 704 3076 763 salutem
3135 722 3251 762 non
3286 708 3526 780 recepit,
3560 706 3698 764 licet

2040 802 2280 862 utraque
2307 807 2575 848 sororum
2604 791 2730 862 eJus
2760 794 2881 847 tam
2933 791 3173 851 domina
3200 792 3567 865 Tripolitana
3595 810 3696 850 co-

2036 879 2282 948 mitissa,
2309 896 2490 953 quam
2539 880 2780 938 domina
2823 881 3117 939 abbatissa
3155 881 3356 939 Sancti
3387 882 3594 940 Lazari
3623 883 3695 941 de

2033 966 2342 1037 Bethania,
2357 983 2592 1025 omnem
2646 968 2798 1025 circa
2825 985 2955 1025 eam
3005 969 3409 1042 impenderent
3435 971 3690 1044 diligen-

2034 1055 2178 1112 tiam
2203 1075 2220 1128 ;
2248 1061 2306 1114 et
2333 1056 2533 1115 accitis
2577 1058 2934 1115 medicorum
2968 1060 3374 1132 undecumque
3403 1061 3692 1134 peritissi-

2034 1146 2170 1215 mis,
2227 1147 2488 1203 remedia
2543 1147 2742 1220 qualia
2787 1148 3130 1205 videbantur
3188 1149 3539 1220 necessaria,
3569 1166 3690 1208 non

2035 1243 2331 1292 cessarent
2360 1235 2734 1305 ministrare,
2764 1235 2889 1309 ipsa
2926 1252 3059 1293 vero
3096 1236 3523 1312 aliquantisper
3550 1237 3693 1296 lasa

2034 1324 2337 1395 memoria,
2362 1341 2602 1397 corpore
2648 1325 2819 1396 quasi
2866 1330 3237 1399 consumpto,
3267 1325 3394 1384 loco
3449 1328 3693 1385 decum-

2033 1413 2202 1481 bens,
2236 1413 2419 1472 multo
2450 1419 2729 1486 tempore,
2763 1414 3140 1486 paucissimis
3160 1416 3233 1471 ad
3264 1430 3391 1472 eam
3426 1422 3693 1474 reserato

2035 1517 2294 1574 accessu,
2318 1504 2552 1575 J‘acebat
2598 1504 2767 1575 qussi
2825 1503 3134 1562 dissoluta.
3167 1502 3286 1560 Rex
3316 1510 3516 1562 autem
3547 1504 3697 1563 inte-

2035 1591 2148 1648 rim
2177 1591 2390 1649 effluxo
2421 1598 2702 1665 tempore,
2735 1592 2890 1664 quod
2910 1593 3343 1666 Negemendino
3371 1592 3693 1652 Damasce-

2033 1696 2243 1736 norum
2274 1681 2636 1752 procuratori
2662 1682 3060 1750 constituerat,
3092 1687 3474 1754 temporeque
3502 1683 3694 1740 l'oede·

2032 1768 2114 1825 ris
2141 1769 2300 1843 quod
2355 1770 2569 1826 initum
2628 1771 2817 1826 fuerat
2875 1771 3141 1837 decurso,
3166 1769 3464 1828 Noradino
3491 1771 3690 1829 adhuc

2033 1857 2183 1915 circa
2216 1863 2409 1930 partes
2440 1859 2769 1931 praedictas,
2798 1861 3056 1918 nondum
3101 1859 3409 1933 completis
3437 1861 3691 1934 negotiis

2032 1955 2339 2021 occupato,
2360 1948 2614 2005 hostium
2646 1949 2794 2006 fines
2819 1949 3097 2007 violenter
3118 1949 3468 2022 ingreditur,
3491 1956 3553 2009 et
3581 1968 3688 2024 pro

2031 2039 2275 2095 arbitrio
2306 2038 2604 2111 regionem
2639 2037 2993 2104 discurrens,
3010 2039 3238 2111 praedas
3269 2039 3447 2095 trahit
3476 2040 3683 2109 libere,

2028 2126 2299 2184 incendia
2353 2135 2644 2200 procurat,
2678 2126 2987 2183 manubias
3027 2128 3150 2200 agit
3206 2127 3336 2184 sine
3387 2129 3681 2185 contradi·

2028 2221 2219 2284 ctore3
2254 2220 2312 2272 et
2336 2215 2687 2288 depopulata
2726 2218 2979 2286 regione,
3010 2215 3262 2274 ell'ractie
3294 2217 3682 2286 suburbanis,

2026 2304 2328 2375 captivatis
2382 2304 2642 2361 locorum
2700 2304 2931 2373 incolis,
2963 2305 3176 2362 iterum
3206 2323 3412 2378 sospes
3442 2308 3515 2363 ad
3549 2324 3686 2381 pro-

2025 2395 2152 2466 pria
2178 2410 2446 2450 reversus
2472 2402 2581 2451 est.

2599 2498 2821 2556 CAPUT
2858 2499 3103 2556 XXVIII.

2023 2591 2286 2661 Princeps
2314 2590 2701 2675 Antiocheam·
2718 2591 3032 2674 Rainoldus.
3050 2593 3118 2648 ab
3146 2591 3393 2675 hostibus
3427 2594 3681 2665 capitur,

2247 2669 2299 2718 ec
2328 2661 2470 2733 apud
2501 2663 2792 2732 Haloptam
2822 2665 3059 2720 vtncults
3087 2668 3457 2735 mancipatur.

2094 2756 2216 2807 Non
2239 2749 2421 2808 multo
2444 2759 2643 2808 autem
2665 2752 2969 2823 interjecto
3002 2754 3495 2825 tempore,accidit
3516 2758 3676 2829 quod

2024 2841 2292 2914 princeps
2338 2842 2736 2898 Antiochense
2786 2841 3129 2914 Rainaldus,
3175 2845 3407 2915 cognito
3437 2861 3543 2915 per
3590 2862 3679 2902 ex-

2022 2929 2357 3004 ploratores,
2380 2931 2535 3003 quod
2553 2932 2613 2986 in
2644 2932 2908 3005 partibus
2929 2931 3070 3000 illis,
3103 2949 3233 3005 quoe
3262 2938 3321 2988 et
3349 2934 3676 3006 aliquando

2024 3021 2251 3078 fuerant
2276 3022 2510 3079 comitis
2539 3021 2839 3090 Edessani,
2867 3022 3017 3078 inter
3047 3022 3358 3080 Maresiam
3391 3030 3451 3080 et
3486 3023 3676 3082 Tulu·

271 3110 378 3169 cile
406 3112 534 3170 suis
563 3116 787 3184 poterat
808 3112 1140 3171 ministrare
1168 3116 1501 3172 subsidium
1526 3132 1540 3183 ;
1569 3118 1720 3173 unde
1759 3122 1815 3173 et
1851 3132 1918 3173 ea
1946 3099 1991 3168 C
2026 3126 2157 3183 pam
2225 3112 2447 3183 absque
2502 3109 2854 3168 militaribus
2902 3112 3058 3177 viris,
3090 3120 3241 3168 terra
3285 3114 3576 3169 armentis
3615 3119 3675 3171 et

268 3201 486 3259 fiducia
504 3209 706 3256 contra
734 3201 1026 3258 fortiorem
1060 3220 1144 3265 se,
1179 3203 1284 3259 hoo
1325 3210 1779 3277 praesumpserat
1807 3222 1913 3278 ag-

267 3292 430 3361 gredi
454 3293 806 3350 Noradinue.
831 3293 1072 3365 Cognito
1093 3297 1292 3349 autem
1319 3293 1598 3349 dominus
1620 3310 1736 3364 rex,
1756 3297 1911 3367 quod

265 3380 420 3434 circa
451 3387 644 3451 partes
670 3381 804 3439 illas
834 3397 967 3438 cum
999 3382 1273 3438 omnibus
1293 3381 1516 3439 viribus
1545 3384 1672 3440 suis
1692 3384 1913 3441 detine·

263 3473 425 3524 retur
441 3474 781 3542 occupatus,
805 3470 1003 3528 volens
1025 3470 1180 3528 illius
1194 3473 1605 3543 occupationes
1634 3473 1706 3528 ad
1732 3490 1908 3532 suum

260 3560 487 3617 trahere
531 3563 968 3634 compendium,
998 3566 1193 3619 sciens
1217 3568 1707 3621 Damascenorum
1767 3565 1910 3623 fines

258 3648 484 3721 absque
516 3650 854 3709 militarium
904 3652 1154 3709 virorum
1203 3652 1709 3723 robore,hostium
1741 3653 1910 3712 facile

259 3741 455 3809 patere
484 3741 736 3811 insidiis,
768 3750 1116 3814 congregato
1162 3743 1442 3810 exercitu,
1473 3743 1764 3815 regionem
1797 3748 1911 3799 Da-

258 3848 666 3890 mascenorum
697 3833 1047 3905 ingreditur,
1077 3838 1136 3890 et
1173 3839 1382 3891 cuncta
1412 3851 1516 3906 pro
1546 3836 1786 3891 arbitrio
1813 3835 1911 3892 in·-

256 3922 480 3978 cendiis
510 3921 747 3978 tradens
779 3926 837 3979 et
865 3924 1088 3994 praedae,
1120 3926 1192 3980 ab
1239 3922 1415 3994 Offro,
1449 3924 1650 3996 primae
1678 3924 1910 3982 Arabio

255 4010 483 4067 famosa
509 4012 821 4084 metropoli
875 4029 1059 4083 usque
1103 4018 1474 4082 Damascum,
1508 4014 1739 4071 nemine
1769 4030 1909 4072 con-

255 4099 591 4167 tradicente,
653 4099 835 4156 libere
879 4102 1328 4158 contraducebat
1374 4102 1711 4159 exercitum.
1771 4104 1907 4160 Erat

254 4197 447 4243 autem
497 4188 765 4244 Damasci
798 4189 1037 4260 quidam
1078 4190 1288 4246 nobilis
1340 4190 1768 4262 Negemedinus
1798 4210 1907 4250 no-

256 4276 431 4342 mine,
465 4276 560 4331 cui
587 4276 661 4331 ob
707 4275 1024 4347 plurimam
1074 4294 1269 4334 rerum
1319 4280 1693 4338 saecularium
1722 4299 1902 4354 quam

253 4363 466 4420 habere
486 4364 787 4421 dicebatur
807 4366 1238 4438 experientiam,
1261 4371 1627 4442 negotiorum
1659 4387 1901 4427 suorum

2020 3200 2297 3273 gregibus
2339 3202 2568 3270 referta,
2599 3202 2861 3258 locorum
2898 3202 3111 3258 incolis
3160 3217 3460 3259 armorum
3491 3220 3671 3260 usum

2020 3290 2438 3359 nescientibus,
2472 3289 2640 3348 facile
2669 3295 2863 3362 posset
2892 3297 3088 3361 patere
3116 3290 3187 3347 ad
3216 3291 3510 3362 praedam3
3545 3308 3671 3350 cre·

2022 3378 2198 3437 dulus
2246 3395 2447 3436 aurem
2518 3380 2737 3451 praebet
2805 3379 2978 3436 dictis
3036 3394 3237 3436 eorum
3294 3379 3554 3450 facilem,
3611 3387 3672 3438 et

2020 3468 2259 3525 collecta
2287 3469 2510 3541 ingenti
2543 3468 3063 3536 militia,inl'austis
3092 3467 3299 3525 avibus
3327 3469 3435 3525 iter
3464 3486 3673 3542 aggre-

2019 3561 2197 3617 ditur.
2267 3561 2726 3631 perveniensque
2774 3561 2846 3616 ad
2896 3558 3024 3618 loca
3054 3561 3347 3632 praedicta,
3380 3560 3667 3618 dictorum

2018 3649 2250 3722 plenam
2280 3650 2502 3706 invenit
2521 3650 2737 3717 fidem,·
2768 3666 2903 3706 nam
2933 3649 3137 3723 procul
3167 3650 3344 3707 dubio
3374 3656 3669 3709 armento·

2018 3756 2151 3796 rum
2182 3745 2238 3795 et
2264 3754 2506 3811 gregum
2538 3742 2888 3810 stupendam
2920 3740 3134 3812 reperit
3179 3740 3664 3813 multitudinem,

2016 3829 2119 3886 aed
2152 3829 2404 3901 populus
2432 3830 2602 3900 cujus
2647 3828 2769 3884 haec
2796 3839 2983 3899 erant,
3014 3829 3267 3902 populus
3299 3830 3486 3886 tidelis
3514 3837 3659 3888 erat.

2015 3919 2162 3977 Tota
2193 3920 2347 3975 enim
2372 3917 2469 3973 illa
2500 3917 2658 3990 regio
2692 3935 2804 3974 non
2857 3918 2970 3976 nisi
3012 3920 3072 3976 in
3121 3918 3407 3991 praesidiis
3435 3918 3660 3977 Turcos

2015 4009 2217 4078 habet,
2251 4025 2466 4082 paucos
2496 4007 2838 4075 admodum,
2871 4009 3049 4081 quiet
3080 4010 3354 4083 praesidia
3394 4015 3657 4077 tuentur,

2014 4109 2069 4158 et
2101 4101 2453 4157 rusticorum
2487 4099 2892 4171 praestationes
2920 4098 3502 4171 colligunt,dominis
3536 4117 3658 4157 ma-

2009 4189 2244 4262 Joribus
2275 4205 2522 4260 quorum
2556 4195 2958 4261 procuratores
3005 4194 3168 4256 sunt,
3201 4191 3657 4246 conservandas.

2016 4280 2367 4339 Suburbana
2406 4283 2603 4336 autem
2650 4278 2760 4335 soli
2807 4278 3145 4335 Christiani.
3193 4278 3427 4335 Suriani
3465 4285 3527 4336 et
3555 4284 3660 4335 Ar·

2014 4368 2173 4425 meni
2204 4367 2551 4436 inhabitant,
2601 4371 2663 4423 et
2703 4367 3073 4438 agriculturae
3112 4384 3348 4440 operam
3406 4369 3574 4438 dant,
3603 4374 3662 4426 et

253 4468 449 4510 curam
482 4454 874 4522 commiserat,
906 4461 963 4512 et
993 4457 1200 4512 urbem
1233 4474 1366 4515 cum
1388 4460 1512 4515 suis
1535 4460 1903 4531 pertinentiis
1932 4469 1981 4536 1)
2014 4475 2153 4517 rura
2181 4458 2406 4515 colunt.
2434 4456 2688 4514 collecta
2742 4458 2924 4529 igitur
2978 4474 3048 4513 ex
3093 4457 3339 4515 diversis
3395 4459 3658 4530 partibus

252 4559 358 4613 pro
382 4544 506 4613 eius
534 4542 776 4601 arbitrio
822 4545 1012 4602 eidem
1070 4547 1384 4605 tradiderat
1428 4550 1891 4620 gubernandam.

252 4629 356 4689 Hic
380 4633 589 4689 videns
610 4634 910 4691 dominum
942 4650 1117 4692 suum
1143 4636 1201 4692 in
1227 4637 1464 4710 regione
1494 4653 1557 4694 re
1581 4654 1614 4696 o
1630 4643 1690 4695 ta
1709 4639 1895 4712 magis

248 4731 595 4796 occupatum
626 4723 891 4795 negotiis,
923 4741 1103 4797 seque
1131 4725 1386 4785 virorum
1427 4726 1768 4784 militarium
1799 4744 1899 4785 co-

250 4811 378 4883 pias
409 4829 525 4869 non
556 4812 790 4882 habere,
826 4815 1044 4887 quihus
1073 4816 1249 4890 regiis
1277 4817 1502 4876 viribus
1531 4824 1725 4890 posset
1763 4818 1895 4877 resi·

249 4903 419 4968 etei-e,
450 4905 727 4973 tanquam
763 4904 847 4960 vir
876 4905 1172 4976 providus,
1197 4914 1250 4962 et
1281 4906 1561 4964 instantia
1590 4906 1844 4979 pericula
1862 4924 1896 4963 a

249 5004 312 5045 se
340 5006 599 5059 quarens
631 4993 969 5065 propellere,
1001 4994 1214 5052 oblatis
1236 5001 1486 5067 quatuor
1515 4996 1779 5053 millibus
1798 5014 1895 5053 au·

249 5093 503 5146 reorum,
539 5095 739 5151 pacetn
769 5082 941 5138 trium
973 5084 1259 5140 mensium
1294 5083 1571 5155 postulat,
1605 5089 1663 5141 et
1685 5084 1897 5141 multi-

251 5166 480 5239 plicatis
511 5168 622 5224 sibi
646 5170 780 5226 data
801 5171 1049 5242 pecunia
1077 5172 1588 5241 intercessoribus,
1620 5175 1898 5246 impetrat

249 5257 624 5327 postulatam,
656 5257 807 5315 datis
835 5259 1077 5333 insuper
1124 5279 1225 5319 sex
1270 5264 1553 5336 gregariis
1584 5262 1895 5332 militibus,

250 5362 399 5418 quos
429 5347 488 5403 in
513 5346 765 5405 vinculis
783 5349 1099 5409 detinebat.
1131 5352 1226 5409 Sic
1242 5368 1377 5425 ergo
1397 5368 1591 5424 regem
1622 5370 1755 5410 cum
1787 5368 1897 5410 suo

248 5435 501 5492 exercitu
552 5454 586 5493 a
647 5438 836 5510 patria
882 5457 991 5497 sua
1039 5443 1359 5514 prudenter
1385 5444 1632 5500 amovit.
1670 5444 1899 5501 Interea

246 5521 487 5586 domina
514 5524 837 5588 milisendis
858 5530 1080 5605 regina,
1100 5532 1310 5590 mulier
1329 5532 1593 5604 provida,
1622 5538 1682 5591 et
1716 5548 1902 5609 supra

2004 4548 2204 4626 preda
2231 4552 2289 4603 et
2321 4545 2613 4603 manubiis
2670 4546 2903 4602 nemine
2960 4546 3301 4619 prohibente
3329 4557 3658 4619 comporta-

2003 4644 2103 4711 tis,
2134 4639 2332 4699 onusti
2354 4637 2561 4710 spoliis
2580 4641 2638 4693 et
2659 4635 3005 4694 multimoda
3025 4638 3389 4710 supellectile
3408 4639 3659 4711 loeuple-

2000 4735 2131 4803 tati,
2154 4732 2404 4803 sospites
2427 4735 2637 4786 etcum
2657 4729 2816 4786 omni
2843 4729 3269 4800 tranquillitate
3295 4731 3661 4788 reverteban-

2001 4827 2132 4887 tur;
2165 4835 2300 4878 cum
2330 4834 2461 4875 ecce
2489 4818 2755 4890 Megedin
2788 4818 3096 4891 praeFectus
3125 4817 3512 4891 Halapiensis,
3543 4820 3659 4877 No-

2002 4909 2207 4968 radino
2239 4907 2565 4976 lamiliarie,
2595 4914 2649 4963 et
2697 4906 2834 4963 fidoi
2864 4906 3196 4964 sinceritate
3236 4909 3654 4980 conjunctissi-

2002 5015 2158 5069 mus,
2188 5000 2496 5068 assumpta
2525 4994 2636 5052 sibi
2690 4997 2971 5052 universa
3000 4997 3255 5069 regionis
3300 4999 3657 5069 expeditiore

2003 5086 2239 5155 militia,
2258 5087 2389 5157 ejus
2419 5085 2771 5158 praecognito
2792 5085 3005 5155 reditu,
3027 5092 3282 5143 maturat
3300 5089 3351 5143 ei
3372 5087 3532 5145 exire
3549 5088 3654 5145 ob-

2002 5176 2181 5245 viam,
2205 5182 2272 5233 ut
2291 5174 2536 5232 sarcinis
2556 5178 2615 5231 et
2633 5174 2829 5246 prada
2848 5174 3458 5248 oneratos,aliquibus
3494 5176 3653 5235 loco-

2004 5283 2135 5324 rum
2150 5266 2459 5339 angnstiis,
2476 5274 2574 5321 aut
2593 5265 2907 5337 impeditos
2928 5266 3300 5337 opprimeret,
3322 5277 3424 5325 sut
3443 5270 3655 5328 saltem

2003 5356 2420 5428 impedimenta
2442 5354 2771 5427 relinquere
2800 5354 3176 5428 compelleret
3215 5357 3521 5417 violenter.
3545 5359 3654 5417 Fa-

2004 5452 2277 5517 ctumque
2305 5453 2409 5513 est,
2425 5444 2663 5515 utjuxta
2675 5442 2980 5516 prudentis
3000 5444 3109 5501 viri
3127 5451 3502 5520 conceptum.
3525 5465 3657 5522 pro-

2004 5537 2279 5614 perantes
2297 5531 2909 5602 illiobviam,dueibus
2925 5532 3152 5593 itineris
3172 5535 3274 5610 qui
3298 5536 3372 5595 de
3391 5539 3653 5600 exercitu
