3784 6000
131 243 257 304 493

657 241 859 306 HIST.
911 245 1182 308 RERUM
1227 247 1767 311 TRANSMARIN.
1811 282 1890 295 -
1941 251 2088 312 LIB.
2138 251 2243 314 XI.
2291 253 2742 321 BALDUINUS
2781 259 2807 320 1
2852 259 3036 323 REX.

3434 263 3551 329 494

133 381 482 449 tunitatem,
516 382 576 437 in
611 381 740 440 loca
759 382 965 441 tutiora
987 401 1048 443 se
1070 386 1328 442 conferre
1352 393 1790 458 proposuerant.
1821 388 1876 454 A
1908 386 2014 442 iste
2040 390 2253 457 locum,
2280 406 2390 446 sua
2417 397 2815 465 expugnatum
2862 395 3162 466 instantia,
3187 397 3299 455 sibi
3344 398 3557 456 niteba-

753 510 991 567 CAPUT
1037 512 1189 569 VIII.

144 597 453 655 ealdwinus
500 613 678 654 comes
730 599 1034 656 Edessanus
1077 602 1218 657 redit
1275 601 1345 657 de
1399 603 1632 659 vinculis
1688 603 1791 658 ho-

210 673 402 739 stium,
433 674 488 727 et
516 671 820 727 lescelinus
847 688 978 728 cum
1001 688 1095 736 eo:
1125 679 1180 729 et
1238 675 1503 731 adversus
1562 676 1789 732 Tancre-

211 742 344 798 dum
364 758 625 812 querram
654 746 915 802 eaecitant.

209 848 501 921 Sequente
522 865 697 917 anno,
730 849 831 921 qui
862 857 982 906 erat
1012 850 1084 905 ab
1115 850 1514 909 lnearnatione
1560 851 1788 909 Domini

139 938 301 1006 1109,
335 938 608 995 dominus
639 938 957 996 Balduinus
988 956 1182 996 comcs
1246 939 1597 1008 Edessanus,
1655 957 1785 998 cum

133 1027 314 1084 annis
345 1027 607 1100 quinque
634 1028 930 1085 continuis
956 1028 1161 1086 fuisset
1186 1030 1339 1101 apud
1360 1029 1557 1088 hostes
1598 1032 1788 1089 deten-

131 1122 234 1174 tus
270 1116 334 1173 in
363 1116 630 1187 vinculis,
665 1135 780 1174 una
811 1135 946 1175 cum
994 1119 1281 1176 Joscelino
1337 1126 1586 1193 cognato
1656 1138 1786 1190 suo,

133 1206 298 1263 datis
331 1206 637 1264 obsidibus
668 1224 771 1279 pro
801 1213 959 1264 certa
999 1224 1234 1267 summa
1269 1210 1547 1281 pecuniis,
1607 1227 1784 1282 quam

133 1312 238 1368 pro
274 1313 386 1353 sua
419 1296 823 1370 redemptione
851 1298 1214 1370 pepigerant,
1239 1298 1297 1354 in
1339 1316 1504 1355 suam
1530 1315 1594 1356 se
1616 1298 1787 1355 libcr-

132 1389 312 1442 tatem
345 1390 705 1457 receperunt,
741 1387 1015 1442 reduntes
1046 1387 1116 1442 ad
1162 1389 1431 1460 propria:
1491 1405 1621 1445 cum
1652 1388 1783 1460 qui-

133 1475 243 1531 bus
284 1474 464 1531 etiam
504 1474 646 1532 satIs
666 1474 1118 1532 misericorditer
1146 1478 1285 1534 fecit
1303 1477 1606 1536 Dominus.
1640 1478 1785 1537 Nam

137 1564 378 1621 obsides
406 1580 611 1621 eorum
644 1564 703 1620 in
736 1566 986 1638 quodam
1019 1567 1286 1638 presidio
1316 1567 1654 1625 custodibus
1695 1569 1785 1624 de·

137 1651 354 1724 putatis
384 1652 709 1722 commissi,
741 1669 903 1724 casu,
936 1654 1057 1711 sive
1087 1671 1290 1712 somno
1320 1655 1438 1713 sive
1461 1671 1622 1713 mero
1651 1672 1782 1727 gra-

131 1742 304 1809 vatis,
325 1746 571 1800 mortem
595 1743 935 1813 intulerunt,
955 1745 1111 1801 unde
1142 1745 1512 1817 postmodum
1542 1745 1616 1802 ad
1658 1761 1785 1819 pro-

133 1832 266 1899 pria
296 1830 446 1889 clam
480 1836 539 1889 et
557 1848 659 1904 per
673 1832 1014 1890 diverticula
1034 1836 1103 1890 de
1125 1839 1293 1890 nocte
1315 1835 1627 1891 errabundi
1656 1850 1785 1906 per-

132 1925 442 1979 venerunt.
477 1923 790 1980 Accedenti
820 1939 955 1995 ergo
984 1924 1256 1995 praedieto
1287 1924 1486 1981 comiti
1517 1926 1588 1981 ad
1619 1924 1787 1979 Edes-

127 2027 336 2067 sanam
370 2012 592 2083 urbem,
625 2013 901 2071 dominus
942 2014 1282 2071 Tancredus
1329 2015 1545 2071 dicitur
1590 2015 1641 2070 ei
1694 2014 1785 2070 in·

127 2102 377 2158 troitum
408 2104 757 2173 denegass03
787 2103 889 2160 sed
919 2105 1155 2160 tandem
1203 2120 1429 2162 memor
1481 2105 1787 2176 iuramen-

129 2194 351 2260 torum,
385 2207 512 2263 quae
532 2192 870 2265 interposita
891 2193 1137 2260 fuerant,
1162 2208 1315 2263 cum,
1339 2194 1541 2250 eodem
1576 2194 1787 2251 comite

129 2284 325 2352 capto,
351 2281 589 2338 domino
620 2282 920 2339 Tancredo
951 2282 1152 2338 civitas
1184 2283 1397 2339 tradita
1446 2282 1655 2350 suerat,
1714 2282 1784 2338 ad

130 2385 239 2424 cor
269 2369 524 2436 rediens,
557 2374 674 2427 tam
704 2371 892 2443 ipsam
917 2371 1113 2428 urbem
1139 2388 1316 2443 quam
1342 2371 1636 2444 regionem
1662 2371 1789 2427 uni·

128 2474 358 2515 versam
389 2458 578 2514 eidem
613 2461 881 2531 praecepit
904 2460 1201 2528 resignari.
1224 2460 1345 2525 Qua
1366 2461 1583 2532 injuria
1620 2459 1785 2528 moti,

131 2548 506 2619 postmodum
540 2548 759 2605 bellum
805 2549 988 2605 eidem
1021 2551 1308 2606 Tancredo
1348 2550 1516 2606 ambo
1571 2551 1790 2623 pariter

135 2635 495 2693 indixerunt.
528 2638 847 2694 lescelinus
878 2643 1071 2693 autem
1103 2639 1456 2711 specialiter,
1500 2641 1598 2712 qui
1639 2643 1789 2697 citra

133 2724 494 2797 Euphratem
521 2743 629 2783 sua
677 2725 929 2783 habebat
987 2728 1250 2798 praesidia
1304 2733 1362 2784 et
1418 2730 1788 2788 Antiochenis

129 2810 378 2869 vicinior
407 2817 532 2868 erat
560 2814 850 2885 partibus,
885 2814 1209 2886 principem
1234 2816 1423 2887 magis
1451 2816 1784 2874 infestabat.

134 2901 363 2959 Accidit
391 2906 589 2958 autem
624 2903 875 2974 quadam
910 2903 1002 2959 die
1031 2908 1116 2973 ut,
1149 2906 1464 2962 Turcorum
1519 2907 1786 2964 multitu·

131 2989 330 3048 dinem
351 2989 411 3048 in
435 3007 603 3048 suum
631 3009 954 3048 convocans
976 2992 1285 3061 auxilium,
1312 2994 1367 3049 in
1394 3000 1599 3053 terram
1625 2995 1783 3069 prin·

128 3079 278 3156 cipis
309 3080 662 3154 irruptiones
695 3081 1014 3152 moliretur,
1039 3084 1193 3153 quod
1220 3082 1487 3156 princeps
1522 3101 1780 3156 praescn-

127 3171 312 3241 tiens,
343 3171 393 3227 ei
423 3172 705 3240 occurrit;
731 3172 1164 3245 commissoque
1222 3174 1373 3230 inter
1413 3190 1510 3230 eos
1566 3176 1780 3248 praeli0,

132 3259 325 3331 prima
355 3258 543 3317 fronte
573 3261 646 3316 de
673 3261 926 3317 exercitu
959 3261 1181 3317 domini
1228 3263 1510 3320 Tancredi
1562 3267 1786 3322 cecide-

131 3352 268 3406 runt
299 3350 410 3406 viri
443 3351 614 3422 quasi
645 3351 985 3424 quingenti;
1020 3353 1145 3422 sed,
1205 3356 1435 3411 tandem
1471 3358 1786 3430 resumptis

131 3439 350 3496 animis
379 3444 438 3496 et
465 3439 699 3497 aciebus
730 3440 1095 3509 instauratis,
1140 3443 1463 3501 Turcorum
1514 3462 1784 3519 magnam

134 3534 462 3588 straverunt
487 3529 953 3599 multitudinem,
975 3533 1333 3591 Joscelinum
1361 3541 1418 3591 et
1455 3552 1592 3592 suos
1613 3538 1672 3592 in
1696 3538 1783 3593 lu-

135 3637 270 3693 gam
307 3624 732 3678 convertentes.
766 3620 941 3678 Porro
971 3621 1233 3679 videntes
1267 3625 1511 3695 maJ'ores
1533 3625 1784 3698 regionis

137 3714 195 3766 et
217 3709 322 3783 qui
345 3725 556 3767 sensus
573 3709 868 3768 hobebant
890 3713 1075 3785 magis
1095 3714 1457 3783 exercitatos,
1481 3717 1635 3783 quod
1660 3723 1785 3773 tan-

129 3803 325 3855 torum
358 3799 619 3856 virorum
651 3800 972 3871 periculosa
996 3802 1174 3858 nimis
1195 3809 1363 3862 erant
1385 3805 1519 3862 odia
1546 3810 1603 3862 et
1625 3806 1781 3880 quod

127 3889 182 3943 in
210 3889 467 3945 multum
491 3890 1099 3961 poterantChristiano
1124 3895 1340 3964 populo
1362 3894 1780 3952 detrimentum
1851 3939 1857 3943 .

126 3979 355 4047 cedere,
399 3979 756 4050 interpositis
803 3981 1067 4052 partibus
1114 3983 1256 4052 suis,
1297 4001 1397 4040 eos
1454 3986 1778 4041 adinvicem

123 4069 675 4126 reconciliaverunt.

770 4178 1000 4234 CAPUT
1051 4178 1143 4233 IX.

126 4267 475 4334 Bertramus,
517 4266 733 4321 comitis
781 4267 1032 4324 Tolosam‘
1058 4269 1237 4337 silius,
1288 4286 1410 4325 cum
1466 4273 1634 4328 classe
1686 4273 1781 4328 Ια-

198 4338 496 4392 nuensium
530 4339 588 4391 in
619 4338 840 4407 Syriam
869 4339 1159 4408 descendit,
1191 4345 1344 4412 patri
1374 4359 1620 4413 quoerem
1656 4360 1780 4400 suc-

197 4407 430 4472 cedes-m
494 4407 790 4466 Willelmus
844 4410 1098 4468 Iordanis
1153 4413 1498 4471 contradicit.
1559 4415 1782 4488 Capitur

1900 482 1992 531 tur
2013 476 2339 534 vindicare.
2378 482 2644 551 Dumque
2669 481 2782 538 ista
2839 484 2938 539 diu
2978 490 3136 543 esset
3163 485 3381 559 agitata
3416 503 3555 546 con·

1911 566 2211 636 troversia,
2245 568 2764 628 intervenientibus
2792 572 2998 630 amicis
3035 576 3468 646 communibus,
3492 580 3559 634 ut

1900 654 1971 710 de
2003 672 2144 726 pace
2172 661 2513 726 tractarent,
2558 660 2998 719 convenitinter
3019 664 3367 722 mediatores
3399 665 3557 738 quod

1899 758 2003 814 pro
2036 743 2185 801 bono
2210 745 2393 815 pacis,
2426 745 2723 802 Willelmo
2750 750 3021 806 Jordanis
3052 750 3314 808 civitates
3345 751 3555 810 Archia

1897 835 1955 886 et
1985 831 2229 890 Tortosa
2269 850 2401 890 cum
2463 835 2586 892 suis
2634 836 3004 910 pertinentiis
3065 841 3550 910 concederentur;

1899 920 2194 978 Bertramo
2223 938 2357 979 vero
2386 922 2657 996 Tripolis,
2691 933 2745 982 et
2780 926 3056 995 Biblium,
3082 933 3141 985 et
3171 945 3342 986 mons
3382 934 3554 988 Pere-

1896 1008 2119 1081 grinus,
2153 1010 2290 1068 item
2322 1028 2455 1067 cum
2488 1013 2613 1069 suis
2667 1015 3038 1086 pertinentiis
3086 1017 3439 1089 Factumque
3459 1022 3550 1075 est

1892 1097 1994 1166 ita,
2027 1104 2083 1155 et
2111 1109 2301 1156 ratum
2332 1099 2594 1158 habitum
2628 1106 2809 1174 partis
2862 1105 3167 1177 utriusque
3233 1124 3546 1167 concessu.

1896 1185 2060 1244 Unde
2089 1188 2424 1247 willelmus
2454 1207 2558 1263 pro
2588 1198 2752 1264 parte
2781 1194 2894 1250 sibi
2938 1195 3181 1268 designa
3225 1198 3416 1254 factus
3458 1200 3551 1255 est

1893 1276 2069 1334 homo
2101 1279 2381 1351 principis
2410 1280 2780 1350 Antiocheni,
2804 1282 3086 1340 fidelitate
3117 1285 3169 1341 ei
3191 1284 3551 1343 manualiter

1895 1367 2190 1437 exhibita;
2228 1369 2565 1426 Bertramus
2612 1371 2792 1443 partis
2817 1372 2931 1428 sibi
2989 1373 3302 1446 designata
3360 1390 3395 1431 a
3438 1376 3549 1433 do-

1897 1453 2056 1511 mino
2088 1471 2218 1528 rege
2256 1456 2789 1532 Hierosolymorum
2824 1459 3237 1520 investituram
3265 1461 3545 1535 suscepit,

1896 1543 1949 1602 ei
1978 1544 2316 1603 solemniter
2339 1546 2623 1604 exhibens
2683 1548 3051 1607 fidelitatem.
3111 1550 3391 1609 Additum
3461 1556 3554 1610 est

1895 1635 2075 1691 etiam
2109 1635 2167 1690 in
2209 1636 2654 1708 compositionis
2685 1639 2891 1708 torma,
2923 1640 3078 1712 quod
3109 1640 3161 1696 si
3219 1641 3367 1698 alter
3421 1640 3552 1699 sinc

1890 1725 2094 1784 liberis
2124 1726 2241 1783 vita
2271 1728 2601 1793 decederet,
2634 1729 2780 1785 alter
2802 1730 2856 1786 ei
2899 1732 3238 1788 succederet
3293 1732 3351 1788 in
3413 1732 3548 1788 uni·

1898 1831 2153 1873 versum.
2183 1815 2515 1882 Quaestione
2545 1832 2677 1873 vcro
2724 1818 2996 1887 praedicta
3051 1835 3155 1891 per
3205 1818 3550 1891 hujusmodi

1895 1907 2083 1977 sopita
2110 1904 2586 1974 transactionem,
2620 1906 2833 1964 accidit
2853 1907 3010 1979 quod
3043 1907 3195 1965 inter
3223 1908 3546 1981 armigeros

1897 1993 2201 2065 utriusque
2230 1993 2483 2060 familiae,
2508 2010 2576 2052 ex
2597 2011 2779 2052 causa
2797 1994 2929 2061 levi,
2954 2000 3082 2052 orta
3096 2001 3182 2053 est
3206 1996 3502 2055 contentio
3528 2014 3543 2054 ε

1896 2099 2001 2155 pro
2031 2098 2149 2154 qua
2180 2081 2561 2155 pacificanda,
2585 2098 2716 2140 cum
2746 2084 2912 2141 velox
2932 2085 2991 2140 in
3013 2101 3331 2158 equosaepe
3352 2086 3545 2145 dictus

1896 2186 2093 2230 comes
2104 2171 2441 2228 Willelmus
2464 2177 2810 2242 occurreret,
2824 2174 3033 2246 sagitta
3050 2190 3187 2230 casu
3208 2191 3542 2248 percussus,

1898 2263 2140 2320 interiit.
2170 2262 2481 2319 Dicebatur
2504 2280 2538 2319 a
2567 2263 2892 2331 nonnullis,
2927 2265 3082 2335 quod
3115 2264 3343 2322 comitis
3400 2265 3545 2324 Ber-

1899 2355 2067 2411 trami
2098 2353 2249 2411 dolis
2278 2359 2336 2410 et
2368 2353 2907 2412 machinationibus
2962 2371 3155 2412 comes
3213 2354 3544 2415 willelmus

1900 2444 2225 2513 interierit;
2256 2444 2357 2500 sed
2392 2451 2591 2500 tamen
2626 2460 2814 2516 usque
2845 2443 3017 2501 hodie
3065 2442 3226 2500 illius
3285 2443 3544 2502 vulneris

1898 2549 2011 2589 non
2044 2533 2373 2604 comparuit
2402 2537 2595 2590 certus
2647 2537 2884 2601 auctor;
2947 2533 3030 2588 sic
3088 2532 3269 2605 igitur
3314 2532 3544 2591 sublato

1898 2624 2109 2679 aemulo
2138 2627 2195 2678 et
2224 2622 2512 2694 praedictas
2554 2621 2714 2677 urbis
2753 2621 3155 2694 competitore,
3212 2623 3546 2681 Bertramus

1898 2712 2057 2790 solus
2089 2712 2147 2767 in
2197 2711 2559 2783 expeditione
2617 2712 2853 2769 mansit.
2895 2711 3031 2767 Erat
3085 2717 3279 2769 autem
3338 2710 3546 2770 classis

1895 2797 2305 2866 Januensium,
2337 2813 2472 2854 cum
2504 2813 2622 2869 qua
2663 2801 2918 2863 venerat,
2958 2796 3260 2868 galearum
3307 2803 3541 2871 septua-

1895 2889 2086 2962 ginta3
2118 2888 2210 2944 cui
2241 2886 2498 2960 praefecti
2528 2891 2697 2945 eraut
2723 2887 2836 2943 duo
2868 2886 3093 2945 nobiles
3131 2888 3236 2944 viri
3287 2891 3544 2947 Janueu-

1893 2994 2007 3048 ses,
2038 2977 2333 3035 Ansaldus
2351 2982 2408 3034 et
2425 2977 2589 3050 Hugo
2614 2976 2907 3034 Ebriacus.
2933 2976 3209 3035 videntes
3229 2993 3366 3052 ergo
3386 2980 3539 3052 quod

1893 3068 2045 3124 circa
2064 3067 2267 3123 urbem
2290 3065 2730 3138 Tripolitanum,
2752 3080 2853 3138 per
2871 3066 3022 3123 idem
3042 3070 3276 3139 tempus
3301 3083 3539 3140 operam

1812 3143 1856 3211 C
1896 3160 2333 3224 consumerent,
2370 3155 2511 3212 utile
2540 3154 2793 3226 iudicant
2848 3155 3083 3213 interim
3135 3156 3357 3228 aliquid
3423 3171 3542 3214 me·

1890 3245 2078 3303 moria
2108 3244 2352 3317 dignum
2376 3244 2605 3315 aggredi
2631 3260 2644 3297 :
2680 3243 3157 3316 commonitoque
3195 3243 3540 3304 familiarius

1890 3334 2101 3393 comite
2132 3334 2452 3403 Bertramo‚
2491 3337 2556 3389 ut
2584 3349 2715 3390 cum
2747 3334 2833 3390 eis
2853 3349 3109 3405 praesens
3134 3333 3272 3391 velit
3291 3351 3418 3393 esse
3440 3350 3539 3409 per

1891 3428 2097 3491 terras,
2130 3423 2243 3495 ipsi
2264 3422 2508 3479 classem
2576 3438 2782 3479 versus
2830 3422 3081 3478 Biblium
3113 3423 3392 3497 dirigunt.
3444 3425 3541 3482 est

1890 3519 2086 3570 autem
2117 3511 2350 3569 Biblum
2384 3511 2524 3568 urbs
2557 3512 2846 3578 martima,
2880 3512 2939 3566 in
2998 3511 3266 3568 Phoenice
3322 3513 3538 3570 consti·

1890 3607 2037 3673 tuta,
2080 3618 2191 3658 una
2240 3604 2310 3658 de
2362 3600 2746 3671 suffraganeis
2788 3599 3052 3666 urbibus,
3118 3615 3248 3671 quas
3301 3600 3542 3670 Tyrcnsi

1889 3689 2194 3762 metropoli
2220 3691 2355 3760 jure
2377 3687 2801 3759 metropolitico
2819 3686 3229 3760 intelliguntur
3258 3701 3386 3745 esse
3402 3687 3541 3744 sub·

1880 3782 2072 3852 jectoe,
2123 3779 2290 3850 cujus
2347 3778 2690 3835 memoriam
2728 3776 2989 3834 Ezechiel
3049 3778 3333 3850 propheta
3380 3777 3540 3847 facit,

1889 3870 2125 3927 dicens:
2158 3869 2322 3925 Senes
2354 3867 2524 3923 Biblii
2556 3907 2570 3928 ,
2602 3871 2654 3922 et
2681 3866 2972 3938 prudentes
2997 3869 3139 3935 etus,
3163 3882 3196 3920 ο
3225 3867 3379 3939 Tyro,
3400 3881 3541 3938 μνε-

1889 3963 2127 4016 buerunt
2156 3966 2365 4013 names
2410 3957 2481 4012 ad
2526 3955 2899 4011 ministerium
2957 3958 3127 4013 vat-ise
3181 3956 3543 4028 supellectilis

1888 4058 2001 4107 tuae
2029 4048 2244 4120 (Ezech.
2277 4062 2454 4115 xxvu,
2491 4046 2570 4117 9).
2607 4046 2743 4101 item
2776 4045 2836 4101 in
2864 4044 3122 4102 secundo
3143 4044 3294 4103 libro
3318 4045 3540 4117 Regum

1888 4141 1959 4195 de
1989 4140 2193 4195 eadem
2227 4137 2485 4194 scribtur
2508 4135 2589 4192 ita
2617 4151 2630 4191 :
2664 4138 2834 4192 Porro
2865 4136 3035 4192 Biblii
3087 4139 3543 4208 praeparavcnmt

1887 4233 2040 4303 liqna
2069 4235 2119 4287 et
2178 4228 2392 4303 lapides
2450 4228 2525 4283 ad
2589 4226 2981 4297 aedificandum
3027 4227 3249 4284 domum
3324 4227 3543 4284 Domini

1886 4322 1991 4393 (111
2020 4321 2146 4389 Rea.
2182 4335 2233 4388 v,
2270 4318 2379 4390 18).
2416 4316 2578 4374 Dicta
2619 4318 2704 4372 est
2765 4320 2962 4372 autem
3015 4316 3206 4389 prisco
3263 4314 3543 4373 vocabulo

1883 4410 2013 4478 Eue,
2046 4423 2293 4480 eamque
2329 4407 2610 4463 fundasse
2633 4404 2891 4463 creditur
2922 4405 3125 4470 Eveus,
3157 4409 3355 4463 sextus
3397 4404 3543 4462 lilio-

202 4479 470 4535 Bl'f'lil‘m·
1811 4528 1859 4594 D
1892 4516 2021 4555 rum
2055 4498 2355 4555 Chanaan.
2383 4497 2468 4553 Ad
2498 4496 2650 4552 hanc
2682 4494 3084 4568 pervenientes
3114 4500 3171 4551 et
3210 4511 3338 4552 eam
3394 4493 3541 4551 mari

201 4585 423 4642 Eodem
453 4588 733 4658 tempore,
770 4588 1126 4657 Bertramus,
1183 4592 1403 4648 domini
1464 4594 1783 4651 Raimundi
1890 4594 2159 4662 terraque
2181 4587 2712 4654 circumvallantes,
2736 4585 2963 4642 civibus
2981 4586 3299 4642 admodum
3323 4582 3540 4640 territis

126 4676 301 4731 bonae
325 4675 621 4731 memorias
652 4677 884 4733 comitis
918 4678 1187 4735 Tolosani
1223 4681 1402 4751 filius,
1434 4698 1567 4739 cum
1600 4683 1784 4740 classe
1892 4684 1951 4738 et
1979 4681 2051 4735 de
2081 4679 2172 4737 sui
2205 4678 2449 4735 tuitione
2505 4675 2931 4743 diffidentibus,
2980 4674 3189 4731 classis
3238 4673 3540 4746 praefectos

126 4762 517 4821 Janueneium
559 4764 712 4822 circa
744 4766 947 4823 urbem
1002 4768 1286 4841 applicuit
1340 4770 1784 4845 Tripolitanam,

131 4853 234 4908 ubi
269 4852 607 4910 willelmus
634 4854 907 4912 Jordanis
931 4858 1058 4929 ejus
1076 4861 1546 4934 consanguineus
1580 4864 1784 4920 urbem

130 4940 444 4998 obsidione
479 4943 732 5001 vallabat
755 4947 1049 5017 eamdem,
1081 4947 1234 5005 sicut
1263 4959 1314 5005 et
1346 4952 1620 5010 continue
1645 4953 1790 5009 sece-

135 5039 223 5088 rat
254 5048 285 5085 a
317 5030 412 5086 die
445 5031 640 5090 obitus
670 5035 931 5107 praedicti
954 5038 1304 5097 venerabilis
1321 5040 1449 5109 viri,
1483 5043 1582 5112 qui
1603 5043 1661 5098 in
1691 5059 1792 5100 eo·

132 5119 265 5174 dem
301 5120 530 5192 negotio
551 5122 806 5178 moriens
840 5123 1142 5181 defecerat.
1194 5127 1401 5184 Statim
1452 5135 1642 5186 autem
1701 5131 1789 5187 in·

131 5208 264 5278 ejus
296 5206 548 5265 adventu
590 5215 717 5267 orta
746 5216 835 5267 cst
858 5213 1149 5270 contentio
1177 5215 1327 5271 inter
1351 5231 1472 5284 eos,
1500 5218 1792 5274 Bertramo

138 5297 215 5353 de
251 5296 430 5368 patris
461 5300 800 5358 sucessione
829 5301 1149 5376 allegant03
1183 5302 1523 5363 willelmus
1571 5311 1790 5376 autem,

133 5383 364 5459 proprii
395 5384 606 5445 laboris
637 5390 995 5463 etimpensae
1036 5409 1138 5465 per
1166 5397 1418 5465 quatuor
1439 5412 1624 5453 annos
1655 5413 1796 5455 con-

133 5480 340 5533 tinues
362 5477 777 5536 sollicitudinis
800 5482 1003 5539 merita
1016 5483 1428 5556 praetendebat.
1454 5485 1626 5543 lllein
1642 5486 1794 5546 bona

137 5570 382 5640 paterna
401 5569 687 5640 tanquam
702 5569 886 5629 hau-es
897 5570 1197 5646 legitimus
1209 5571 1758 5637 volebatsuccedere
1775 5597 1790 5652 ;

1893 4769 2243 4844 praedictum
2271 4767 2593 4824 Ansaldum
2625 4769 2681 4821 et
2702 4765 3003 4837 Hugonem
3024 4762 3332 4819 Ebriacum
3362 4761 3544 4819 missa

1893 4859 2183 4932 legatione
2212 4856 2584 4922 conveniunt,
2622 4853 3040 4927 significantes.
3073 4853 3223 4923 quod
3257 4850 3305 4907 si
3341 4849 3539 4909 volen-

1896 4950 2055 5005 tibus
2085 4947 2279 5020 egredi
2302 4946 2551 5003 liberum
2573 4960 2707 5002 cum
2730 4942 3010 4999 uxoribus
3027 4946 3083 4999 ct
3099 4940 3298 4997 liberis
3327 4939 3544 4998 vellent

1898 5040 2038 5096 dare
2057 5038 2310 5106 exitum3
2343 5034 2676 5092 nolentibus
2699 5036 2895 5089 autem
2928 5047 3038 5089 sua
3057 5031 3323 5088 deserere
3349 5029 3540 5087 domi-

1902 5126 2061 5187 cilia.
2093 5125 2150 5182 in
2181 5124 2325 5181 urbe
2356 5124 2554 5179 liceret
2574 5119 2743 5176 bonis
2764 5117 3202 5177 conditionibus
3222 5114 3541 5185 immorari,

1905 5214 2090 5288 parati
2129 5215 2325 5269 essent
2355 5209 2625 5267 reseratis
2655 5208 2930 5280 aditibus,
2963 5223 3059 5264 eos
3098 5210 3381 5277 tanquam
3439 5205 3544 5263 dc-

1905 5306 2095 5361 minos
2126 5301 2453 5360 admittere.
2488 5297 2710 5364 Quibus
2742 5295 3170 5355 conditionibus
3191 5296 3361 5367 juxta
3411 5298 3547 5351 vota

1901 5409 2102 5452 eorum
2139 5390 2438 5457 admissis,
2474 5387 2674 5444 urbem
2729 5385 3022 5459 praedictis
3091 5384 3322 5441 duobus
3352 5383 3545 5440 tradi-

1902 5486 2114 5541 derunt
2132 5479 2272 5537 viris
2290 5499 2307 5549 ς
2331 5494 2578 5552 quorum
2603 5476 2768 5548 alter,
2783 5475 2945 5549 Hugo
2959 5474 3223 5532 videlicet
3246 5471 3548 5542 Ebriacus,

1902 5575 2013 5635 sub
2050 5588 2245 5632 annua
2274 5571 2415 5629 certi
2454 5583 2663 5629 census
2710 5565 3078 5642 praestatione
3131 5564 3273 5623 fisco
3300 5563 3551 5623 Januen·
