3784 6000
424 227 608 287 HIST.
652 221 908 289 RERUM
946 221 1444 290 TRANSMARIN.
1484 258 1554 275 ο-
1589 222 1731 289 me.
1775 228 1922 291 xx1.
1968 228 2380 295 BALDUINUS
2420 234 2495 293 1v
2537 236 2705 297 REX.

3158 236 3279 302 'eu

121 363 324 418 missiae
349 376 475 420 suae
503 362 831 420 honorifice
858 362 1126 437 sepultus
1147 369 1311 438 3post
1333 365 1506 438 cujus
1542 359 1585 412 A
1616 358 1922 431 equitibus
1941 360 2017 416 de
2040 365 2247 418 nostro
2271 361 2501 434 populo
2531 362 2787 420 libertati
2815 365 3117 438 restitutis,
3148 367 3279 425 ani-

131 452 277 508 dum
311 454 368 507 in
398 454 611 509 eadem
643 454 898 509 ecclesia
921 453 995 508 de
1019 459 1256 524 pastore
1287 455 1507 512 substi-

121 544 397 597 iractatus
425 541 765 608 haberetur,
795 543 947 598 votis
977 543 1240 599 dissonis
1273 544 1508 601 decide·

121 630 449 704 [uaestiones
479 625 769 699 difficileS,
796 646 930 706 qnae
956 629 1185 688 domini
1215 631 1505 699 Balduini,

121 717 223 775 ›ris
249 716 478 774 domiui
503 716 784 776 Amalrici
805 725 863 776 et
881 719 982 776 tilii
1009 719 1057 792 ej
1070 738 1157 788 us,
1189 721 1286 779 vix
1316 723 1509 778 termi-

121 812 333 864 itanno
353 807 622 865 secundo
640 825 654 874 ;
675 824 810 880 quse
827 810 1172 881 praedictain
1185 810 1506 868 ecclesiam

121 912 147 953 a
174 902 474 953 traxerunt
501 896 839 969 dispendia.

418 1003 645 1059 CAPUT
674 1003 893 1059 XXXIII
909 1042 923 1059 .

162 1107 532 1165 Noradinus.
588 1109 716 1166 Rex
763 1107 1100 1167 Paneadem
1147 1108 1371 1168 obsidet
1398 1126 1423 1168 .·
1453 1118 1506 1168 et

121 1184 323 1250 treuya
349 1182 569 1236 recedit
591 1201 611 1251 ,-
643 1182 888 1238 collecta
915 1183 1272 1252 aeqrieudine
1296 1185 1509 1239 Hiero-

121 1267 212 1308 am
243 1252 667 1320 proficiscitur,
700 1253 800 1308 ubi
833 1261 887 1311 ct
917 1254 1092 1323 infra
1125 1269 1351 1324 paucos
1384 1255 1508 1312 dies

121 1323 323 1380 eredit.

121 1445 144 1484 s
168 1444 410 1501 quoque
433 1432 723 1501 tempore,
740 1429 836 1485 vix
861 1430 1038 1486 unius
1053 1430 1278 1487 mensis
1300 1430 1504 1503 elapso

121 1517 428 1574 loradinus
458 1518 760 1573 maximus
788 1519 1048 1575 nominis
1079 1523 1137 1575 et
1163 1518 1306 1576 fidei
1345 1518 1501 1577 Chri·

122 1611 442 1675 ¹ersecutor,
479 1607 755 1678 princeps
782 1611 983 1664 tamen
1010 1607 1227 1677 justuS‚
1256 1607 1423 1666 vafer
1449 1614 1506 1664 et

1618 462 1717 503 mo
1750 448 1982 518 maiora
2004 451 2365 522 concipiens,
2400 450 2595 508 soluta
2645 452 2963 511 obsidione
3005 470 3276 513 reversus

1617 540 1724 599 est,
1773 536 1939 608 apud
1989 536 2308 595 familiares
2344 552 2738 612 conquerens,
2771 543 2936 615 quod
2975 559 3098 600 non
3130 545 3278 601 satis

1619 639 1805 680 sanus
1829 628 2006 689 esset,
2031 625 2219 682 necin
2241 627 2401 684 bona
2426 629 2693 700 corporis
2721 630 3096 688 habitudine.
3129 633 3276 691 Inde

1617 712 1881 769 dimissis
1933 715 2431 786 expeditionibus,
2469 732 2603 772 cum
2654 717 2936 775 familiari
2988 722 3274 779 comitatu

1615 801 1988 859 Tiberiadem
2011 804 2297 876 pervenit,
2334 804 2431 860 ubi
2456 805 2802 878 dysenteria
2844 809 3022 883 coepit
3043 810 3274 882 pericu·

1615 886 1911 947 losissime
1951 892 2249 949 laborare.
2300 894 2440 950 Inde
2499 895 2779 952 morbum
2827 903 3119 964 metuens,
3162 914 3272 974 per

1618 979 1906 1036 Nazareth
1922 981 2318 1054 etNeapoiim,
2340 997 2526 1055 eques
2547 989 2772 1053 tamen,
2798 1000 2909 1042 nec
2930 987 3006 1043 ita
3028 1001 3274 1058 prorsus

1618 1067 1933 1136 invalidus,
1961 1071 2432 1144 Hierosolymam
2464 1072 2775 1143 ingressus
2793 1078 2903 1130 est.
2938 1076 3045 1132 Ubi
3073 1078 3273 1146 ingra-

1615 1164 1893 1213 vescente
1908 1158 2270 1226 valetudine,
2292 1159 2452 1216 febre
2464 1162 2641 1217 etiam
2665 1163 2845 1234 coepit
2864 1163 3269 1220 vehementis·

1618 1244 1768 1301 sime
1797 1244 2089 1313 laborare,
2125 1253 2394 1304 cessante
2423 1249 2816 1321 physicorum
2857 1252 3124 1318 artificio,
3157 1252 3267 1326 dy-

1613 1335 1889 1391 senteria.
1920 1337 2188 1407 Cumque
2231 1351 2338 1409 per
2373 1336 2500 1393 dies
2526 1337 2751 1411 aliquot
2790 1355 2864 1396 ea
2889 1339 3051 1397 febre
3085 1354 3270 1413 supra

1613 1423 1771 1478 vires
1801 1422 2180 1496 affligeretur,
2208 1425 2488 1497 praecepit
2518 1426 2595 1483 ad
2619 1443 2682 1482 se
2708 1429 2982 1485 accersiri
3007 1430 3270 1486 medicos

1614 1511 1876 1580 Oramus,
1898 1514 2079 1586 Syros
2101 1514 2403 1570 etillarum
2421 1515 2733 1572 nationum
2751 1516 3049 1584 homines,
3065 1522 3272 1590 petens

1613 1600 2041 1658 instantissime
2068 1602 2263 1670 abeis,
2286 1607 2352 1658 ut
2371 1602 2575 1677 aliqua
2593 1604 3046 1663 decoctiuncula
3066 1607 3270 1664 alvum

121 1713 162 1759 s,
184 1700 241 1750 et
262 1693 595 1750 secundum
624 1696 811 1762 gentis
841 1711 966 1752 suas
998 1695 1346 1754 traditiones
1377 1696 1505 1754 reli·
1537 1704 1582 1764 Β
1613 1689 1745 1762 eJus
1779 1689 2083 1748 solverent
2110 1708 2123 1761 ;
2174 1692 2339 1762 quod
2367 1707 2506 1748 cum
2541 1692 2621 1749 ab
2662 1692 2747 1749 eis
2794 1693 3116 1766 impetrare
3145 1711 3268 1754 non

121 1784 268 1853 egui
290 1784 419 1853 ejus
433 1798 591 1839 anno
607 1784 893 1840 vicesimo
916 1798 1094 1848 nono,
1128 1800 1332 1842 mense
1352 1786 1504 1842 Maio

121 1889 165 1927 is
185 1877 292 1928 est.
328 1872 512 1943 Hujus
552 1870 849 1928 defectum
882 1888 984 1929 rex
1037 1873 1310 1940 audiens,
1360 1890 1506 1931 con-

121 1961 230 2016 tine
283 1960 567 2016 dilatione
599 1961 909 2017 universas
939 1976 1284 2018 convocans
1337 1963 1505 2032 regni

121 2049 267 2106 ·bem
297 2049 534 2105 obsidet
559 2049 1028 2106 paneadensem.
1058 2051 1229 2116 Quod
1256 2052 1506 2108 audiens

160 2153 309 2194 uxor
348 2138 650 2210 principis,
693 2141 846 2194 vires
880 2139 1312 2195 transcendens
1340 2137 1507 2197 femi-

122 2227 241 2282 issa
277 2226 568 2298 legatione
615 2227 694 2283 ad
729 2226 1047 2283 dominum
1078 2242 1303 2298 regem,
1334 2233 1398 2284 ut
1425 2230 1504 2286 ab

121 2330 165 2371 ie
179 2315 466 2381 discedat,
487 2315 660 2387 eique
676 2332 885 2388 pacem
897 2316 1190 2373 concedat
1209 2325 1504 2389 tempora·

122 2411 242 2461 tam
266 2405 533 2475 pecunias
560 2405 617 2460 in
635 2405 824 2461 muita
844 2405 1177 2475 quantitate
1197 2419 1504 2463 summam

121 2499 173 2559 t;
205 2508 389 2565 quam
432 2507 554 2559 rex,
597 2500 660 2548 ut
698 2493 1052 2564 ampliorem
1102 2499 1499 2566 extorqueret,

121 2586 259 2637 onte
281 2582 446 2637 visus
465 2587 553 2636 est
577 2583 898 2654 respuisse,
925 2582 1307 2640 obsidionem
1335 2583 1503 2640 nihil-

137 2669 515 2726 continuans.
562 2671 829 2742 Cumque
877 2670 958 2726 ibi
1006 2686 1113 2743 per
1149 2671 1280 2728 dies
1323 2672 1503 2746 quasi

121 2758 214 2823 im,
240 2758 395 2829 vigili
418 2773 604 2829 opera
624 2763 681 2815 et
701 2759 898 2815 studio
921 2758 1189 2829 diligenti
1217 2759 1500 2818 obsessos

121 2852 285 2910 isset,
318 2850 376 2901 et
413 2852 536 2902 tam
569 2846 863 2904 machinis
900 2862 1088 2919 quam
1121 2847 1316 2904 modis
1346 2847 1497 2915 aliis,

121 2949 202 2990 ies
232 2936 315 2990 eis
362 2934 664 2990 molestias
695 2935 1008 3002 intulisset,
1040 2936 1266 3002 ‚videns
1291 2952 1394 2994 eos
1422 2937 1501 2995 ad

1613 1785 1835 1851 posset,
1859 1778 1996 1836 tecit
2024 1779 2101 1835 ad
2133 1793 2195 1835 se
2235 1784 2677 1853 consequenter
2702 1783 2908 1839 vocari
2941 1783 3200 1854 Latinos,
3234 1800 3271 1842 a

1613 1866 1833 1940 quibus
1862 1866 1924 1923 id
1954 1867 2154 1938 ipsum
2192 1869 2460 1940 exigens,
2510 1867 2800 1941 adjiciens
2829 1871 3031 1937 etiam,
3065 1874 3129 1928 ut
3155 1871 3269 1929 sibi

1613 1956 1808 2012 omnis
1837 1954 1920 2012 rei
1946 1955 2344 2029 imputaretur
2379 1963 2622 2013 eventus
2652 1973 2666 2024 ;
2698 1957 2991 2016 dederunt
3029 1975 3168 2031 ergo
3214 1964 3270 2020 ei

1612 2044 2124 2102 decoctiunculam
2140 2060 2346 2113 unam,
2359 2060 2483 2118 qua
2504 2052 2765 2117 sumpta,
2780 2046 2905 2103 sine
2921 2046 3269 2107 difficultate

1612 2133 1922 2191 assellavit
1955 2133 2292 2207 aliquoties,
2325 2133 2407 2191 ita
2438 2137 2502 2190 ut
2528 2133 2641 2191 sibi
2677 2135 2979 2192 videretur
3019 2137 3183 2210 quod
3215 2137 3269 2195 ei

1612 2228 1766 2280 esset
1797 2223 2010 2280 melius
2043 2241 2057 2291 ;
2094 2230 2421 2298 antequam
2451 2227 2652 2281 tamen
2702 2239 2921 2299 corpus
2953 2225 3268 2283 medicina

1611 2312 1893 2369 violentia
1921 2313 2304 2379 exhaustum,
2331 2317 2574 2385 sumpto
2606 2312 2741 2370 cibo
2769 2318 2975 2386 posset
3002 2314 3265 2383 reficere,

1610 2400 1773 2458 tebre
1803 2399 1976 2459 solita
2006 2404 2364 2472 recurrente,
2397 2403 2454 2457 in
2484 2401 2605 2458 tata
2643 2402 2965 2459 concessit.
3001 2405 3266 2461 Mortuus

1612 2494 1700 2546 est
1716 2493 1919 2545 autem
1941 2504 2102 2547 anno
2117 2490 2193 2547 ab
2210 2491 2624 2547 incarnatione
2640 2490 2877 2548 Domini
2893 2492 3051 2560 1173,
3066 2506 3103 2548 v
3129 2492 3190 2548 id
3200 2508 3267 2549 us

1609 2577 1778 2650 Julii3
1811 2578 1978 2650 regni
1998 2594 2140 2635 vero
2164 2578 2545 2646 duodecimo,
2577 2592 2785 2635 mense
2808 2581 3020 2654 quinto
3031 2597 3049 2653 ς
3074 2580 3265 2638 aetatis

1608 2681 1753 2724 vero
1798 2668 2096 2724 tricesimo
2126 2672 2357 2724 octavo.
2405 2668 2685 2740 Sepultus
2714 2672 2808 2724 est
2853 2674 3057 2726 autem
3112 2668 3268 2727 inter

1609 2755 2082 2828 praedecessores
2103 2771 2267 2822 suos,
2286 2770 2455 2812 secus
2482 2755 2748 2821 fratrem,
2770 2759 2833 2814 in
2860 2759 3071 2816 eadem
3086 2758 3265 2828 linea,

1607 2850 1746 2901 ante
1768 2845 1967 2901 locum
2011 2845 2301 2904 calvariae
2326 2861 2341 2911 ;
2367 2844 2454 2901 vir
2482 2845 2747 2917 prudens
2772 2851 2828 2902 et
2853 2846 3169 2913 discretus,
3209 2852 3267 2904 et

1608 2932 1684 2988 ad
1714 2933 1882 3004 regni
1913 2931 2323 3006 gubernacula
2351 2948 2601 3008 prorsus
2627 2932 3105 3010 idoneusgcujus
3136 2950 3267 3011 pre-

121 3024 523 3094 ium,singuiis
537 3023 1249 3094 diebusanimosiores,et
1267 3026 1498 3098 plenius
1534 3048 1578 3108 C
1610 3022 1781 3079 cibus
1819 3028 1874 3079 et
1905 3022 2204 3089 instantia,
2237 3027 2405 3094 gesta
2437 3027 2561 3079 tam
2591 3024 3104 3096 predecessorum
3131 3039 3268 3082 suo-

121 3128 216 3169 sns
237 3112 406 3185 quod
420 3128 540 3169 non
557 3112 948 3185 proficeret,et
964 3113 1265 3184 praedictae
1283 3114 1499 3172 nobilis

121 3200 333 3273 ilegati
347 3216 454 3273 pro
471 3216 617 3273 pace
632 3201 1009 3273 impetranda
1021 3201 1311 3260 instarent
1329 3202 1501 3261 vehe-

121 3332 130 3355 ,
159 3297 438 3363 suscepta
459 3295 636 3363 pacta
664 3291 920 3362 pecunia
942 3295 1001 3347 et
1020 3289 1228 3361 viginti
1249 3292 1500 3365 captivis

1609 3127 1675 3167 ru
1686 3128 1764 3177 m,
1784 3127 1970 3185 quam
1988 3126 2119 3178 sua,
2135 3111 2358 3185 scripto
2376 3110 2663 3170 mandare
2676 3115 3109 3186 proposuimus
3120 3127 3267 3188 pras·

1610 3201 1780 3259 senti.

386 3640 876 3765 mcirrr
957 3671 1334 3765 Lissa
1410 3668 2106 3769 VIGESIMUS
2184 3668 2713 3767 ruimus,

388 4034 616 4092 CAPUT
654 4034 948 4096 PRIMUM.

121 4140 151 4196 's
172 4140 449 4211 auspiciis
475 4140 770 4199 Balduim’
790 4141 1014 4216 quarti,
1057 4137 1496 4215 Hierosolymo·

121 4212 239 4284 eois
262 4213 418 4269 sexti
440 4229 455 4279 ,·
478 4212 551 4269 de
572 4213 853 4279 moribus,
876 4221 1050 4273 aetate
1069 4223 1123 4274 et
1139 4216 1343 4287 forma
1370 4225 1496 4271 cor-

121 4407 126 4440 i
176 4387 608 4463 Hierosolymis
640 4390 990 4449 Latinorum
1028 4403 1129 4448 rex
1169 4387 1278 4449 ruit
1307 4389 1499 4449 domi·
1530 4360 1576 4416 D

121 4478 311 4533 [uinus
343 4484 610 4551 quartus,
645 4480 874 4536 domini
904 4479 1207 4548 Amalrici,
1258 4481 1498 4538 illustris

121 4581 152 4622 e
189 4567 370 4637 regis,
449 4568 523 4623 de
573 4583 696 4640 quo
729 4568 1140 4641 praediximus,
1194 4568 1379 4637 filius,
1422 4584 1496 4629 ex

121 4657 435 4723 comitissa,
467 4655 743 4714 ,loscelini
778 4657 1033 4732 junioris
1065 4657 1355 4717 Edessani
1402 4673 1498 4716 co-

121 4742 191 4812 is,
250 4745 422 4816 cujus
473 4761 632 4818 saepe
684 4747 744 4803 ln
790 4747 1201 4819 superioribus
1248 4747 1500 4806 fecimus

121 4845 230 4888 em.
285 4833 466 4896 itanc,
502 4840 563 4889 ut
596 4836 942 4906 praedictum
974 4842 1084 4904 est,
1122 4837 1268 4894 dum
1309 4838 1386 4895 ad
1413 4850 1503 4893 rc-

121 4920 284 4976 ritum
314 4926 371 4977 et
391 4922 523 4993 J'nre
549 4923 928 4982 haereditario
954 4925 1226 4983 debitum
1253 4938 1502 4983 vocare-

122 5006 368 5079 peilente
381 5012 628 5069 domino
642 5013 957 5081 AmalricO,
980 5015 1153 5072 bonas
1173 5016 1502 5087 memorias,

121 5096 548 5170 rosolymorum
572 5101 932 5172 patriarcha,
960 5101 1186 5159 domini
1216 5102 1504 5160 Fulcberii

129 5185 312 5242 ssoris
341 5187 426 5241 sui
459 5188 722 5261 vestigiis
753 5189 1115 5260 inhaerendo‚
1149 5190 1506 5248 coercitione

121 5274 251 5331 itica
267 5278 934 5335 coactusestdimittere.
955 5279 1504 5348 Dicebanturenim,

121 5375 194 5418 ere
215 5363 298 5420 sic
324 5371 467 5438 erat,
494 5367 770 5440 proxima
792 5366 1330 5441 consanguinitatis
1348 5363 1512 5426 linea

121 5465 308 5526 igere,
337 5453 507 5511 sicuti
537 5453 880 5530 diligentius
906 5453 1407 5534 comprehensum
1425 5463 1512 5516 est

147 5539 294 5597 dum
324 5536 401 5598 de
431 5555 617 5614 regno
647 5545 877 5603 domini
902 5541 1180 5605 Amalrici
1210 5542 1274 5604 in
1301 5539 1511 5606 ordine

1605 4039 2018 4094 tractaremus.
2038 4033 2225 4107 Hunc,
2248 4051 2503 4112 puerum
2521 4032 2743 4104 adhuc,
2766 4049 3065 4097 annorum
3095 4032 3264 4098 circi·

1604 4125 1694 4182 ter
1721 4139 1963 4192 novem,
1985 4124 2135 4182 dum
2156 4139 2267 4182 nos
2294 4124 2853 4184 archidiaconatum
2878 4125 3265 4186 administra-

1605 4229 1807 4271 remus
1818 4211 2165 4287 Tyrensem,
2190 4217 2357 4287 pater
2383 4213 2636 4272 multum
2655 4230 2765 4288 pro
2784 4215 2913 4288 ejus
2930 4215 3266 4275 eruditione

1607 4300 1916 4370 sollicitus,
1961 4299 2165 4359 multis
2209 4299 2503 4376 precibus,
2536 4303 2593 4359 et
2624 4303 2733 4362 sub
2784 4304 3033 4363 obtentu
3061 4303 3266 4379 gratias

1607 4406 1750 4457 suae,
1779 4390 1953 4447 nobis
1981 4387 2378 4448 erudiendum
2403 4388 2662 4460 tradidit,
2691 4398 2748 4450 et
2771 4391 3118 4453 liberalibus
3148 4400 3267 4454 stu-

1607 4478 1723 4536 diis
1747 4477 2169 4537 imbuendum.
2193 4483 2466 4553 Dumque
2490 4478 2654 4553 apud
2679 4497 2791 4539 nos
2817 4485 2997 4549 esset,
3027 4483 3150 4541 etei
3177 4484 3268 4542 vi-

1607 4567 1787 4642 gilem
1817 4584 2044 4642 curam,
2077 4570 2373 4643 quantam
2395 4567 2560 4643 regio
2586 4584 2773 4644 puero
2802 4568 3102 4639 convenit,
3136 4575 3265 4628 tum

1585 4654 1668 4714 'in
1694 4673 1933 4715 morum
1962 4656 2301 4731 disciplina,
2330 4660 2455 4714 tum
2475 4655 2809 4715 litterarum
2829 4657 3027 4717 studio
3048 4657 3265 4718 sollici·

1608 4745 1882 4803 tudinem
1897 4744 2404 4819 impenderemus,
2420 4742 2638 4803 accidit
2649 4747 2814 4822 quod
2826 4745 3267 4806 colludentibus

1608 4834 1810 4912 pueris
1839 4833 2133 4892 nobilium
2164 4831 2269 4907 qui
2295 4849 2498 4890 secum
2542 4839 2732 4902 erant,
2764 4837 2821 4891 et
2873 4851 2936 4892 se
2987 4833 3262 4907 invicem,

1611 4928 1676 4982 ut
1697 4940 1830 4981 mos
1857 4929 1946 4980 est
1969 4921 2169 4996 puerIs
2190 4918 2657 4989 lascivientibus,
2691 4921 2995 4997 unguibus
3017 4941 3124 4999 per
3141 4942 3269 4984 ma-

1612 5029 1729 5071 nus
1759 5017 1816 5069 et
1855 5009 2106 5069 brachia
2139 5009 2572 5080 vellicantibus,
2606 5009 2705 5070 alii
2763 5027 3013 5070 sensum
3040 5011 3265 5075 doloris

1614 5099 1981 5159 clamoribus
2000 5097 2447 5171 significabant3
2474 5100 2604 5174 ipse
2634 5103 3019 5178 autemquasi
3045 5099 3270 5161 doloris

1616 5206 1829 5265 expers
1858 5188 2148 5264 patienter
2176 5187 2383 5255 nimis,
2424 5189 2704 5262 quamvis
2734 5191 2787 5247 ei
2817 5191 3102 5249 coaetanei
3137 5190 3269 5266 ejus

1617 5294 1739 5337 non
1761 5281 2095 5354 parcerent,
2118 5275 2535 5352 supportabat.
2561 5279 2680 5335 Hoc
2700 5284 2903 5337 autem
2920 5296 3059 5339 cum
3082 5281 3270 5341 semel

1618 5373 1675 5425 et
1694 5367 1913 5442 soepius
1937 5363 2272 5436 accidisset,
2296 5363 2563 5439 mihique
2578 5368 2917 5427 nuntiatum
2944 5373 3120 5437 esset,
3143 5385 3269 5430 cre-

1618 5455 1745 5515 didi
1773 5455 1961 5531 prius,
1993 5452 2069 5516 de
2091 5453 2302 5516 virtute
2331 5453 2654 5530 pattentiae,
2686 5461 2743 5515 et
2767 5473 2893 5517 non
2921 5475 2994 5516 ex
3023 5457 3273 5520 insensi-

1618 5542 1861 5605 bilitatis
1889 5543 2032 5604 vitto
2060 5541 2425 5619 proceda-03
2456 5555 2802 5621 vocansque
2831 5564 2992 5620 eum,
3020 5561 3274 5623 percun-
