3784 6000
292 205 398 267 827

1400 197 1792 265 GUILLELMI
1830 192 2185 253 TYRENSIS
2224 192 2569 255 ARCHIEP.

3602 199 3708 261 828

293 332 555 390 Octobris
579 331 838 401 initium,
860 329 1143 389 dominus
1161 329 1498 387 willelmus
1522 325 1807 393 marchio,
1839 321 1946 396 qui
1982 320 2029 379 A
2056 318 2347 377 infirmari
2371 337 2384 388 ;
2406 320 2759 395 illaquoque
2782 322 3498 397 nihilominus,languore
3522 328 3711 389 nimio

290 422 744 493 cognominatus
775 427 866 478 est
927 422 1325 491 Longaspata,
1373 418 1530 476 filius
1583 412 1947 473 marchionis

296 509 578 566 Willelmi
593 509 842 565 senioris
868 509 937 563 de
950 507 1630 575 monteferrato,vocatus
1644 520 1682 561 a
1697 501 1946 559 domino

292 615 432 670 rege
452 604 506 655 et
547 597 840 654 universis
871 596 1039 667 regni
1067 595 1459 669 principibus,
1491 601 1612 652 tam
1648 587 1945 650 saeculari-

290 686 406 743 bus
438 701 625 758 quam
654 685 1089 752 ecclesiasticis,
1130 685 1296 758 apud
1317 683 1593 742 Sidonem
1617 678 1902 754 applicuit
1930 692 1945 745 ;

293 775 388 831 cui
412 772 1140 846 infraquadringatadies,
1170 780 1498 846 postquam
1513 770 1775 835 advenit,
1795 782 1949 841 quo-

292 863 447 921 niam
477 877 641 919 anno
671 862 1067 934 praecedente,
1094 862 1243 919 dum
1271 862 1349 918 ad
1380 862 1495 918 hoc
1517 856 1848 933 specialiter
1870 854 1947 910 ci-

291 956 532 1017 taretur,
568 950 628 1006 id
660 967 765 1023 per
811 967 1060 1008 manum
1090 951 1322 1009 domini
1375 949 1534 1021 regis
1585 953 1640 1005 et
1669 945 1949 1003 omnium

289 1041 631 1113 principum
649 1039 1007 1111 juramentis
1037 1040 1424 1113 corporaliter
1444 1037 1718 1112 praestitis
1747 1034 1947 1090 firma-

290 1136 415 1187 tum
451 1129 658 1196 fuerat,
687 1129 968 1186 dominus
1004 1145 1111 1186 rex
1146 1144 1416 1187 sororem
1455 1143 1651 1191 suam,
1700 1128 1847 1183 natu
1883 1136 1945 1177 se

292 1218 574 1292 priorem,
609 1233 858 1275 uxorem
883 1217 1048 1275 dedit
1069 1221 1306 1287 3etcum
1320 1234 1391 1274 ea
1413 1217 1650 1289 Joppen
1695 1219 1753 1271 et
1772 1218 1949 1269 Asca·

293 1306 492 1362 lonem
508 1307 681 1362 urbes
694 1306 1021 1363 maritimas
1038 1323 1177 1363 cum
1199 1306 1568 1379 pertinentiis
1587 1305 1713 1360 suis
1739 1310 1795 1360 et
1813 1301 1948 1359 uni-

291 1411 462 1452 verso
491 1397 795 1460 comitatu,
820 1395 969 1451 sicut
996 1397 1159 1467 prius
1175 1396 1364 1468 pactis
1394 1396 1684 1451 insertum
1729 1392 1944 1463 fuerat,

292 1484 487 1541 eidem
505 1483 752 1541 oontulit
773 1501 788 1546 ς
813 1483 1012 1541 invitis
1026 1489 1227 1541 tamen
1239 1488 1298 1540 et
1323 1484 1525 1555 palam
1538 1483 1949 1540 contradicen-

291 1573 453 1630 tibus
481 1572 1141 1646 quibusdam,quorum
1171 1573 1421 1629 oonsilio
1451 1576 1694 1629 vocatus
1733 1571 1942 1638 suerat,

2056 412 2350 482 correpta,
2379 408 2533 467 inira
2562 425 2784 483 paucos
2812 411 2940 469 dies
2960 413 3148 471 vitam
3179 413 3391 477 finivit.

2694 499 2923 558 CAPUT
2941 504 3074 560 xiv.

2058 585 2260 646 Comes
2290 585 2770 658 Flandrensium,
2793 588 2901 647 diu
2926 598 3324 663 e.cspectatus,
3347 610 3599 667 reanum
3624 597 3713 655 in-

2737 680 3029 752 9reditur.

2128 765 2348 832 Quarto
2401 781 2559 823 anno
2608 771 2775 839 regni
2818 769 3095 841 ejusdem
3145 770 3377 830 domini
3437 774 3715 833 Balduini

2055 854 2274 928 quarti,
2309 870 2513 913 mense
2542 856 2828 925 secundo,
2848 857 3005 916 circa
3030 859 3163 917 Kal.
3196 862 3579 934 Augustales,
3608 865 3715 922 diu

2056 948 2432 1015 exspectatus
2462 944 2773 1019 Philippus
2801 963 3006 1005 comes
3035 948 3514 1020 Flandrensium,
3548 952 3716 1026 apud

2056 1030 2465 1090 Acconensem
2504 1032 2798 1106 applicuit
2824 1035 3128 1094 civitatem
3156 1054 3169 1103 ;
3220 1039 3396 1110 cujus
3449 1040 3717 1099 adventu

2055 1117 2340 1175 dominus
2373 1136 2495 1189 rex,
2522 1122 2625 1197 qui
2671 1120 2749 1179 ab
2788 1125 3080 1182 Ascalone
3112 1126 3621 1201 Hierosolymam,
3655 1129 3717 1187 in

2053 1207 2263 1264 lectica
2284 1207 2477 1265 adhuc
2498 1216 2795 1282 aegrotans
2823 1228 2885 1268 se
2903 1212 3120 1270 fecerat
3150 1215 3386 1283 deferri,
3427 1217 3716 1277 exhilara-

2058 1300 2151 1352 tus
2180 1295 2527 1369 plurimum,
2558 1300 2799 1355 mittens
2813 1298 2888 1357 de
2907 1300 3279 1375 principibus
3300 1305 3423 1362 suis
3453 1306 3719 1364 etEccle-

2056 1384 2284 1441 siarum
2302 1387 2577 1458 praelatis,
2597 1388 2904 1462 multiplici
2919 1391 3054 1447 fecit
3076 1407 3214 1449 cum
3241 1392 3472 1453 honore
3495 1412 3719 1468 proeve-

2057 1471 2202 1529 nire.
2230 1475 2335 1532 Cui
2357 1477 2554 1543 etiam,
2580 1483 2906 1550 postquam
2928 1481 3402 1553 Hierosolymam
3422 1487 3718 1556 pervenit,

2057 1561 2160 1618 ubi
2177 1562 2376 1620 adhuc
2397 1580 2503 1621 rex
2523 1565 2777 1637 graviter
2791 1567 3237 1636 infirmabatur,
3262 1573 3719 1632 communicato

289 1677 413 1718 non
443 1661 590 1717 satis
620 1661 1082 1731 attendentibus,
1131 1662 1420 1735 quoniam
1453 1661 1601 1717 varii
1638 1665 1697 1717 et
1737 1661 1947 1717 incon-
1978 1669 2024 1727 B
2057 1652 2309 1709 consilio
2326 1653 2762 1723 universorum,
2785 1655 3017 1714 domini
3041 1658 3719 1733 videlicetpatriarehoe,

294 1749 508 1806 stantis
533 1749 796 1806 hominis
820 1754 926 1817 est,
950 1750 1238 1807 adversus
1260 1764 1374 1806 sua
1393 1749 1552 1806 facta
1566 1749 1786 1805 venire.
1812 1750 1950 1805 Erat

293 1844 497 1896 autem
553 1839 874 1910 praedictus
927 1838 1195 1895 marchio
1242 1838 1595 1895 adolescens
1668 1837 1949 1895 decenter

292 1942 600 2000 procerus,
634 1926 831 1983 forma
855 1926 1374 1993 commendabilis,
1406 1926 1567 1983 crine
1594 1926 1785 1983 ssavus
1816 1927 1948 1983 ani·

289 2030 495 2071 mosus
523 2014 789 2080 viriliter,
830 2014 1179 2082 iracundus,
1208 2017 1291 2072 ita
1319 2021 1384 2071 ut
1413 2015 1663 2072 modum
1695 2016 1950 2071 excede-

294 2109 381 2161 ret
411 2119 425 2170 ;
453 2102 716 2159 liberalis
772 2104 1101 2176 plurimum
1135 2120 1150 2170 ;
1184 2105 1465 2177 profusus
1504 2111 1725 2173 mente,
1757 2108 1811 2160 et
1844 2105 1951 2178 qul

295 2192 443 2249 nihil
482 2207 753 2264 unquam
782 2193 950 2250 vellet
979 2193 1279 2250 occultare
1305 2193 1593 2265 propositi
1623 2211 1640 2264 ;
1673 2193 1851 2250 talem
1885 2208 1950 2250 se

292 2282 437 2338 foris
451 2282 762 2347 exhibenS,
778 2281 1191 2354 qualemintus
1204 2282 1448 2352 gerebat
1466 2282 1736 2339 animum
1763 2300 1776 2349 ;
1803 2284 1951 2339 mul·

293 2376 418 2427 tum
451 2371 513 2426 in
548 2369 703 2436 cibo,
739 2370 796 2425 in
829 2375 973 2441 potu
1020 2386 1261 2443 quoque
1293 2371 1554 2426 maxime
1583 2370 1944 2442 superfluus,

291 2474 413 2517 non
445 2474 639 2531 usque
677 2466 875 2515 tamen
906 2460 984 2515 ad
1033 2459 1220 2515 animi
1251 2459 1557 2515 laesionem
1591 2475 1606 2525 ;
1639 2475 1948 2516 armorum

295 2562 473 2604 usum
495 2552 551 2603 et
569 2548 993 2618 experientiam
1007 2547 1084 2603 ab
1111 2549 1242 2619 ipsa
1263 2550 1504 2604 ineunte
1525 2552 1693 2604 aetate
1714 2548 1950 2621 plenius

292 2635 605 2692 dicebatur
632 2636 854 2693 habere
882 2653 897 2702 ;
926 2636 1142 2692 nobilis
1172 2636 1505 2692 secundum
1530 2637 1731 2692 saeculi
1757 2636 1950 2707 digni·

290 2729 496 2794 tatem,
524 2725 606 2780 ita
638 2729 702 2779 ut
728 2725 789 2780 in
815 2740 905 2794 eo,
933 2730 1037 2781 aut
1058 2724 1311 2790 nullum,
1337 2731 1441 2781 aut
1469 2725 1845 2781 rarissimum
1863 2726 1951 2782 di-

288 2817 522 2870 ceretur
544 2812 767 2870 habere
797 2828 1028 2886 parem.
1072 2814 1245 2870 Pater
1288 2815 1514 2886 quippe
1544 2814 1675 2885 ejus
1716 2814 1949 2871 domini

291 2902 550 2975 Philippi
585 2905 947 2959 Francorum
984 2903 1140 2973 regis
1171 2903 1503 2960 avunculus
1554 2907 1702 2970 erat,
1739 2903 1947 2960 matris

293 2993 423 3063 ejus
449 2991 945 3059 videlicetl'rater3
979 2997 1169 3049 mater
1187 3008 1324 3049 vero
1351 2992 1504 3064 ejus,
1536 2991 1767 3049 domini
1799 2992 1951 3050 Con·
1982 3026 2026 3082 C

290 3080 442 3147 radi,
470 3080 712 3138 illustris
734 3084 1139 3138 Romanorum
1154 3082 1529 3154 imperatoris
1548 3097 1716 3139 soror
1732 3082 1945 3149 fuerat,

290 3170 523 3227 domini
551 3169 861 3240 Frederici,
887 3173 993 3243 qui
1018 3187 1180 3227 nunc
1210 3177 1343 3241 post
1367 3171 1682 3228 dominum
1708 3171 1948 3243 inclytas

289 3258 712 3316 recordationis
760 3260 1102 3316 conradum
1133 3267 1414 3332 patruum
1466 3276 1665 3331 suum,
1711 3266 1949 3316 strenue

290 3349 632 3404 Romanum
686 3347 1064 3405 administrat
1099 3349 1442 3421 imperium,
1500 3349 1711 3406 amitat
1741 3366 1755 3416 ;
1788 3349 1949 3406 etita

289 3437 597 3510 utriusque
616 3436 854 3493 illorum
869 3437 1183 3494 illustrium
1196 3454 1426 3508 regum,
1445 3438 1571 3510 pari
1592 3438 1787 3508 gradu
1799 3454 1946 3495 con-

288 3526 657 3595 sanguineus
684 3532 811 3582 erat
839 3525 1126 3598 praefatus
1157 3528 1446 3584 marchio.
1483 3530 1667 3583 Ducta
1696 3527 1945 3584 demum

292 3627 491 3680 uxore,
518 3628 658 3670 oum
689 3615 786 3669 vix
838 3615 1028 3671 tribus
1068 3615 1377 3671 mensibus
1426 3631 1565 3671 oum
1619 3632 1690 3672 ea
1739 3616 1947 3674 fuisset

285 3702 879 3775 corporeincolumis,
897 3704 1115 3761 decidit
1128 3705 1185 3759 in
1201 3704 1618 3775 aegritudinem
1639 3703 1944 3762 difficilem

288 3792 498 3857 nimis;
531 3807 654 3864 qua
679 3794 854 3864 quasi
890 3792 1201 3850 mensibus
1229 3793 1472 3849 duobus
1502 3794 1629 3849 sine
1655 3793 1945 3849 intermis-

285 3879 452 3936 sione
499 3880 802 3946 laborans,
854 3882 1124 3953 sequenti
1174 3884 1199 3937 J
1209 3882 1372 3947 anie,
1422 3882 1673 3938 domino
1699 3898 1944 3955 quoque

285 3982 425 4038 rege
437 3969 600 4040 apud
614 3969 879 4026 eamdem
894 3970 1250 4025 Ascalonem
1264 3971 1517 4041 graviter
1526 3970 1939 4040 aegrotante,in

284 4056 409 4114 fata
432 4058 748 4127 concessit,
776 4073 960 4114 uxore
989 4063 1336 4130 praegnante
1352 4059 1554 4115 relicta
1584 4060 1792 4132 ;cujus
1812 4076 1939 4116 cor-

286 4161 401 4218 pus
432 4145 908 4218 Hierosolymam
929 4147 1262 4219 devectum,
1287 4148 1347 4204 in
1363 4148 1656 4206 vestibulo
1673 4149 1941 4205 ecclesias

286 4234 506 4291 domus
528 4234 867 4307 Hospitalis,
887 4235 1246 4291 intrantibus
1265 4236 1339 4293 ad
1364 4237 1596 4304 laevam,
1620 4238 1941 4308 magnifice

287 4322 429 4379 satis
453 4336 559 4393 per
588 4327 859 4379 nostrum
889 4324 1302 4390 ministerium,
1332 4326 1692 4400 tumulatum
1722 4331 1829 4382 est.

357 4411 524 4467 Circa
562 4410 623 4466 id
652 4414 934 4485 temporis
975 4413 1303 4470 Hent'redus
1359 4415 1434 4471 de
1458 4418 1710 4480 Torono,
1739 4416 1941 4485 regius

285 4499 784 4569 constabularius,
819 4501 1136 4559 dominam
1168 4503 1522 4576 Philippum,
1551 4503 1779 4560 domini
1808 4505 1941 4562 Rai-

283 4590 496 4646 mundi
509 4590 833 4647 Antiochiae
845 4592 1130 4664 principis
1142 4593 1348 4659 liliam,
1363 4592 1591 4648 domini
1607 4593 1939 4650 Boamundi

286 4679 457 4745 tertii,
489 4680 595 4752 qui
617 4693 777 4736 nunc
809 4680 1089 4737 eumdem
1121 4682 1269 4752 regit
1307 4681 1804 4753 principatum‚et
1833 4684 1939 4739 do-

287 4768 463 4825 minae
493 4769 685 4826 Mariae
717 4769 1110 4841 imperatricis
1145 4770 1746 4843 constantinopoleos
1771 4788 1938 4829 soro·

280 4872 431 4923 rem,
465 4873 714 4914 uxorem
732 4858 923 4926 duxit,
941 4874 1128 4931 quam
1149 4858 1550 4924 Andronicus,
1567 4859 1799 4917 domini
1827 4863 1938 4919 im-

279 4947 572 5019 peratoris
601 4948 1107 5019 consanguineus,
1140 4948 1305 5019 prius
1328 4964 1569 5005 uxorem
1598 4950 1893 5008 habuerat
1920 4969 1933 5021 ;

280 5034 514 5107 hacque
527 5035 798 5093 dimissat
809 5037 1124 5093 dominam
1134 5036 1764 5106 Theodoram,domini
1779 5041 1936 5112 regis

282 5123 554 5181 Balduini
571 5124 1064 5199 viduam,neptem
1084 5143 1251 5183 suam
1266 5127 1817 5199 impudenternimis
1831 5130 1937 5185 sed

282 5219 337 5270 et
363 5214 664 5286 impudice
689 5230 811 5272 non
841 5215 1062 5284 minue,
1087 5214 1241 5273 clam
1270 5215 1537 5272 abduxit.
1570 5216 1671 5273 Hic
1699 5218 1774 5274 de
1811 5234 1936 5291 quo

281 5302 692 5371 praediximus,
740 5303 1024 5359 dominus
1054 5302 1383 5361 Henfredus
1443 5308 1643 5362 statim
1691 5322 1766 5363 ex
1812 5323 1936 5382 quo

277 5387 438 5448 illam
453 5391 511 5448 in
526 5391 778 5450 domum
805 5392 1066 5450 traduxit
1080 5410 1275 5468 suam,
1295 5393 1940 5469 coepitdesperabiliter

2056 1741 3357 1820 archiepiscoporum,episcoporum,abbatum
3370 1752 3719 1823 etpriorum,

2055 1830 2472 1902 magistrorum
2482 1848 2725 1907 quoque
2744 1836 3057 1908 Hospitalis
3070 1837 3443 1911 etTempli,et
3457 1841 3720 1899 omnium

2057 1918 2400 1992 principum
2421 1919 2732 1991 laicorum,
2765 1922 2977 1982 obtulit
2997 1925 3048 1982 ei
3081 1931 3460 1997 potestatem,
3487 1934 3546 1986 et
3569 1928 3721 1989 libe-

2057 2024 2188 2064 ram
2215 2015 2271 2065 et
2296 2009 2637 2081 generalem
2660 2012 3238 2073 administrationem
3261 2032 3444 2089 super
3462 2034 3723 2090 regnum

2058 2098 2424 2165 universum,
2448 2107 2508 2154 ut
2532 2108 2582 2158 et
2612 2101 2675 2156 in
2695 2117 2847 2172 pace
2866 2109 2920 2160 et
2950 2106 3263 2175 inquerra,
3281 2105 3446 2164 intus
3473 2114 3527 2165 et
3538 2110 3720 2180 foris,

2058 2202 2231 2260 super
2244 2188 2495 2260 majores
2511 2196 2564 2246 et
2582 2190 2835 2247 minores
2848 2192 3090 2260 plenam
3108 2192 3343 2252 liaberet
3352 2195 3725 2266 ,iurisdictio-

2057 2291 2220 2340 nem,·
2242 2282 2298 2332 et
2341 2283 2406 2333 ut
2436 2293 2616 2348 super
2641 2279 2950 2337 thesauros
3000 2285 3053 2338 et
3082 2282 3310 2339 reditus
3339 2285 3514 2356 reqni
3545 2285 3722 2344 libere

2060 2371 2353 2423 eaeerceret
2370 2365 2689 2423 arbitrium
2709 2384 2903 2425 suum.
2923 2368 3405 2439 Quihabitocum
3427 2373 3556 2429 suis
3580 2390 3717 2433 oon·

2059 2454 2210 2521 silio,
2230 2455 2545 2527 respondit
2579 2473 2592 2512 :
2629 2457 2799 2525 Quod
2812 2459 2937 2528 ipse
2956 2475 3076 2516 non
3121 2462 3463 2520 veneratad
3492 2461 3629 2529 hoc,
3658 2469 3721 2519 ut

2057 2548 2399 2613 potestatem
2413 2545 2670 2617 aliquam
2697 2547 3126 2617 accipet-eund
3150 2555 3214 2604 ut
3230 2550 3474 2607 servitio
3485 2566 3721 2609 seman·

2059 2631 2284 2702 ciparet
2312 2632 2535 2700 divino,
2564 2636 2734 2705 cujus
2763 2636 2966 2706 qratia
2994 2643 3269 2704 venerat;
3308 2646 3566 2695 necerat
3596 2642 3719 2711 ejus

2056 2722 2369 2792 propositi,
2390 2722 2549 2794 quod
2579 2723 2767 2780 alicui
2783 2724 3299 2783 administrationi
3327 2728 3719 2800 seobliqaret,

2057 2810 2203 2885 quin
2230 2810 2408 2868 libere
2418 2819 2630 2882 posset,
2649 2827 2781 2868 cum
2796 2828 2928 2870 eum
2951 2830 3062 2871 sua
3095 2823 3432 2873 revocarent
3454 2820 3713 2889 neyotia,

2056 2899 2140 2956 ad
2146 2899 2398 2969 propria
2411 2899 2626 2958 redire.
2640 2901 2758 2959 Sed
2771 2901 3045 2959 dominus
3058 2919 3170 2961 rea:
3181 2905 3243 2961 in
3262 2919 3446 2977 reano
3463 2921 3574 2962 suo
3583 2922 3715 2976 pro·

2058 2994 2396 3046 curatorem
2409 2988 2719 3048 ordinaret
2750 3008 2921 3063 quem
2954 2992 3136 3061 vellet,
3161 3000 3212 3050 et
3243 2995 3388 3063 ipse,
3426 3002 3714 3068 tanquam

2058 3078 2296 3135 domino
2325 3095 2431 3136 suo
2455 3079 2831 3138 Francorum
2859 3082 3095 3152 reyi„ob
3119 3084 3287 3153 reyni
3312 3085 3638 3144 utilitatem
3672 3085 3722 3143 ei

2057 3169 2234 3226 vellet
2263 3168 2518 3226 obedire.
2546 3169 2814 3227 Videntes
2829 3187 2972 3243 ergo
2987 3173 3153 3243 quod
3168 3174 3248 3230 ita
3261 3173 3522 3246 penituS,
3560 3174 3718 3247 quod

2057 3255 2492 3326 obtuleramus,
2527 3265 2821 3329 renueret,
2862 3258 3078 3316 iterum
3102 3277 3208 3332 per
3239 3262 3543 3335 principes
3576 3279 3714 3321 suos

2056 3345 2341 3402 domiuus
2356 3362 2458 3402 rex
2488 3363 2625 3404 eum
2648 3347 2783 3404 fecit
2801 3347 3185 3406 devotissime
3201 3350 3714 3422 rogari,utsaltem

2055 3434 2449 3507 expeditionis
2479 3436 2539 3492 in
2566 3437 2841 3508 proximo
2871 3436 3108 3504 futurae,
3140 3455 3322 3511 quem
3340 3439 3532 3497 multo
3556 3442 3718 3514 prius

2056 3527 2323 3596 tempore
2336 3540 2473 3579 cum
2487 3525 3099 3595 domiuoimperatore
3112 3525 3717 3602 Constantinopolita-

2053 3627 2133 3667 no
2155 3612 2560 3679 ordinaverat,
2584 3622 2643 3668 et
2665 3614 2927 3671 universi
2950 3616 3241 3671 exercitus
3254 3617 3569 3675 Christiani
3592 3617 3716 3676 dux

2053 3699 2228 3756 vellet
2251 3717 2401 3764 esse,
2424 3707 2481 3758 et
2508 3702 2713 3774 praelia
2738 3702 2973 3760 Domini
2998 3711 3207 3761 contra
3236 3706 3546 3779 AEgyptios
3571 3722 3716 3780 pro-

2053 3797 2310 3847 curaret.
2342 3791 2432 3847 Ad
2449 3791 2616 3864 quod
2640 3792 2904 3858 verbum,
2929 3794 3082 3850 sicut
3101 3799 3157 3851 et
3178 3794 3257 3851 ad
3280 3797 3443 3867 prius
3464 3812 3716 3870 respou-

2051 3878 2155 3936 dit.
2189 3877 2506 3937 Constituit
2527 3896 2666 3953 ergo
2681 3882 2964 3939 dominus
2993 3899 3117 3950 rex,
3137 3882 3290 3941 sicut
3314 3886 3552 3956 etprius
3575 3890 3716 3942 anto

2050 3969 2358 4026 introitum
2380 3970 2616 4027 comitis
2635 3971 2874 4038 fecerat,
2906 3972 3075 4042 regni
3105 3974 3547 4031 etexercituum
3574 3990 3715 4048 pro-

2050 4063 2388 4115 curatorem
2409 4059 2727 4117 dominum
2753 4060 3135 4128 Raiualdum‚
3158 4062 3473 4135 quondam
3499 4064 3713 4123 Antio·

2048 4145 2200 4203 chiae
2215 4149 2568 4221 prinoipem,
2589 4150 2780 4207 virum
2807 4150 3156 4223 approbatae
3178 4149 3314 4207 fidei
3333 4156 3391 4208 et
3415 4151 3714 4210 mirabilis

2049 4236 2401 4294 constantiae
2428 4261 2439 4302 ;
2467 4237 2952 4311 qui,sidominus
2973 4256 3074 4296 rex
3093 4240 3152 4295 in
3180 4241 3421 4312 propria
3451 4257 3716 4313 persona

2048 4325 2249 4381 venire
2279 4341 2404 4382 non
2457 4333 2685 4398 posset,
2729 4327 3176 4384 administraret
3225 4330 3394 4400 regni
3445 4332 3710 4401 negotia,

2048 4429 2187 4470 cum
2214 4415 2462 4471 consilio
2496 4421 2694 4472 lamen
2728 4416 2957 4472 domini
2989 4417 3225 4474 comitis
3249 4433 3356 4490 per
3383 4419 3594 4477 omnia
3624 4435 3712 4477 re.-

2047 4506 2579 4577 geretur.Cumque
2593 4506 2706 4560 hoc
2721 4506 2906 4578 ipsum
2921 4505 3158 4562 domino
3172 4507 3362 4563 comiti
3380 4509 3711 4565 nuntiatum

2046 4597 2217 4659 esset,
2233 4592 2574 4666 respondit:
2609 4596 2776 4660 Quod
2799 4610 2918 4651 uon
2939 4593 3474 4653 videbatureitalis
3492 4612 3713 4666 procu-

2045 4688 2217 4738 rator
2237 4682 2604 4740 necessarius
2627 4683 2753 4750 ;sed
2765 4684 2942 4741 talem
2957 4684 3287 4751 ordinaret,
3313 4687 3483 4756 cuius
3495 4692 3549 4744 et
3565 4687 3711 4744 belli

2044 4770 2263 4842 aleria,
2294 4772 2346 4827 si
2362 4773 2611 4830 Deusita
2622 4773 2957 4843 provideret
2987 4780 3041 4830 et
3057 4772 3323 4840 dedecus,
3340 4777 3394 4830 si
3418 4776 3708 4833 Dominus

2042 4860 2461 4931 imputet-etur,
2480 4869 2617 4918 esset
2636 4862 2941 4934 proprium
2955 4882 2975 4928 ;
2993 4872 3045 4921 et
3073 4865 3172 4920 cui
3196 4879 3447 4935 reqnum
3471 4864 3711 4938 AEqypti

2044 4950 2294 5016 cederet,
2324 4951 2375 5008 si
2403 4952 2688 5009 Dominus
2708 4951 2868 5008 illud
2893 4953 2954 5007 in
2972 4960 3232 5009 nostram
3248 4954 3509 5011 traderet
3529 4955 3709 5013 ditio-

2043 5054 2200 5097 nem.
2227 5039 2316 5095 Ad
2338 5039 2452 5097 hoc
2480 5041 2926 5113 respondimus,
2961 5041 3065 5115 qui
3091 5041 3258 5098 missi
3285 5060 3321 5099 a
3342 5059 3481 5113 rege
3507 5044 3711 5103 tuera-

2045 5144 2183 5183 mus
2201 5127 2388 5195 :Quod
2400 5132 2578 5187 talem
2598 5147 2715 5186 non
2728 5137 2924 5200 posset
2937 5132 3209 5189 dominus
3222 5148 3332 5189 rex
3344 5134 3707 5192 constituere

2041 5226 2516 5291 procuratorem,
2546 5220 2663 5276 nisi
2692 5221 2959 5278 eumdem
3010 5237 3202 5293 reqem
3232 5228 3464 5279 crearet
3492 5240 3510 5288 ;
3543 5225 3706 5297 quod

2046 5322 2233 5379 neque
2245 5308 2474 5366 domini
2497 5310 2674 5381 reqis,
2696 5326 2886 5383 neque
2907 5311 3097 5368 nostri
3122 5318 3249 5368 erat
3270 5314 3587 5381 propositi.
3609 5314 3707 5372 His

2049 5394 2134 5453 ita
2146 5413 2210 5454 se
2221 5397 2604 5466 habentibus,
2630 5398 2872 5458 tandem
2885 5400 3463 5473 aperuitevidentius
3482 5403 3706 5461 mentis
