3784 6000
1357 389 1507 432 Anno
1538 390 1747 432 nomm
1788 390 2260 435 ucnxxxlv-Mcxc

1074 552 2573 757 GUILLELMUS

404 879 1399 1048 TYRENSIS
1481 880 3217 1053 ARCHIEPISCOPUS

869 1278 1326 1370 NOTITIA
1401 1281 2764 1373 HISTORICO-LITTERARIA

1098 1459 1368 1531 (Fanum.
1405 1460 1658 1518 simoen.
1691 1459 1837 1518 mea.
1869 1468 1921 1518 ει
1951 1460 2058 1533 ins.
2087 1461 2240 1531 Lat„
2271 1461 2371 1530 111,
2403 1461 2528 1536 170)

1778 1633 1849 1649 -

161 1780 561 1847 Guillelmus,
592 1795 664 1836 ex
694 1780 1104 1838 archidiacono
1132 1781 1294 1853 (nist.
1327 1780 1368 1839 l.
1390 1797 1509 1851 ιιι,
1540 1798 1590 1838 0.
1627 1784 1679 1853 1)
1701 1783 1914 1856 Tyrius
1943 1783 2063 1840 eive
2081 1783 2359 1856 Tyrensis
2389 1783 2461 1841 ab
2482 1798 2635 1840 anno
2665 1782 2803 1838 1174
2834 1780 3301 1855 archiepiscopus
3321 1783 3383 1856 (l.
3424 1800 3519 1855 ιι,

106 1870 149 1905 e.
184 1853 237 1923 9)
268 1853 332 1907 in
370 1851 700 1918 Phoenicia,
732 1854 964 1908 natione
996 1859 1061 1908 ut
1080 1854 1309 1909 videtur
1336 1852 1918 1924 Hierosolyunitanus,
1950 1856 2047 1912 sed
2079 1856 2137 1911 in
2171 1854 2391 1911 scholis
2423 1855 2837 1911 transmarinis
2868 1853 2935 1926 (l,
2965 1869 3083 1924 ιιι,
3116 1871 3166 1911 c.
3196 1856 3251 1926 4)
3276 1854 3522 1913 initalia

108 1925 316 1979 litteras
346 1925 589 1995 egregie
618 1924 860 1980 edoctus
887 1925 960 1980 de
999 1940 1116 1997 quo
1157 1931 1360 1997 praeter
1404 1926 1657 1982 editores
1705 1932 1880 2000 atque
1937 1943 2053 1999 proe
2101 1929 2322 1983 caeteris
2355 1927 2734 1998 Bongarsinm
2780 1926 3181 1983 consulendus
3235 1928 3523 1984 Aubertus

111 1995 326 2051 Hiraeus
356 1995 424 2050 in
457 1996 736 2052 Auctario
767 2012 897 2068 pag.
922 1997 989 2051 61
1023 2012 1147 2067 seq.
1179 1997 1450 2053 editionis
1479 2013 1512 2052 a
1550 2013 1643 2054 me
1679 2002 1911 2055 curatae.
1964 1997 2210 2070 Scripsit
2246 1999 2335 2054 vir
2380 2000 2653 2055 cordatus
2683 2013 2833 2070 opus
2870 1996 3150 2053 eximium
3215 1996 3519 2055 Historiam

114 2069 371 2122 mumius
398 2065 658 2139 partibus
683 2070 1071 2123 transmarinis
1098 2074 1383 2137 cestorum
1411 2085 1445 2124 a
1466 2072 1721 2141 tempore
1748 2085 2156 2127 successorum
2188 2068 2547 2126 Mabumethi
2577 2073 2634 2125 01
2662 2070 2735 2125 ab
2766 2085 2918 2124 anno
2951 2068 3107 2133 1048,
3132 2084 3199 2124 ac
3229 2069 3519 2143 praecipue

118 2138 177 2193 ab
202 2155 366 2195 anno
402 2139 551 2193 1100
570 2154 760 2210 usque
788 2140 862 2195 ad
893 2140 960 2194 A.
998 2140 1158 2207 1184,
1182 2140 1343 2195 libris
1362 2140 1540 2205 ΧΧΙΙῙ,
1573 2143 1668 2197 sed
1703 2157 1955 2213 quorum
1989 2140 2265 2198 ultimum
2304 2143 2398 2197 vix
2435 2141 2772 2197 inchoatum
2805 2140 3062 2210 reliquit.
3097 2140 3387 2197 Laudatur
3442 2140 3517 2197 ab

117 2211 353 2267 Antonio
386 2211 752 2277 Florentino,
781 2210 999 2267 Jacobo
1024 2210 1096 2266 de
1122 2210 1397 2277 Vitriaco,
1432 2210 1608 2268 Paulo
1637 2212 1867 2269 AEmilio
1909 2213 2176 2285 aliisque.
2214 2212 2424 2270 Prodiit
2456 2212 2710 2283 primum
2751 2210 2988 2267 Basileae
3019 2210 3179 2282 1549,
3211 2211 3335 2280 tol„
3363 2213 3520 2283 apud

122 2281 417 2338 nicolaum
450 2280 657 2337 Brillin
703 2297 867 2338 erum
898 2286 956 2338 et
980 2281 1267 2339 Joannem
1307 2282 1650 2356 oporinum,
1679 2285 1871 2341 studio
1901 2283 2050 2340 Phili
2098 2285 2157 2356 pi
2185 2284 2531 2341 Poissenoti.
2571 2282 2788 2339 Deinde
2833 2282 2977 2338 ibid.
3005 2283 3165 2351 1564,
3206 2281 3329 2349 sol..
3362 2284 3518 2355 apud

22 2380 29 2409 :
126 2353 279 2409 tlcnr.
312 2352 505 2421 Petri,
540 2367 656 2424 prae
680 2358 775 2409 1ιο
804 2352 1101 2410 Guillelmi
1127 2353 1279 2421 Vita,
1312 2358 1551 2411 curante
1578 2354 1829 2414 Henrico
1880 2359 2063 2412 Penta
2087 2370 2233 2412 eone
2278 2360 2337 2412 et
2390 2355 2705 2426 subjuncta
2763 2353 2954 2410 Basilii
3003 2355 3242 2411 Joannts
3285 2352 3518 2413 Heroldi

128 2425 569 2482 continuatione
598 2440 786 2497 usque
812 2426 885 2480 ad
920 2440 1137 2481 annum
1172 2425 1331 2493 1521,
1366 2426 1528 2482 libris
1555 2425 1653 2496 Vl,
1685 2427 1786 2499 qui
1814 2428 2080 2484 viderant
2108 2426 2298 2484 lucem
2329 2427 2639 2499 separatim
2669 2425 2815 2481 ibid.
2850 2424 3008 2491 1560,
3034 2424 3131 2482 tol.
3160 2423 3418 2498 Denique
3445 2439 3522 2482 ex

130 2502 379 2553 accurata
412 2497 755 2552 recensione
781 2494 981 2553 Jacobi
1011 2497 1333 2569 Bongarsii,
1366 2498 1428 2554 in
1465 2497 1660 2555 Gestis
1692 2498 1788 2554 Dei
1819 2498 2433 2570 perFrancos,Hanov.
2464 2498 2629 2564 1611,
2660 2497 2784 2565 sol„
2817 2512 2950 2569 pag,
2973 2496 3100 2563 625,
3150 2497 3252 2552 sed
3301 2496 3522 2555 omissa

128 2566 335 2624 ileroldi
368 2568 836 2624 continuatione.
864 2569 1017 2624 idem
1043 2567 1399 2640 Bongarsius
1429 2567 1654 2641 aliquot
1682 2568 1861 2641 hujus
1891 2571 2083 2640 operis
2112 2569 2409 2626 versiones
2429 2568 2684 2626 Gallicas
2715 2568 2926 2624 habere
2945 2572 3271 2624 setestatus
3290 2572 3382 2624 est
3400 2568 3520 2626 ine-

130 2640 281 2707 ditas,
310 2640 395 2696 ab
428 2639 850 2710 interpretibus
880 2639 992 2696 illis
1028 2640 1202 2696 etiam
1235 2640 1625 2703 continuatas.
1657 2649 1712 2696 et
1742 2641 1930 2698 lucem
1953 2642 2097 2697 vidit
2126 2640 2412 2697 Gabrielis
2444 2640 2519 2696 du
2553 2644 2732 2696 Preau
2755 2640 2875 2696 sive
2904 2638 3149 2696 Prateoli
3180 2639 3518 2711 interpreta-

136 2711 215 2779 tio,
243 2713 293 2766 ta
326 2712 646 2766 Franciade
670 2709 967 2779 Orientale,
1004 2710 1188 2767 Paris.
1226 2712 1381 2780 1573,
1415 2711 1537 2781 tol„
1595 2722 1765 2783 atque
1813 2712 2032 2777 Italica,
2085 2712 2340 2785 Josspbo
2391 2712 2697 2784 liorologgi
2753 2711 3067 2781 interprete
3115 2710 3332 2767 Guerra
3360 2725 3519 2768 sacra

36 2810 41 2817 ·
134 2780 308 2839 venet.
348 2782 525 2849 1562,
555 2782 631 2836 4⁰.
665 2788 723 2841 et
750 2781 1063 2839 Thomasio
1092 2782 1353 2855 Baglioni
1384 2788 1622 2839 curante
1650 2783 1852 2839 Venet.
1888 2785 2049 2851 1610,
2086 2786 2145 2839 ⁴⁰
2176 2784 2242 2839 In
2286 2793 2618 2855 temporum
2670 2782 2964 2838 notatione
2999 2781 3347 2855 Euty-chium
3407 2784 3517 2840 du·

132 2869 230 2909 cem
258 2859 567 2920 secutum,
596 2855 947 2940 quandoque
977 2854 1317 2910 hallucinari
1350 2855 1571 2910 notavit
1601 2855 1809 2927 Pagius
1839 2858 1908 2911 ad
1940 2860 2007 2925 A,
2041 2856 2199 2924 1182,
2235 2872 2292 2910 ιι.
2329 2856 2416 2923 11,
2450 2854 2549 2926 qui
2578 2853 2755 2911 etiam
2787 2852 3323 2925 Hierosolymitanis
3352 2854 3506 2924 equi-

130 2928 255 2982 tibus
286 2942 509 2999 parum
544 2941 775 2996 equum
810 2925 989 2981 vmeri
1022 2931 1221 2982 monet
1257 2928 1329 2981 ad
1362 2929 1428 2980 Α.
1462 2927 1624 2996 1155,
1657 2942 1715 2982 ιι.
1744 2926 1801 2981 9.

186 2998 240 3055 ln
270 2997 632 3072 prael'atione
662 2998 734 3053 ad
768 2996 1077 3054 Historiam
1109 2996 1460 3054 Guillelmus
1490 3003 1740 3055 testatur
1767 3014 1830 3056 se
1859 3002 2135 3070 praeterea
2162 3002 2353 3070 roqatu
2382 2998 2530 3069 repis
2575 2995 2842 3053 Almarici
2884 2996 3002 3067 ipso
3048 2994 3281 3052 Arabica
3326 3011 3511 3054 exem-

130 3070 691 3139 pluriaministrante
719 3070 1106 3140 conscripisse
1135 3071 1305 3125 aliam
1338 3071 1631 3125 Historiam
1660 3087 1694 3125 a
1748 3077 1992 3141 tempore
2028 3070 2323 3126 seductoris
2385 3068 2698 3125 mahumeth
2752 3084 2921 3142 usqae
2973 3070 3033 3122 in
3087 3068 3233 3123 hunc
3276 3084 3509 3136 annam,

130 3143 205 3212 qai
226 3148 301 3198 est
332 3141 506 3198 nobis
539 3140 611 3196 ob
639 3142 1024 3197 incarnatione
1050 3140 1270 3197 Domini
1300 3141 1458 3207 1184,
1489 3157 1586 3211 per
1613 3157 1786 3198 annos
1842 3144 2162 3213 quinqmtos
2214 3143 2563 3214 septuaginta
2616 3140 2986 3197 decurrentem
3022 3155 3035 3195 ε
3085 3139 3512 3212 profiteturque

127 3220 389 3270 uectorem
411 3230 475 3268 se
504 3215 755 3267 maxime
774 3217 1018 3268 exutum
1045 3213 1420 3268 venerabilem
1441 3213 1625 3278 Seitb,
1660 3212 1839 3268 tilium
1864 3213 2118 3282 patricii,
2168 3214 2612 3269 Alexandrinum
2664 3211 3048 3285 patriarcham
3100 3210 3268 3267 illum
3325 3211 3516 3284 ipsum

126 3286 537 3415 mse&
546 3286 641 3411 11ἐί
649 3283 945 3439 ἲέὲῗςῗέἔΡ
970 3282 2296 3427 P⁰t³33¹f{123⁰}sszetattt‘x‘osstttmttt.¹25
2325 3284 2513 3413 35:23.
2535 3284 2921 3427 ..fitz-‘mitt‘
2941 3283 3311 3410 ‚²31²''’0⁶.{''¹‘”1²5
3328 3283 3518 3426 ἐέἓΐῗ

924 3395 937 3410 .
995 3396 1010 3420 ,
1081 3397 1094 3410 .
1189 3397 1203 3422 ,
2891 3395 2906 3410 .
3040 3395 3058 3421 ,
3193 3395 3209 3409 .
3499 3395 3517 3423 ,

122 3429 263 3498 eujus
286 3430 594 3499 jacturam
625 3441 928 3499 egerrime
950 3426 1082 3482 terri
1111 3427 1183 3483 ab
1225 3426 1532 3482 historiam
1565 3425 1842 3483 studiosis
1865 3427 1991 3499 jam
2015 3427 2372 3500 Bongarsius
2406 3428 2657 3497 notaxit3
2709 3443 2899 3499 neque
2936 3427 3093 3482 enim
3177 3425 3380 3482 ubium
3428 3431 3521 3483 est

125 3499 259 3569 plora
286 3516 441 3556 eum
471 3497 859 3570 Eutychianis
888 3497 1321 3555 narrationibus
1351 3499 1710 3569 adjunxisse.

176 3574 306 3627 Acta
334 3585 586 3643 quoque
616 3569 825 3696 synodi
864 3569 1267 3625 Lateranensis
1296 3570 1366 3624 A.
1402 3569 1539 3624 1179
1570 3570 1779 3625 babitae
1800 3568 2186 3641 consignavit,
2221 3570 2291 3626 ad
2324 3584 2499 3642 quam
2534 3569 2959 3651 profectum-se
3005 3570 3205 3624 narrat
3260 3567 3361 3624 lib.
3405 3584 3522 3637 ιιι,

122 3656 221 3712 cap.
264 3645 365 3708 26,
402 3642 609 3712 cnjus,
672 3640 862 3712 nquit,
908 3641 1103 3713 siquis
1128 3646 1340 3697 stolata
1367 3646 1418 3697 et
1446 3642 1824 3712 episcoporum
1852 3643 2098 3710 nomina,
2119 3657 2419 3698 numeram
2464 3646 2517 3696 et
2570 3641 2760 3696 titulos
2800 3654 2942 3696 scire
2969 3638 3258 3705 desiderat,
3308 3638 3526 3710 relevat

122 3713 367 3793 sciptum
385 3713 543 3787 quod
572 3728 670 3769 nos
692 3713 768 3768 ad
795 3727 978 3783 preces
1032 3718 1345 3769 sanctorum
1374 3713 1620 3773 Petrum.
1645 3715 1742 3785 qui
1768 3714 1944 3769 eidem
1974 3715 2179 3785 synodo
2218 3715 2596 3786 interfuerunt
2638 3714 2966 3784 conjecimus
3026 3710 3354 3779 diliqenter:
3381 3709 3525 3782 quod

120 3801 169 3837 ιιι
190 3787 413 3843 archivo
444 3786 709 3857 Tyrmis
738 3784 996 3841 Ecclesia*
1022 3785 1171 3841 inter
1197 3791 1425 3843 caeteros
1451 3799 1587 3858 quos
1613 3786 1795 3842 eidem
1821 3785 2153 3841 comminius
2182 3785 2429 3842 Ecclesiae
2459 3784 2626 3841 libros
2670 3783 2932 3854 iussimus
2980 3780 3257 3838 collocari.
3333 3781 3522 3839 Etiam

124 3855 221 3913 hec
256 3858 445 3916 bodie
479 3856 914 3913 desideramus.

1298 4103 1766 4193 NOTITIA
1843 4103 2326 4195 ALTERA·

176 4280 489 4354 [scanne
524 4281 689 4340 Gala
716 4279 818 4339 Dei
840 4298 946 4355 per
966 4282 1222 4352 Francos,
1251 4284 1383 4353 sive,
1408 4281 1783 4340 Orientalium
1808 4283 2217 4355 expeditionum
2247 4289 2300 4341 et
2347 4284 2505 4354 renni
2533 4284 2870 4343 Francorum
2917 4281 3404 4362 Hierosolymitani
3422 4285 3516 4346 m-

694 4356 894 4422 storia,
916 4358 1024 4412 etc.
1053 4370 1069 4423 ς
1102 4353 1391 4424 Hanoviae,
1419 4354 1578 4428 typis
1606 4353 2016 4417 Wechelianis.
2050 4356 2209 4428 1611,
2239 4356 2300 4413 in
2330 4356 2431 4413 101.
2458 4373 2472 4426 ;
2504 4358 2698 4431 Praet'„
2728 4372 2788 4416 n.
2819 4359 2943 4430 XI.)

176 4598 190 4613 .
228 4597 244 4612 .
282 4596 299 4613 .
330 4555 626 4629 Sequitur
654 4554 831 4612 totius
861 4555 1117 4613 historio
1137 4556 1433 4629 princeps.
1463 4553 1729 4611 doctrina
1758 4570 1874 4611 non
1901 4554 2413 4629 vulgari,etsupra
2437 4555 2715 4614 saecnlum
2738 4557 2884 4614 illud
2918 4573 3168 4629 amoena,
3216 4556 3516 4631 experien-

120 4624 383 4695 tiararia,
411 4636 567 4685 etex
595 4626 687 4695 iis,
715 4628 835 4683 acri
854 4627 1077 4699 judicio
1105 4644 1211 4698 vir,
1261 4638 1660 4699 quantumque
1707 4626 1974 4696 judicare
2007 4632 2161 4696 licet,
2205 4629 2326 4685 vita
2346 4637 2402 4685 et
2458 4628 2690 4700 ingenio
2739 4628 2980 4702 probus,
3032 4630 3287 4685 dictione
3339 4628 3513 4686 etiam

116 4703 329 4772 elegans
360 4705 429 4756 et
458 4698 677 4771 gravis,
704 4697 1050 4756 Guillelmus
1076 4699 1349 4772 Tyrensis
1385 4699 1884 4770 archiepiscopus.
1919 4698 2001 4755 De
2032 4701 2372 4771 parentibus
2393 4701 2521 4771 ejus
2550 4705 2608 4757 et
2637 4701 2824 4773 prima
2872 4701 3095 4773 origine
3126 4698 3273 4757 nihil
3329 4698 3515 4757 babeo

114 4767 305 4828 dicere.
332 4771 459 4828 See
490 4768 641 4843 quid
662 4768 891 4827 Gallum
924 4771 1058 4828 facit
1088 4769 1522 4828 BalduinnsJC.
1555 4775 1614 4826 et
1635 4769 1735 4843 qui
1767 4770 2111 4841 parentibus
2131 4770 2438 4828 Germanis
2460 4775 2652 4828 ortum
2685 4779 2886 4828 auctor
2906 4771 3046 4827 Vitae
3092 4771 3241 4842 ejus,
3265 4770 3515 4843 praetixae

116 4843 337 4900 editioni
366 4842 653 4900 “cundo
684 4840 1139 4915 Basiliensiquae
1158 4848 1246 4899 est
1267 4841 1496 4900 Henrici
1537 4840 1932 4908 Pantaleonis,
1964 4842 2124 4899 nullo
2176 4845 2333 4915 quod
2386 4846 2588 4908 sciam,
2645 4847 2986 4914 argumento
3044 4843 3329 4912 nituntur,
3379 4843 3513 4900 nisi·

114 4915 253 4984 qnod
280 4914 529 4986 qnidam
562 4918 702 4970 sunt
728 4919 848 4971 tam
878 4913 1054 4972 stulte
1082 4920 1347 4972 amantes
1377 4913 1595 4988 patrie,
1621 4918 1685 4969 ut
1705 4928 1774 4971 eo
1794 4912 1965 4970 licere
1997 4919 2201 4985 putent
2230 4930 2487 4971 asserere
2516 4914 2625 4970 sibi
2647 4930 2771 4984 quoe
2803 4915 3020 4986 ubique
3041 4912 3331 4970 habentur
3348 4929 3516 4988 egre—

112 4999 217 5056 gu.
248 4985 403 5056 lpse,
428 4985 627 5057 operis
654 4990 713 5042 et
743 4984 825 5043 lib
858 5000 997 5042 xxm
1029 4986 1383 5056 prefatione,
1407 5001 1538 5042 cum
1568 4988 1769 5057 patriae
1812 5000 2058 5041 amorem
2105 4987 2311 5042 natalis
2363 4988 2467 5041 soli
2511 4986 2876 5051 dulcedinem,
2921 4990 2979 5040 ct
3032 4984 3229 5057 patriae
3272 4986 3515 5044 calami·

114 5062 277 5114 tatem
294 5063 361 5115 et
378 5056 657 5114 miserias
684 5056 849 5126 dicit,
878 5060 1056 5127 (certe
1082 5058 1308 5129 Syriam
1353 5057 1514 5126 dicit,
1547 5061 1605 5112 et
1632 5059 1702 5112 de
1731 5073 1846 5129 quo
1867 5057 1990 5127 agit
2021 5055 2604 5129 Hierosolytnitanuin
2638 5072 2899 5128 regnum.
2927 5057 3072 5114 Nam
3106 5056 3351 5115 utillius
3369 5057 3511 5114 Vitas

116 5131 319 5186 sectori
348 5129 747 5186 concedamus
778 5128 937 5201 quod
965 5144 1166 5186 verum
1197 5135 1310 5196 est,
1337 5128 1631 5200 duplicem
1663 5143 1792 5186 csse
1824 5130 2096 5198 patriam,
2130 5145 2242 5184 non
2279 5134 2465 5198 potest
2494 5128 2682 5186 natale
2712 5128 2897 5185 solum
2949 5130 3160 5200 duplex
3207 5144 3334 5185 esse
3382 5129 3511 5198 (lib.

116 5215 217 5266 ιιι,
246 5217 370 5273 cap.
406 5202 449 5257 4
476 5243 491 5257 .
520 5200 774 5258 Nondum
799 5199 869 5258 de
893 5199 1092 5258 scholis
1119 5201 1491 5267 redieramus,·
1518 5201 1610 5258 sed
1628 5203 1785 5256 trans
1811 5215 1968 5254 mare
1995 5199 2178 5256 adhuc
2205 5201 2355 5257 circa
2388 5201 2699 5259 liberalium
2727 5201 2939 5258 artium
2968 5200 3359 5258 detinebamur
3409 5209 3516 5256 stu·

116 5271 217 5328 dia.
248 5271 401 5346 Ergo
474 5288 639 5346 yrus.
672 5271 892 5330 Diserte
912 5277 1108 5330 autem
1131 5278 1351 5331 veteres
1383 5272 1635 5328 historiae
1665 5269 1919 5338 Gallicae,
1952 5288 2077 5341 quae
2105 5271 2255 5327 hanc
2287 5274 2471 5344 ipsam
2503 5272 2797 5329 Guillelmi
2865 5279 3162 5344 exponunt
3217 5276 3274 5329 et
3323 5285 3517 5342 prose·

186 5350 383 5413 antor,
419 5353 626 5400 natum
666 5342 1087 5417 Hierosolymis
1112 5345 1343 5414 dicunt;
1366 5348 1427 5402 et
1448 5345 1619 5400 trater
1648 5343 1978 5415 Stephanus
2001 5343 2397 5416 Lusignanus,
2429 5346 2681 5417 scriptor
2700 5343 2969 5400 Historias
2997 5343 3240 5416 Cypriae,
3265 5341 3518 5415 Cyprius

116 5357 256 5544 ἓξ,
280 5432 419 5472 eum
456 5417 1082 5489 rerertpropinquitate
1117 5416 1378 5488 attigisse
1396 5415 1556 5488 regni
1587 5413 2101 5486 Hierosolymitani
2129 5417 2436 5487 principes,
2486 5415 2679 5473 nescio
2700 5431 2818 5489 quo
2860 5419 3115 5473 auctore.
3155 5416 3221 5471 In
3268 5415 3519 5486 pueritia

204 5487 219 5498 '
275 5487 674 5560 patriarcham
705 5485 1137 5548 Antiochenam
1154 5488 1527 5560 Radulpbum
1560 5486 1644 5558 (lil
1675 5503 1767 5556 av,
1798 5485 1991 5556 e.17),
2020 5485 2079 5542 id
2111 5490 2224 5558 eet,
2256 5486 2374 5545 nisi
2395 5487 2586 5558 fallor,
2617 5487 2776 5544 circa
2819 5502 3043 5544 annum
3085 5485 3321 5544 Domini
3351 5486 3514 5544 1140.

122 5555 249 5618 flam
274 5560 601 5620 divortium
620 5559 778 5619 inter
804 5560 1166 5618 amalricum
1186 5575 1379 5633 regem
1400 5563 1458 5618 et
1485 5562 1771 5631 agnetem
1800 5557 2157 5615 Edessanam
2185 5558 2604 5631 celebraretur,
2638 5558 2699 5616 in
2730 5557 2951 5617 scholis
2980 5557 3209 5633 agebat,
3239 5563 3348 5618 etc.
3371 5557 3520 5632 (loco

422 5659 701 5723 Panos.
746 5658 917 5726 CCL'
3155 5657 3194 5718 'l
