3784 6000
286 196 425 254 1163

1035 314 1188 370 Lxx.

1728 185 1914 244 LUCII
1951 185 2023 251 lu
2061 182 2270 249 PAPAE

1965 326 2011 383 Α
2048 310 2221 368 vobis
2247 318 2305 368 et
2342 311 2707 369 animalibus
2748 308 2953 366 vestris
2983 308 3321 392 necessaria
3369 322 3476 382 per
3507 314 3701 369 totum

3561 184 3700 247 11⁶⁶

285 423 635 484 Monosterii
672 422 728 478 S.
767 421 975 480 Μανία
1005 420 1499 491 Baumqartensis
1535 417 1936 490 patrocinium
2047 392 2409 458 bannumde
2424 398 2885 457 domUOJUVino
2915 402 2971 455 0⁸
2999 397 3075 454 ‘10
3092 399 3530 470 Magnumullffl’
3550 404 3612 457 θῑ
3630 399 3705 457 <10

536 493 776 565 suscipit
805 501 861 550 et
891 493 1044 549 bona
1059 495 1328 564 juraque
1347 491 1684 560 confirmat.

825 613 1095 686 (velletri,
1131 612 1266 670 Dec.
1290 613 1406 685 21.)

532 741 913 814 [Senoernum
946 737 1144 794 Alsat.
1175 736 1448 806 diplom„
1477 737 1517 806 1,
1550 732 1705 808 276]

310 854 316 859 ’
367 851 563 906 Lucius
601 846 942 919 episcopus,
976 860 1186 901 servus
1219 858 1533 900 servorum
1562 841 1685 908 Dei,
1712 839 1944 898 dilectis

298 938 438 995 filiis
479 940 868 994 Consum-mo
914 932 1121 990 abbati
1165 933 1511 989 monasterii
1549 932 1606 988 S.
1639 930 1826 988 Marias
1869 931 1947 986 de

298 1028 544 1100 Borgar,
575 1025 826 1097 ejusque
864 1021 1146 1079 fratribus
1182 1028 1303 1078 tam
1337 1021 1730 1094 praesentibus
1758 1035 1946 1093 quam

299 1116 514 1173 futuris
541 1112 880 1184 regularem
924 1118 1104 1167 vitani
1132 1110 1444 1183 professis,
1474 1111 1534 1165 in
1564 1116 1945 1182 perpetuum.

370 1205 730 1275 Religiosam
742 1204 925 1258 vitam
947 1199 1301 1272 eligentibus
1316 1198 1715 1272 apostolicum
1737 1212 1941 1254 conve·

301 1295 390 1353 nit
418 1294 628 1351 adesse
650 1291 1021 1364 praesidium,
1044 1305 1119 1345 ne
1142 1289 1291 1345 forte
1319 1287 1638 1359 cujuslibet
1658 1288 1950 1345 temerita-

301 1385 375 1443 tis
394 1384 674 1440 incursus
701 1386 807 1436 aut
825 1395 929 1435 eos
951 1395 987 1434 a
1014 1380 1319 1451 proposito
1344 1384 1597 1443 revocet,
1621 1383 1723 1433 aut
1740 1378 1947 1445 robur,

303 1473 469 1548 quod
499 1469 655 1528 absit
682 1469 696 1524 l
726 1484 907 1524 sacrae
939 1467 1244 1537 religionis
1270 1466 1573 1536 infringat.
1605 1469 1948 1539 Eapropter,

300 1561 499 1619 dilecti
525 1560 584 1615 in
599 1559 852 1615 Domino
871 1555 993 1624 filii,
1021 1555 1232 1612 vestris
1245 1556 1426 1627 justis
1450 1554 1952 1628 postulationibus

303 1652 623 1708 clementer
677 1648 1006 1704 annuimus
1061 1656 1116 1701 et
1152 1645 1468 1717 praefatum
1520 1645 1952 1702 monasterium
1987 1683 2032 1740 Β

302 1742 495 1797 beatae
525 1738 628 1794 Dei
652 1736 953 1807 genitricis
984 1749 1340 1808 semperque
1374 1733 1619 1805 virginis
1645 1736 1860 1801 Mariae,
1892 1735 1954 1792 in

303 1845 425 1903 quo
454 1827 659 1884 divino
685 1825 826 1880 estis
846 1824 1133 1895 obsequio
1157 1822 1510 1894 mancipati,
1532 1823 1646 1878 sub
1676 1822 1838 1880 beati
1856 1827 1954 1880 Pe-

305 1919 377 1975 tri
412 1922 469 1973 et
503 1922 709 1972 nostra
738 1915 1102 1986 protectione
1151 1911 1514 1984 suscipimus
1552 1917 1609 1969 et
1648 1915 1957 1984 praesentis

306 2005 508 2077 scripti
519 2003 830 2076 privilegio
847 2016 1047 2057 comm
1057 2001 1218 2055 unim
1229 2016 1316 2056 us.
1331 1999 1635 2070 Imprimis
1658 2001 1958 2074 siquidem

307 2099 653 2156 statuentes.
665 2098 727 2147 ut
739 2090 889 2147 ordo
904 2089 1404 2162 monasticus,qui
1417 2090 1642 2146 secund
1653 2106 1752 2146 um
1767 2091 1955 2147 Deum

306 2188 364 2240 et
383 2182 498 2239 eati
528 2181 830 2237 Benedicti
852 2179 1141 2249 Regulam
1166 2180 1392 2251 Batque
1416 2178 1846 2236 institutionem
1869 2178 1958 2236 Ci-

307 2270 713 2328 sterciensium
724 2268 967 2325 fratrum
980 2269 1040 2322 in
1053 2268 1256 2323 eodem
1277 2270 1632 2322 monasterio
1648 2269 1958 2324 institutus

307 2377 436 2417 esse
466 2359 858 2430 dignoscitur,
901 2356 1201 2431 perpetuis
1224 2356 1449 2411 ibidem
1477 2358 1848 2429 temporibus
1866 2358 1961 2414 in-

308 2447 661 2506 violabiliter
685 2447 1052 2502 observetur.
1086 2449 1373 2502 Praeterea
1399 2460 1795 2518 quascunque
1822 2462 1962 2520 pos-

307 2540 626 2602 sessiones,
649 2549 1027 2607 quaecunque
1055 2535 1216 2590 bona
1241 2534 1401 2590 idem
1432 2538 1868 2592 monasterium
1897 2538 1958 2593 in

311 2625 770 2698 praesentiarum
783 2625 940 2694 juste
961 2630 1018 2678 et
1041 2625 1331 2679 canonice
1351 2624 1639 2695 possidet,
1659 2631 1761 2681 aut
1785 2625 1846 2681 in
1871 2624 1961 2682 fu·

313 2721 513 2772 turum
561 2713 948 2770 concessione
993 2711 1367 2783 pontificum,
1395 2711 1708 2783 largitione
1748 2729 1958 2785 regum

314 2804 406 2861 vel
434 2802 793 2875 principum,
826 2800 1131 2856 oblatione
1173 2800 1441 2856 fidelium
1490 2818 1597 2855 seu
1627 2801 1760 2858 aliis
1784 2803 1962 2875 justis

311 2892 535 2958 modis,
567 2893 888 2964 praestante
924 2889 1197 2958 Domin0,
1231 2888 1445 2960 poterit
1491 2889 1760 2962 adipisci,
1786 2893 1963 2949 firma

314 2982 488 3041 vobis
534 2980 867 3052 vestrisque
907 2977 1354 3034 successoribus
1382 2983 1439 3034 et
1474 2978 1702 3036 illibata
1729 2996 1963 3053 perma-

310 3076 514 3129 neant.
534 3075 600 3127 ln
612 3070 834 3143 quibus
855 3069 983 3125 haec
1000 3067 1256 3141 propriis
1270 3067 1557 3124 duximus
1569 3071 1962 3141 exprimenda

311 3159 620 3218 vocabulis
653 3175 667 3214 ε

384 3251 601 3305 Locum
624 3247 826 3319 ipsum
848 3247 907 3302 in
935 3262 1057 3319 quo
1071 3248 1390 3319 praet'atum
1420 3249 1854 3307 monasterium
1875 3252 1961 3308 si-

315 3343 440 3396 tum
483 3344 589 3401 est,
627 3352 767 3391 cum
805 3336 1089 3392 omnibus
1135 3336 1508 3407 pertinentiis
1555 3340 1677 3393 suis
1722 3343 1783 3394 et
1818 3355 1958 3397 cum

312 3426 614 3499 adjacenti
628 3426 882 3496 grangia
911 3424 986 3481 de
1007 3423 1288 3495 Bongart,
1318 3430 1378 3481 et
1403 3427 1707 3500 quidquid
1726 3429 1959 3488 habetis

311 3518 377 3576 in
405 3514 611 3571 fundis
655 3522 942 3571 terrarum
975 3529 1080 3569 seu
1109 3515 1373 3586 pasturis
1404 3517 1779 3583 animalium,
1808 3521 1960 3576 sicut

309 3604 370 3661 in
399 3604 679 3675 legitimis
701 3602 1114 3658 instrumentis
1129 3602 1519 3673 Tullensium‚
1542 3604 1765 3664 scilicet
1784 3613 1841 3663 et
1859 3610 1960 3664 Ar·

308 3693 740 3767 gentinensium
753 3694 1154 3765 episcoporum
1168 3694 1399 3749 etdueis
1409 3694 1805 3766 Lotbaringiae
1816 3698 1960 3755 Mat-

313 3785 443 3839 thaei
470 3782 646 3839 iactis
675 3781 890 3837 exinde
924 3783 1275 3839 continetur.
1307 3783 1609 3857 Quidquid
1639 3788 1817 3842 etiam
1848 3787 1960 3843 ha-

307 3872 460 3929 betis
488 3873 548 3928 iu
580 3870 790 3942 vineis,
814 3870 982 3927 terris
1011 3876 1069 3927 et
1099 3873 1324 3927 caeteris
1351 3873 1532 3929 rebus
1552 3877 1717 3946 apud
1751 3875 1953 3933 villam

308 3963 384 4020 de
413 3962 616 4034 Aphec
643 3967 697 4017 et
720 3961 782 4015 in
811 3961 1165 4031 adjacentiis
1190 3961 1340 4032 ejus,
1369 3962 1688 4035 grangiam
1708 3980 1957 4038 quoque

315 4056 572 4109 vestram
598 4050 673 4105 de
703 4049 1074 4105 Anisseheim
1104 4065 1244 4105 cum
1268 4052 1551 4108 omnibus
1580 4054 1958 4125 pertinentiis

309 4141 456 4206 suis,
479 4139 927 4210 eleemosynam
966 4137 1249 4194 Waltredi
1276 4139 1353 4195 de
1382 4141 1782 4200 Bixossebeim
1805 4147 1961 4205 sicut

307 4244 443 4286 eam
472 4243 578 4299 per
607 4242 855 4282 manum
893 4228 1340 4296 Argentinensis
1377 4229 1650 4303 episcopi
1685 4233 1950 4293 eeclesias

308 4323 516 4373 vestiae
549 4314 798 4371 contulit
834 4316 894 4370 in
919 4316 1129 4385 vineis,
1159 4319 1350 4384 terris,
1382 4319 1590 4390 pratis,
1622 4322 1822 4389 curiis,
1853 4326 1964 4382 do-

307 4405 530 4470 mibus,
553 4404 779 4460 mansis
804 4410 861 4459 et
889 4404 1234 4461 molendino
1264 4410 1428 4479 apud
1458 4408 1870 4470 Bixosseheim
1904 4420 1962 4473 et

305 4496 364 4552 in
399 4493 889 4565 Engresseheinm
935 4497 996 4550 et
1030 4496 1254 4551 caeteris
1304 4496 1469 4554 locis.
1504 4499 1828 4572 Grangiam
1881 4504 1960 4564 de

310 4583 394 4640 Ba
402 4581 755 4640 udenebeim
778 4582 1211 4639 cumomnibus
1221 4586 1595 4658 appendiciis
1610 4590 1759 4646 suis.
1775 4592 1961 4650 Usua-

304 4674 394 4730 ria
417 4688 660 4746 quoque
689 4687 1006 4728 nemorum
1028 4677 1085 4729 et
1115 4681 1528 4746 pasturarum,
1560 4679 1639 4734 ad
1669 4682 1957 4753 proprios

308 4762 644 4819 videlieetet
656 4761 930 4817 omnium
950 4762 1304 4819 animalium
1329 4772 1662 4824 vestrorum
1677 4784 1853 4827 neces
1866 4787 1959 4829 sa·

306 4854 426 4908 rios
456 4868 618 4907 usus.
635 4851 957 4920 Grangiam
977 4851 1052 4907 de
1082 4852 1264 4910 Fossa
1285 4853 1436 4912 sicut
1455 4870 1492 4912 a
1507 4854 1661 4915 duce
1681 4860 1959 4921 Matthoeo

306 4940 700 5009 Lotharingiae
725 4949 780 4995 et
801 4943 1062 5014 symone
1091 4942 1167 4997 de
1198 4942 1434 5001 Parreia
1459 4946 1629 5003 vobis
1653 4947 1873 5006 collata
1899 4957 1959 5010 et

306 5033 531 5085 caeteris
571 5028 836 5086 terminis
866 5028 1118 5087 limitata
1141 5037 1227 5087 est
1254 5047 1270 5099 ;
1297 5040 1578 5105 pasturas
1604 5052 1848 5111 quoque
1876 5040 1956 5097 ad

306 5120 579 5175 omnium
637 5117 989 5175 animalium
1034 5126 1368 5178 vestrorum
1415 5137 1655 5194 genera.
1707 5127 1957 5187 Usuaria

306 5208 489 5266 etiam
508 5223 826 5265 nemorum
854 5209 932 5265 ad
961 5224 1173 5266 omnes
1208 5227 1353 5267 usus
1372 5221 1600 5270 vestros
1628 5230 1735 5288 per
1766 5221 1953 5275 totam

306 5304 527 5355 terram
573 5298 773 5364 castri,
815 5299 978 5370 quod
1020 5298 1233 5356 dicitur
1262 5302 1597 5375 spiceberg.
1629 5305 1951 5377 Grangiam

305 5387 382 5443 de
411 5387 862 5444 Fresonevillari
876 5403 1016 5444 cum
1046 5390 1330 5447 omnibus
1359 5393 1729 5465 pertinentiis
1756 5403 1815 5453 et
1845 5412 1952 5471 ap-

305 5476 597 5545 pendiciis
635 5477 780 5533 suis.
809 5476 1094 5537 Pasturas
1117 5493 1360 5556 quoque
1386 5488 1446 5540 et
1473 5483 1677 5544 omnia
1697 5486 1949 5546 usuaria

2051 489 2226 546 Wios.
2243 489 2397 548 Sane
2422 490 2701 546 laborum
2726 494 3079 554 vestrorum,
3106 502 3263 560 quos
3290 489 3552 561 propriis
3582 505 3709 546 ma-

2050 579 2229 635 nibus
2264 584 2368 636 aut
2413 579 2754 651 sumptibus
2794 577 3004 642 colitis,
3039 579 3161 633 sive
3207 576 3284 634 de
3323 578 3709 636 nutrimentis

2053 674 2387 753 vestrorum
2419 665 2777 724 animalium
2804 665 3007 722 nullus
3022 665 3270 723 omnino
3298 681 3336 724 a
3355 665 3525 724 vobis
3546 667 3712 726 deei-

2054 771 2187 813 mas
2205 763 2535 830 praesumat
2553 756 2813 828 exigere.
2837 754 3038 811 Liceat
3056 755 3237 812 etiam
3257 754 3434 813 vobis
3455 754 3710 815 clericos

2057 845 2150 913 vel
2171 845 2358 903 laicos
2384 847 2652 903 esaeculo
2663 846 2958 915 fugientes
2978 843 3198 900 liberos
3213 849 3272 902 et
3287 844 3604 903 absolutos
3634 847 3712 905 ad

2056 949 2170 1003 con
2177 937 2513 992 versionem
2525 935 2866 1007 recipere.et
2875 948 2979 990 eos
2994 934 3227 1007 absque
3237 934 3716 993 contradictione

2058 1023 2262 1097 aliqua
2286 1026 2559 1082 retinere.
2599 1021 2990 1080 prohibemus
3019 1024 3291 1096 insuper,
3325 1029 3389 1079 nt
3417 1023 3570 1081 nulli
3598 1025 3715 1082 tra-

2059 1118 2220 1171 trum
2263 1119 2604 1171 vestrorum
2655 1117 2793 1184 post
2817 1113 3038 1169 iactam
3086 1111 3150 1168 in
3191 1127 3265 1169 eo
3301 1112 3438 1169 loco
3476 1115 3714 1184 proies-

2062 1205 2294 1261 sionem
2326 1203 2417 1259 fas
2457 1203 2531 1259 sit
2558 1202 2639 1258 de
2675 1201 2888 1258 eodem
2940 1201 3174 1273 absque
3204 1199 3443 1258 lieentia
3473 1201 3717 1260 abbatis

2062 1295 2156 1349 sui
2193 1292 2542 1360 diseedere;
2572 1290 2979 1347 discedentem
3008 1305 3147 1346 vero
3173 1289 3404 1363 absque
3444 1305 3719 1349 commu-

2061 1383 2233 1439 nium
2264 1382 2595 1439 litterarum
2627 1381 2905 1437 cautione
2946 1379 3147 1435 nullus
3187 1378 3411 1438 audeat
3438 1380 3720 1440 retinere.

2062 1475 2195 1529 Paci
2218 1486 2462 1545 quoque
2484 1476 2543 1526 et
2568 1468 2974 1542 tranquillitati
2996 1474 3206 1525 vesu-m
3228 1473 3479 1540 paterna
3504 1469 3717 1527 volen-

2064 1569 2151 1627 tes
2214 1559 2608 1618 sollicitudine
2674 1557 3005 1631 providere,
3060 1558 3412 1615 auctoritate
3473 1563 3720 1630 aposto-

2063 1636 2180 1719 lica
2239 1650 2657 1722 probibemus,
2721 1651 2785 1704 ut
2842 1645 3002 1703 infra
3066 1644 3375 1703 clausuras
3441 1645 3719 1705 locorum

2065 1754 2170 1796 seu
2200 1738 2590 1810 grangiarum
2631 1741 2965 1793 vestrarum
3006 1734 3206 1791 nullus
3248 1734 3601 1793 violentiam
3632 1736 3720 1793 vel

2064 1814 2343 1900 rapinam
2365 1842 2473 1882 seu
2496 1826 2720 1882 turtum
2737 1823 3130 1890 committere,
3156 1821 3360 1894 ignem
3383 1839 3717 1898 apponere,

2065 1918 2375 1975 bominem
2406 1930 2622 1988 capere
2655 1913 2749 1970 vel
2779 1913 3107 1970 interficere
3142 1913 3345 1987 aliqua
3382 1915 3720 1972 temeritate

2066 2012 2419 2081 proesumat.
2460 2004 2518 2060 Si
2564 2019 2702 2060 vero
2730 2001 3074 2076 episcopus,
3115 2003 3177 2059 in
3213 2002 3390 2074 cujus
3426 2002 3720 2076 parochia

2068 2097 2289 2153 domus
2335 2099 2530 2150 vestra
2574 2092 2826 2148 tundata
2887 2097 2995 2158 est,
3033 2092 3203 2148 tertio
3260 2106 3365 2164 per
3400 2092 3723 2149 intervalla

2069 2191 2411 2256 temporum
2443 2197 2583 2239 cum
2611 2179 2943 2238 humilitate
2971 2195 3042 2237 ac
3070 2180 3403 2248 devotione,
3437 2196 3563 2254 qua
3583 2197 3724 2238 con·

2069 2274 2250 2342 venit,
2274 2272 2599 2345 requisitus
2627 2270 3012 2326 substitutum
3049 2270 3335 2327 abbatem
3371 2271 3726 2328 benedicere

2069 2362 2217 2419 forte
2251 2361 2530 2428 noluerit,
2558 2359 2785 2417 licitum
2835 2359 2908 2415 sit
2950 2357 3150 2415 eidem
3198 2359 3405 2416 abbati
3441 2359 3723 2432 proprios

2070 2453 2329 2508 novitios
2357 2449 2711 2507 benedicere
2740 2453 2796 2504 et
2826 2445 2942 2504 alia
2971 2462 3109 2520 quae
3137 2447 3216 2504 ad
3241 2445 3514 2505 officium
3538 2463 3721 2505 suum

2069 2536 2876 2613 pertinentexercere,donee
2896 2537 3058 2592 idem
3086 2537 3403 2609 episeopus
3429 2536 3719 2594 duritiam

2071 2646 2247 2707 suam
2269 2634 2554 2700 recogitet
2571 2631 2628 2682 et
2652 2625 3136 2683 benedicendum
3164 2626 3448 2682 abbatem
3477 2624 3722 2684 benedi-

2069 2735 2203 2776 cere
2250 2733 2375 2775 non
2422 2721 2673 2773 recuset.
2710 2717 2999 2772 Praeterea
3051 2713 3278 2770 licitum
3326 2714 3401 2770 sit
3450 2714 3625 2771 vobis
3663 2716 3722 2772 in

2070 2808 2272 2865 causis
2315 2807 2529 2864 vestris
2570 2804 2781 2862 fratres
2817 2809 3051 2860 vestros
3090 2802 3342 2860 idoneos
3390 2802 3473 2859 ad
3522 2805 3723 2865 testifi-

2070 2898 2334 2955 candum
2359 2895 2658 2953 adducere
2678 2901 2858 2966 atque
2871 2892 3145 2965 ipsorum
3165 2893 3527 2962 testimonio,
3555 2895 3613 2950 ai
3635 2909 3723 2950 re·

2071 2994 2235 3045 ctum
2263 2986 2457 3053 luerit,
2490 2989 2548 3041 et
2576 2981 2929 3058 propulsare
2961 2980 3307 3040 violentiam
3346 2987 3404 3042 et
3425 2982 3720 3055 iustitiam

2068 3076 2397 3134 vindicare.

2138 3199 2521 3256 Decrevimus
2552 3210 2695 3267 ergo
2727 3199 2790 3251 ut
2814 3193 2961 3251 nulli
3000 3195 3249 3256 omuino
3281 3194 3605 3253 bominum
3628 3196 3723 3253 tas

2068 3292 2141 3347 sit
2165 3289 2480 3363 praefatum
2511 3285 2947 3342 monasterium
2975 3288 3195 3341 temere
3222 3285 3598 3356 perturbare,
3622 3289 3725 3343 aut

2067 3380 2199 3452 ejus
2218 3378 2629 3451 possessiones
2657 3372 2912 3442 auferre,
2933 3377 3029 3429 vel
3050 3373 3290 3430 ablatas
3317 3373 3595 3441 retinere,
3618 3376 3726 3430 mi·

2067 3484 2273 3535 nuere,
2300 3483 2407 3523 seu
2434 3462 2804 3537 quibuslibet
2826 3462 3253 3519 vexationibus
3283 3462 3533 3533 fatigare
3568 3479 3585 3531 ;
3618 3464 3725 3520 sed

2068 3559 2276 3615 omnia
2294 3558 2526 3626 integra
2536 3556 2965 3610 conserventur
2979 3566 3189 3608 eorum
3211 3566 3321 3624 pro
3337 3567 3603 3624 quorum
3620 3568 3726 3624 gu·

2066 3647 2417 3704 bernatione
2442 3659 2512 3699 ac
2532 3643 2961 3699 sustentatione
3006 3655 3293 3697 concessa
3319 3649 3481 3706 sunt,
3514 3642 3726 3698 usibus

2068 3734 2435 3793 omnimodis
2470 3731 2806 3806 protutura,
2839 3727 3011 3785 salva
3042 3728 3206 3786 sedis
3236 3728 3586 3798 apostolicas
3617 3745 3728 3787 au-

2068 3826 2355 3882 ctoritate.
2407 3822 2464 3880 Si
2515 3835 2634 3894 qua
2669 3820 2850 3889 igitur
2892 3819 2955 3874 in
3001 3818 3270 3875 futurum
3319 3816 3723 3878 ecclesiastica

2069 3913 2443 3972 saecularisve
2474 3923 2757 3983 persona,
2790 3913 2901 3964 eto.

2141 4016 2261 4084 Ego
2284 4010 2502 4066 Lucius
2529 4006 2835 4065 catholicas
2867 4004 3143 4063 Ecclesiae
3168 4006 3518 4079 episcopus.

2140 4104 2263 4173 Ego
2289 4098 2630 4157 Theodinus
2658 4094 2996 4153 Portuensis
3017 4094 3277 4151 ecclesias
3306 4095 3539 4152 Rutinae
3559 4096 3721 4154 sedis

2069 4193 2417 4267 episcopus.

2071 4296 2084 4311 '
2140 4299 2261 4368 Ego
2283 4293 2566 4352 Henricus
2587 4289 2942 4348 Albanensis
2958 4288 3296 4362 episcopus.

1991 4384 2037 4441 D
2139 4388 2261 4459 Ego
2310 4385 2483 4441 Petus
2533 4379 2845 4454 presbyter
2898 4377 3223 4437 cardinalis
3274 4376 3428 4435 tituli
3493 4380 3561 4439 S.
3619 4381 3724 4438 Su·

2068 4489 2612 4636 sailigen-laciiithus
2638 4558 2933 4617 diaconus
2962 4556 3289 4615 cardinalis
3324 4558 3377 4621 S.
3415 4558 3616 4616 uarias
3659 4558 3720 4617 in

2068 4652 2410 4712 cosmedin.

2139 4745 2259 4816 Ego
2287 4739 2570 4798 vivianus
2615 4736 2768 4794 tituli
2798 4738 2855 4795 S.
2887 4734 3179 4808 Stephani
3213 4736 3274 4792 in
3312 4733 3498 4794 Coelio
3524 4738 3720 4798 Uento

2066 4831 2386 4905 presbyter
2400 4826 2744 4886 cardinalis.

2137 4923 2259 4990 Ego
2295 4918 2521 4976 Arditio
2549 4917 2605 4975 S.
2625 4915 2919 4973 Theodori
2938 4915 3232 4972 diaconus
3261 4914 3615 4973 cardinalis.

2134 5019 2258 5090 Ego
2304 5016 2605 5074 arduinus
2654 5014 2968 5090 presbyter
3012 5012 3181 5070 eard.
3219 5011 3368 5070 tituli
3422 5014 3481 5070 S.
3513 5015 3720 5072 Crucis

2066 5106 2468 5166 viterbiensis.

2132 5209 2257 5279 Ego
2283 5204 2603 5262 Gratianus
2631 5203 2733 5261 SS.
2755 5202 2985 5260 Cosmae
3016 5205 3075 5259 et
3104 5199 3380 5258 Damiaui
3417 5200 3718 5264 diaeonus

2061 5295 2405 5356 cardinalis.

2131 5398 2254 5467 Ego
2297 5392 2609 5452 Laborans
2652 5388 2967 5464 presbyter
3016 5387 3341 5449 cardinalis
3393 5389 3453 5447 8.
3519 5389 3714 5456 Eari-

2058 5489 2227 5545 trans
2239 5481 2508 5550 .Tiberim
2535 5480 2688 5542 tituli
2713 5478 2951 5542 calixti.
