3784 6000
129 271 232 334 ³87

770 405 1002 464 CAPUT
1040 405 1135 462 x1.

181 497 263 554 De
283 497 442 552 statu
457 492 705 552 civitatis
729 494 951 551 dicitur.
977 495 1286 553 Boamundi
1302 511 1428 552 cum
1455 495 1690 568 quodam
1707 499 1777 570 fi-

253 566 376 624 deti
403 565 475 622 de
491 568 736 636 civitate,
760 565 948 638 qratia
967 572 1248 625 contracta
1274 566 1620 626 describitur.

181 676 371 732 Porro
407 674 534 731 hoc
560 673 762 732 civitas
780 674 898 732 Deo
928 674 1224 746 amabilis,
1247 692 1281 733 a
1321 679 1586 749 tempore
1632 694 1773 749 apo·

117 762 435 833 stolorum,
467 768 530 820 nt
562 763 961 837 prediximus,
985 763 1203 822 Christi
1226 764 1549 823 doctrinam
1578 770 1637 824 et
1679 767 1782 838 J'u-

117 869 252 928 gum
287 868 500 926 suave,
532 852 889 926 praedicante
944 853 999 910 ei
1047 853 1452 926 apostolorum
1496 855 1780 928 principe,

119 936 414 1016 suscepit,
441 945 502 999 et
531 958 720 1015 usque
751 943 811 999 iu
843 946 1186 1015 praesentem
1234 943 1390 1000 diem
1438 944 1685 1001 fideliter
1724 948 1783 1001 et

114 1031 322 1088 devote
341 1031 618 1102 portavit.
645 1031 916 1103 Dumque
937 1037 1096 1088 totus
1116 1036 1528 1089 concuteretur
1549 1032 1777 1102 Oriens,

115 1120 572 1179 successoribus
602 1120 904 1177 Mahumet
924 1121 994 1177 ad
1019 1121 1380 1193 impietatem
1403 1122 1779 1196 superstitio-

117 1210 206 1268 nis
233 1214 298 1267 et
323 1224 736 1282 perversorum
765 1210 1106 1281 dogmatum
1157 1211 1456 1267 universas
1501 1211 1780 1268 violenter

117 1298 582 1370 subjugantibus
610 1298 959 1369 provincias.
978 1297 1100 1355 haec
1129 1301 1188 1354 et
1214 1314 1416 1357 eorum
1440 1298 1778 1370 languorem

123 1387 390 1459 respuit3
419 1391 480 1444 ct
500 1387 692 1460 gentis
720 1386 1037 1444 incredulas
1082 1387 1566 1457 dominationem,
1598 1404 1776 1460 quam

127 1476 226 1532 diu
253 1474 474 1550 potuit,
524 1475 673 1532 ferre
720 1475 1084 1533 detrectavit.
1117 1475 1286 1540 Nam,
1308 1492 1444 1532 cum
1491 1492 1698 1535 omnes
1744 1495 1780 1534 a

121 1568 248 1625 sinu
281 1569 524 1626 Persico
553 1583 739 1640 usque
768 1569 840 1625 ad
898 1567 1356 1640 Hellespontum,
1407 1572 1465 1626 et
1506 1570 1579 1626 ab
1611 1569 1780 1627 India

124 1673 312 1731 nsque
343 1658 420 1714 ad
453 1657 786 1731 Hispanias,
816 1658 1066 1715 haereses
1096 1657 1256 1716 illius
1286 1659 1633 1728 seductoris,
1652 1659 1780 1716 uni·

15 1773 22 1800 l
123 1762 318 1804 versu
351 1751 740 1820 occupassent
768 1748 1050 1821 regiones,
1086 1747 1206 1803 boec
1236 1747 1294 1803 in
1327 1748 1520 1805 medic
1549 1765 1780 1822 perver-

15 1853 327 1895 -sarum
361 1837 698 1908 nationum,
743 1837 914 1909 quasi
963 1836 1090 1894 sola
1144 1842 1204 1893 et
1251 1837 1592 1907 singularis,
1645 1839 1780 1895 fidei

15 1937 22 1954 ²
123 1925 493 1984 maaet-savit
519 1925 936 1998 integritatem,
960 1930 1016 1982 et
1055 1943 1161 1999 pro
1206 1943 1312 1983 sua
1355 1926 1512 1984 stelit
1538 1925 1784 1985 viriliter

19 2077 26 2082 ,
123 2015 414 2073 libertate.
437 2015 587 2073 Nam
617 2015 711 2073 vix
739 2031 1025 2074 annorum
1085 2015 1532 2089 quatuordecim
1582 2017 1782 2089 elapsa

124 2111 283 2163 eraut
315 2104 635 2175 curricula,
665 2121 733 2163 ex
756 2121 871 2177 quo
891 2109 1240 2177 perurgente
1270 2120 1398 2162 eam
1423 2105 1778 2163 intolerabili

125 2196 386 2254 hostium
416 2194 691 2268 procella,
720 2194 912 2268 longis
941 2194 1348 2252 obsidionibus
1378 2196 1606 2269 fatigati
1649 2197 1779 2267 eius

125 2286 272 2344 cives
309 2285 544 2358 inclyti,
576 2287 772 2358 etjam
794 2285 1017 2342 diutius
1047 2285 1315 2342 resistere
1345 2302 1462 2343 non
1496 2285 1778 2358 valentes,

125 2375 328 2434 urbem
361 2373 635 2432 hostibus
667 2373 920 2432 nominis
949 2378 1007 2431 et
1036 2373 1167 2431 ndei
1219 2374 1563 2433 Christianae
1624 2375 1778 2433 resi-

123 2482 298 2540 gnare
319 2464 508 2524 coacti
526 2471 685 2522 sunl.
720 2462 882 2521 Unde
913 2465 1129 2520 factum
1158 2467 1247 2521 est
1275 2465 1429 2536 quod
1457 2464 1655 2536 etiam,
1675 2465 1778 2522 ad·

129 2555 401 2613 veniente
431 2557 767 2614 nostrorum
798 2553 1071 2621 exercitu,
1104 2569 1248 2625 pene
1277 2569 1484 2610 omnes
1528 2554 1775 2611 civitatis

127 2646 492 2703 habitatores
521 2643 721 2701 fideles
735 2648 924 2712 erant,
946 2643 1049 2700 sed
1080 2642 1301 2700 nullam
1336 2645 1392 2699 in
1415 2643 1648 2702 civitate
1672 2643 1770 2702 ha-

123 2739 332 2797 bentes
353 2740 701 2811 potestatem
737 2762 752 2807 ς
793 2753 930 2794 nam
988 2737 1072 2794 eis
1121 2736 1499 2809 negotiationi
1541 2742 1600 2795 et
1638 2738 1772 2796 aliis

123 2827 602 2886 mechanicarum
659 2826 874 2882 artium
939 2825 1147 2882 officiis
1213 2827 1573 2898 vacantibus,
1626 2827 1769 2884 solis

121 2918 332 2976 'l'urcis
362 2921 424 2974 et
469 2914 801 2973 infidelibus
851 2914 1102 2971 militare
1150 2913 1380 2985 licebat,
1409 2921 1467 2972 et
1522 2917 1766 2987 majores

117 3008 369 3065 civitatis
397 3005 811 3064 administrare
858 3004 1197 3077 dignitates,
1247 3005 1403 3062 unde
1444 3022 1552 3063 nec
1598 3022 1765 3063 arma

1063 271 1268 336 HIST.
1317 273 1588 338 RERUM
1623 276 2166 342 TRANSMARIN.
2212 313 2291 327 -
2332 279 2479 344 Lm.
2522 281 2597 344 V.

3422 283 3539 346 338

1807 412 1862 480 Α
1889 412 2051 471 niam
2079 413 2168 471 vir
2194 417 2319 472 erat
2363 413 2533 472 valde
2578 414 2908 474 industrius
2955 419 3015 473 et
3061 417 3241 486 vafer,
3290 416 3541 474 audiens

1887 502 2045 574 quod
2067 503 2343 561 dominus
2375 505 2756 562 Boamundus
2778 505 3051 578 princeps
3082 505 3434 579 magnificus
3455 519 3543 562 es·

1888 596 1978 648 set
2007 595 2062 649 et
2092 591 2362 665 illustris,
2393 598 2452 651 et
2478 593 2538 650 in
2569 594 2846 652 omnibus
2895 611 3025 667 quse
3072 595 3324 653 exterius
3371 610 3538 668 gere-

1887 681 2122 750 bantur,
2156 682 2377 756 primas
2407 681 2648 741 baberet
2670 694 2894 757 parles3
2927 685 3132 742 statim
3166 689 3298 757 post
3329 686 3535 743 urbem

1885 770 2192 830 obsidione
2220 772 2515 842 vallatam,
2555 788 2659 846 per
2707 772 2909 831 fideles
2959 774 3352 831 internuntios
3408 775 3541 845 ejus

1888 859 2002 917 sibi
2049 861 2374 920 conciliavit
2424 862 2693 935 gratiam,
2751 866 2987 935 totoque
3035 863 3359 921 obsidionis
3388 869 3537 919 tem·

1889 966 2047 1021 pore,
2077 951 2330 1008 fideliter
2358 956 2415 1008 et
2444 952 2641 1008 devote
2674 966 2734 1007 se
2764 953 3204 1010 continuaverat
3230 953 3289 1008 in
3323 968 3535 1025 propo·

1887 1037 2019 1109 silo,
2049 1040 2132 1095 ita
2161 1044 2223 1096 ut
2253 1039 2458 1097 diebus
2506 1056 2649 1111 pene
2693 1040 2941 1112 singulis
2974 1043 3044 1097 de
3088 1044 3244 1097 statu
3291 1039 3541 1098 civitatis

1886 1132 1946 1185 et
1962 1127 2199 1186 Acxiani
2223 1130 2516 1201 proposito
2532 1147 2666 1188 eum
2690 1132 2956 1189 redderet
2977 1130 3319 1187 doctiorem.
3366 1128 3544 1184 Dissi-

1888 1216 2150 1274 mulabat
2177 1218 2334 1275 enim
2358 1226 2639 1291 quantum
2666 1222 2912 1292 poterat,
2942 1218 3116 1275 sicuti
3137 1218 3221 1273 vir
3247 1217 3541 1274 discretus

1886 1311 2011 1363 erat
2028 1309 2086 1362 et
2108 1309 2386 1378 prudenS,
2420 1307 2566 1365 banc
2587 1325 2763 1380 quam
2782 1323 2917 1365 cum
2937 1305 3176 1363 domino
3194 1304 3532 1362 Boamundo

1887 1402 2254 1454 contraxerat
2280 1396 2757 1466 familiaritatem,
2784 1411 2855 1452 ne
2894 1396 3042 1452 forte
3093 1394 3226 1451 aliis
3277 1391 3533 1466 cognita,

1885 1485 1999 1542 sibi
2028 1495 2081 1543 et
2113 1488 2236 1544 suis
2256 1490 2592 1559 possetesse
2612 1487 2673 1544 in
2702 1483 3043 1558 periculum.
3077 1483 3364 1541 Dominus
3394 1499 3539 1556 quo-

1885 1591 2000 1648 que
2023 1577 2400 1634 Boamundus
2428 1592 2599 1634 versa
2620 1576 2747 1633 vice
2774 1574 2928 1631 hanc
2958 1574 3096 1631 boni
3130 1572 3239 1629 viri
3287 1572 3541 1630 occulla-

1888 1666 1990 1722 bat
2016 1666 2358 1733 amicitiam,
2381 1668 2440 1722 et
2461 1681 2743 1723 arcanum
2774 1679 2951 1737 penes
2974 1679 3037 1721 se
3058 1661 3230 1735 quasi
3244 1660 3541 1734 sepultum

1889 1755 2359 1828 comprimebat3
2393 1756 2471 1812 ila
2502 1761 2567 1811 ut
2596 1769 2702 1811 nec
2750 1768 2955 1811 eorum
3009 1749 3425 1808 familiaritatis
3483 1754 3541 1807 et

1892 1844 2279 1902 discurrentis
2309 1844 2870 1911 internuntii,etiam
2901 1841 3210 1914 utriusque
3234 1839 3548 1897 domestici
3603 1843 3613 1853 ’

1888 1938 1950 1992 et
1976 1933 2351 2006 contectales,
2384 1933 2610 1990 nullum
2640 1932 2726 1990 vel
2758 1931 2881 1988 leve
2926 1934 3167 2004 possent
3214 1928 3539 2000 intelligere

1889 2029 2325 2095 argumentum.

2514 2111 2748 2170 CAPUT
2786 2110 2906 2168 x11.

1888 2203 2195 2260 Consilium
2219 2219 2316 2275 per
2341 2201 2708 2258 internuntios
2735 2204 2881 2258 inter
2908 2197 3365 2266 Boamundum‚et
3386 2209 3535 2268 pra:-

2354 2273 2565 2330 dictum
2594 2273 2812 2345 fidelem
2841 2273 3048 2328 virum.

1957 2381 2221 2455 Dumque
2242 2381 2366 2454 J‘am
2399 2380 2567 2453 quasi
2592 2379 2891 2435 mensibus
2923 2381 3145 2448 septem
3187 2374 3309 2431 hoec
3362 2371 3536 2429 interi

1882 2487 1983 2528 eos
2018 2488 2082 2528 se
2120 2471 2518 2528 continuasset
2544 2468 2753 2542 gratia,
2776 2468 2857 2524 ita
2888 2466 3135 2536 occulte,
3162 2469 3223 2521 ut
3256 2463 3531 2530 diximus,

1883 2560 2309 2635 plerumquede
2341 2575 2431 2628 eo,
2463 2559 2758 2632 quomodo
2779 2557 2984 2614 civitas
3005 2554 3339 2611 christianae
3363 2551 3538 2608 resti-

1880 2655 2143 2709 tueretur
2170 2648 2441 2717 libertati,
2464 2663 2655 2705 sermc
2676 2647 2830 2704 inter
2856 2662 2956 2704 eos
2980 2644 3214 2702 babitus
3245 2646 3334 2699 est
3362 2639 3533 2697 fami-

1878 2740 2080 2810 liaris3
2115 2755 2372 2812 cumque
2392 2753 2652 2811 supereo
2701 2754 2736 2793 a
2764 2735 3004 2792 domino
3046 2731 3380 2791 Boamundo
3419 2747 3531 2787 sae-

1878 2830 2015 2903 pius
2044 2832 2200 2886 esset
2219 2828 2634 2894 commonitus,
2658 2824 2839 2882 semel
2858 2825 3040 2881 eidem
3074 2838 3175 2895 per
3201 2818 3529 2892 tilium,qui

1874 2927 2226 2977 secretorum
2248 2924 2373 2975 erat
2392 2917 2644 2988 bajulus,
2670 2914 3044 2988 respondisse
3074 2912 3322 2969 dicitur:
3346 2911 3525 2975 Nosti,

1872 3014 2123 3069 virorum
2148 3008 2356 3080 optime
2379 3010 2429 3064 et
2459 3023 2580 3063 mea
2606 3007 2743 3061 mihi
2771 3004 2891 3060 luce
2918 3003 3159 3072 charior,
3190 3016 3354 3074 quam
3396 2998 3527 3056 sin-

113 3094 192 3151 eis
220 3094 443 3152 licebat
472 3096 741 3161 tractare,
764 3107 874 3150 neo
911 3092 981 3148 ad
1011 3106 1214 3149 curam
1245 3092 1326 3149 rei
1357 3091 1630 3150 militarie
1652 3097 1764 3150 ad-
1874 3114 1996 3157 cere
2024 3110 2076 3157 te
2104 3098 2418 3167 dilexerim,
2451 3112 2521 3153 ese
2540 3110 2669 3168 quo,
2713 3104 2938 3151 auctore
2993 3094 3242 3161 Domino,
3275 3090 3335 3146 in
3383 3089 3527 3146 banc

69 3210 80 3223 ·
111 3185 530 3243 mittebantur:
563 3186 620 3240 et
651 3181 900 3239 maxime
928 3186 1235 3254 postquam
1267 3182 1340 3238 de
1370 3182 1617 3240 adventa
1648 3183 1761 3241 Oe·
1795 3163 1840 3232 (ἶ
1873 3203 2221 3248 communem
2248 3188 2492 3257 qratiam
2519 3185 2896 3242 descendimus
2917 3202 2936 3249 ,-
2956 3191 3220 3255 teneoque
3234 3179 3523 3236 nihilomi-

109 3272 496 3333 cidentalium
526 3270 991 3328 Christianorum
1024 3287 1228 3328 rumor
1243 3270 1316 3327 ad
1340 3270 1659 3346 principem
1678 3273 1764 3329 ci-

111 3362 305 3421 vitatis
334 3364 698 3434 pervenerat,
722 3360 802 3416 ita
830 3359 1082 3432 suspecti
1114 3359 1498 3431 habebantur,
1521 3366 1581 3419 et
1609 3379 1754 3435 prae-

111 3453 313 3512 sertim
333 3458 642 3524 postquam
662 3450 864 3507 urbem
888 3450 1202 3506 vallaverat
1221 3449 1470 3521 obsidio,
1494 3456 1560 3507 ut
1581 3452 1759 3509 etiam

111 3558 228 3600 non
259 3541 378 3599 nisi
406 3541 580 3598 certis
611 3538 766 3596 boris
785 3539 857 3596 de
877 3538 1152 3596 domibus
1181 3540 1335 3597 exire
1357 3549 1411 3597 el
1441 3542 1676 3614 prodire
1697 3544 1759 3599 in

108 3632 420 3704 publicum
448 3628 663 3686 liceret.
691 3628 869 3685 Erant
896 3631 1090 3685 autem
1121 3645 1187 3686 ex
1222 3630 1307 3687 eis
1328 3630 1389 3686 in
1410 3631 1636 3688 civitate
1664 3632 1756 3689 l'a-

107 3722 290 3779 milioe
317 3719 484 3778 valde
508 3718 751 3789 nobiles,
782 3718 1082 3792 antiquam
1105 3719 1384 3777 ducentes
1412 3736 1480 3777 ex
1509 3736 1753 3794 genero·

111 3813 196 3869 sis
217 3810 448 3884 proavis
473 3808 781 3881 sanguinis
810 3808 1189 3880 dignitatem;
1238 3809 1390 3867 inter
1437 3827 1587 3883 quas
1634 3820 1759 3872 erat

111 3901 304 3957 tribus
368 3914 483 3955 una
521 3896 908 3971 generositate
954 3898 1230 3971 insignis,
1278 3915 1410 3971 ques
1458 3900 1759 3961 dicebatur

113 3989 256 4047 Beni
283 3990 478 4055 zerra,
511 3987 667 4059 quod
698 3986 758 4042 in
778 3986 982 4059 lingua
997 3989 1625 4060 Latinaiuterpretatur
1649 3993 1761 4062 filit

114 4078 445 4135 loricatoris.
467 4076 537 4133 Hi
569 4074 725 4133 enim
749 4077 872 4133 sive
896 4077 1144 4148 a'primo
1168 4093 1368 4134 eorum
1385 4084 1639 4151 parente,
1658 4081 1759 4153 qui

114 4168 270 4227 banc
297 4170 485 4223 artem
514 4166 810 4235 exercuit3
841 4166 960 4223 sive
988 4166 1061 4223 ab
1107 4182 1174 4223 eo
1224 4169 1377 4239 quod
1438 4169 1553 4240 ipsi
1606 4168 1759 4227 banc

113 4256 540 4332 protensionem
570 4260 925 4326 exercerent,
956 4260 1020 4312 ut
1040 4256 1248 4313 loricas
1297 4258 1637 4331 intexerent,
1667 4260 1758 4315 di-

114 4348 406 4404 cabantur
425 4344 534 4415 filii
560 4344 892 4403 loricatoris.
925 4344 1290 4401 Probabilius
1320 4348 1518 4401 tamen
1567 4351 1659 4404 est
1702 4352 1762 4406 et

111 4438 370 4499 videtur.
388 4435 547 4509 quod
570 4436 812 4507 quidam
833 4450 901 4491 ex
922 4436 1008 4492 eis
1037 4436 1230 4493 adbuc
1258 4432 1447 4492 eidet'n
1494 4437 1604 4492 arti
1653 4439 1758 4495 da·

1868 3296 1977 3336 nus
2012 3280 2326 3336 memoriter
2344 3276 2504 3351 quod,
2536 3277 2596 3332 in
2625 3275 2784 3332 verbo
2814 3277 2905 3330 tuo
2930 3274 3157 3344 firmam
3170 3279 3223 3328 et
3248 3271 3381 3327 bono
3402 3269 3522 3325 viro

1868 3368 2199 3441 condiqnam
2264 3367 2448 3439 reperi
2485 3379 2868 3438 usquequaque
2913 3361 3271 3419 stabilitatem
3301 3377 3321 3414 .·
3373 3357 3523 3414 unde

1866 3463 2077 3531 lactum
2105 3462 2185 3515 est
2215 3464 2296 3527 ut,
2314 3472 2413 3530 per
2441 3455 2557 3511 dies
2588 3454 2850 3525 sinqulos,
2873 3452 3015 3508 mihi
3040 3453 3213 3522 mayis
3240 3454 3295 3506 et
3340 3447 3517 3520 maqis

1870 3547 2172 3606 insinueris
2200 3550 2251 3605 et
2278 3547 2454 3603 mutto
2482 3544 2706 3601 charior
2732 3556 3005 3598 occurras.
3028 3540 3202 3610 Super
3220 3553 3280 3595 eo
3308 3543 3523 3594 autem.

1867 3639 2015 3694 unde
2042 3653 2128 3694 me
2155 3634 2544 3693 commonuisti
2561 3631 2783 3703 saepius,
2814 3644 3215 3700 nonnunquam
3251 3626 3520 3683 sollicitus

1867 3728 2186 3795 deliberavi,
2217 3732 2411 3797 partes
2436 3737 2673 3794 conqruo
2720 3735 2956 3793 pensans
2997 3716 3316 3774 libramine.
3349 3714 3513 3783 Nam,

1867 3821 1922 3875 si
1945 3816 2189 3890 patriam
2215 3813 2476 3887 pristinae
2524 3813 2807 3868 restituere
2862 3809 3130 3876 libertati,
3180 3815 3231 3862 et
3274 3804 3512 3861 exclusis

1864 3904 2166 3964 immundis
2202 3903 2446 3969 canibus,
2468 3916 2706 3974 quorum
2728 3896 2977 3956 violenta
2995 3893 3370 3953 dominatione
3391 3907 3515 3965 pre-

1865 3997 2093 4060 mimur,
2126 3993 2222 4048 Dei
2266 3991 2531 4047 cultorem
2574 3989 2837 4061 poputum
2891 4000 3100 4057 possem
3146 3981 3513 4050 introducere,

1866 4085 2049 4140 certus
2072 4097 2195 4138 sum
2222 4082 2432 4135 aeterna
2458 4076 2603 4133 mibi
2628 4091 2739 4131 non
2760 4076 3023 4145 defutura
3060 4074 3355 4146 praemiaet
3387 4086 3516 4126 cum

1865 4170 2077 4230 sanctis
2104 4168 2395 4226 animabus
2414 4173 2645 4224 aeternae
2675 4163 3032 4221 beatitudinis
3060 4177 3169 4218 non
3189 4159 3515 4233 defuturum

1866 4260 2218 4319 consortium.
2252 4257 2312 4313 Si
2342 4270 2465 4313 vero
2494 4270 2633 4325 rem,
2661 4254 2831 4311 semel
2859 4266 3167 4325 aqqressus,
3217 4249 3507 4319 difficilem

1865 4357 1921 4408 et
1935 4347 2168 4406 arduam
2184 4360 2572 4403 consummare
2598 4346 2914 4417 nequivero,
2945 4345 3161 4398 certum
3187 4342 3339 4396 estet
3358 4337 3509 4395 nulli

1863 4441 2014 4498 venit
2044 4440 2103 4493 in
2122 4435 2353 4493 dubium
2380 4435 2514 4505 quin
2542 4433 2732 4491 domus
2760 4447 2883 4489 mea
2909 4438 2960 4489 et
2977 4430 3271 4505 praeclarae
3313 4443 3515 4485 nomen

113 4531 251 4584 rent
275 4540 532 4597 operam,
561 4532 623 4581 ut
651 4524 802 4583 sicut
848 4541 1060 4582 nomen
1104 4526 1399 4583 habebant
1447 4523 1752 4584 haeredita·
1785 4537 1832 4604 Β
1859 4528 2104 4600 familiae
2119 4527 2339 4599 penitus
2364 4523 2635 4593 deleatur,
2660 4525 2739 4578 ita
2767 4525 2829 4577 ut
2876 4535 2984 4576 non
3027 4524 3368 4575 memoretur
3412 4531 3513 4572 no·

113 4615 292 4685 rium,
321 4614 408 4673 ita
433 4616 494 4671 et
522 4630 624 4686 per
641 4615 1079 4671 successionem
1124 4616 1392 4672 traditam
1424 4620 1609 4672 artem
1642 4632 1761 4674 non
1868 4635 1999 4675 men
2026 4615 2187 4673 itlius
2208 4615 2382 4670 ultra.
2444 4612 2829 4669 Verumtamen
2884 4609 3157 4680 quoniam
3215 4603 3516 4662 consuevit

111 4702 640 4763 desererent.Unde
668 4707 725 4759 et
752 4704 812 4759 in
835 4709 995 4776 parte
1024 4704 1273 4761 civitatis
1300 4703 1641 4761 occidentali
1668 4720 1764 4763 se-

111 4808 216 4850 cus
245 4796 499 4866 portam,
528 4808 656 4864 quaa
697 4790 868 4849 bodie
915 4792 1129 4849 dicitur
1174 4793 1234 4852 S.
1285 4792 1539 4867 Georgii,
1578 4795 1760 4851 turris

112 4899 236 4941 uua
261 4899 388 4955 que
409 4880 634 4955 vulgari
665 4882 1056 4956 appellatione
1078 4882 1291 4940 dicitur
1313 4884 1564 4941 duarum
1596 4902 1755 4942 soro·

109 4988 272 5040 rum,
298 4976 368 5026 ut
383 4970 446 5027 in
463 4987 534 5029 ea
558 4972 701 5030 artis
721 4989 1006 5046 suoe,quae
1026 4974 1266 5031 domino
1294 4977 1352 5029 et
1379 4973 1600 5030 civitati
1623 4973 1762 5048 plu-

111 5063 338 5118 rimum
369 5059 663 5118 videbatur
692 5061 876 5133 utilis,
900 5063 1082 5135 quieti
1106 5066 1513 5131 convacarent,
1534 5066 1657 5119 erat
1679 5062 1762 5119 eis

111 5150 415 5223 deputata.
434 5148 725 5223 Erantque
739 5150 800 5207 in
820 5165 890 5207 ea
919 5151 1137 5209 familia
1172 5150 1287 5208 duo
1337 5152 1566 5219 fratres,
1609 5166 1761 5223 quo-

111 5255 250 5297 rum
281 5237 468 5309 major
494 5242 553 5295 st
579 5239 686 5312 qui
716 5240 1136 5298 contribulium
1168 5256 1410 5297 sucrum
1434 5244 1492 5296 et
1530 5240 1761 5299 familiae

111 5328 392 5403 princeps
409 5334 552 5397 erat,
575 5328 880 5388 dicebatur
899 5329 1264 5396 Emirfeirus,
1288 5328 1371 5385 vir
1400 5333 1608 5401 potens
1638 5330 1762 5401 plu-

114 5419 339 5476 rimum
359 5420 421 5474 et
439 5415 606 5474 urbis
635 5417 874 5477 domino
896 5420 1084 5478 multa
1104 5418 1502 5475 familiaritate
1525 5419 1762 5490 conlun-

113 5516 267 5577 ctus,
297 5506 381 5563 ita
409 5506 554 5563 utin
583 5507 712 5581 ejus
735 5508 948 5581 palatio
968 5508 1180 5568 notarii
1213 5509 1548 5580 fungeretur
1563 5508 1755 5569 cilicio

113 5603 170 5659 st
188 5594 452 5673 plurima
469 5601 629 5655 esset
655 5596 907 5671 insignis
925 5599 1230 5673 dignitate.
1244 5596 1350 5656 Hic
1369 5601 1588 5671 autem,
1615 5614 1761 5671 quo-

1871 4705 2537 4772 emolumentorumspes
2569 4698 2900 4757 mortalium
2922 4700 3146 4754 mentes
3174 4695 3248 4773 ad
3296 4690 3516 4750 similia

1869 4794 2085 4868 saepius
2111 4793 2377 4857 invitare,
2408 4789 2458 4846 si
2502 4789 2601 4846 boc
2650 4802 2836 4860 posses
2891 4785 3040 4858 apud
3081 4785 3515 4867 tuosconsortes

1868 4886 2114 4942 obtinere
2140 4880 2278 4953 quod
2306 4883 2492 4935 nostro
2521 4878 2707 4935 studio
2755 4876 3023 4933 traditam
3060 4873 3184 4941 tibi,
3230 4871 3515 4945 propriam

1866 4974 2174 5031 vindicares
2201 4973 2481 5027 civitatem
2501 4985 2665 5041 5090,
2696 4971 2781 5025 tui
2816 4963 3167 5037 qratia,(cui
3206 4978 3368 5046 omne
3415 4962 3509 5019 bo·

1865 5080 2025 5132 num,
2048 5065 2308 5132 tanquam
2336 5059 2529 5115 tiberis
2558 5056 2711 5125 meis,
2735 5056 2917 5130 cupio)
2932 5055 3001 5112 ad
3011 5054 3338 5129 praedictum
3354 5068 3514 5125 opus,

1864 5156 1991 5211 ticet
2017 5149 2251 5225 difficile
2280 5146 2553 5218 videatur,
2582 5149 2803 5204 auctore
2821 5148 3071 5214 Domino,
3102 5145 3255 5215 cujus
3282 5140 3507 5210 alutino

1864 5243 2009 5299 mibi
2034 5240 2356 5312 conjunctus
2394 5251 2471 5305 es,
2520 5251 2606 5292 me
2653 5238 2974 5307 accinqam:
3010 5242 3065 5293 et
3113 5234 3311 5290 turrim
3366 5230 3518 5284 hanc

1867 5331 2320 5397 munitissimam,
2349 5329 2411 5383 ut
2464 5324 2632 5388 vides.
2680 5326 2837 5397 cujus
2881 5326 3111 5398 plenam
3152 5321 3323 5378 habeo
3360 5324 3514 5392 pote-

1865 5424 2059 5479 statem
2084 5419 2207 5476 sine
2224 5416 2556 5488 difficultate
2576 5415 2679 5472 tibi
2699 5415 2939 5481 tradam,
2972 5412 3115 5468 unde
3160 5411 3355 5468 vestris
3396 5424 3511 5465 om-

1865 5511 2030 5568 nibus
2077 5509 2311 5567 tiberin
2348 5506 2631 5563 civitatem
2683 5520 2801 5563 esse
2852 5505 3051 5575 poterit
3096 5502 3382 5559 introitus.
3449 5498 3513 5556 Si

1865 5619 2017 5674 vero,
2047 5603 2185 5662 sicut
2202 5615 2363 5674 pares
2389 5600 2533 5661 estis.
2588 5599 2667 5656 ita
2706 5599 2897 5656 urbem
2942 5600 3161 5671 captam
3205 5594 3381 5667 eequis
3428 5596 3513 5650 in·
