3784 6000
198 222 307 283 ¹9⁷
1714 239 2105 304 CARMINA.
3514 260 3631 323 198

192 355 338 428 Ergo
372 357 487 413 sibi
522 363 733 432 quarta
764 362 1109 420 breviandos
1140 365 1395 423 destinat
1422 385 1632 434 annos,

255 445 332 501 Ut
367 449 564 506 tribus
591 451 895 508 exsultent
923 455 1123 511 omnia
1156 458 1543 528 temporibus.

189 535 269 590 Ne
286 537 555 594 solvatur
586 541 759 611 aquis
788 541 874 599 vel
905 541 1117 616 frigore
1148 549 1374 617 torpeat
1403 564 1594 606 annus

257 628 332 681 Pe
344 633 680 704 rpetuaque
700 635 885 688 fluant
906 637 1163 704 tempora
1183 637 1478 707 temperie.

436 825 515 864 na
550 827 811 867 Atreum
844 828 1167 870 mmmm
1206 831 1606 876 successionis.

191 895 479 965 Tempora
520 899 767 956 circuitu
796 903 974 957 veteri
1014 904 1273 961 revoluta
1293 906 1571 965 vicissim.

256 984 519 1042 Effectus
547 989 775 1045 variant
808 991 1236 1064 restituuntque
1262 1010 1424 1062 sace,

192 1073 377 1129 Mater
408 1074 606 1134 biems
630 1079 811 1150 patris
830 1081 1095 1137 autumni
1128 1084 1356 1140 semina
1381 1090 1591 1157 servat,

253 1162 402 1219 Vere
424 1182 583 1224 novo
613 1167 808 1224 stabili
839 1171 1203 1227 restituenda
1234 1173 1366 1241 fide,

192 1252 292 1307 Ver
323 1256 543 1311 mundi
577 1257 796 1315 sterilis
816 1259 1010 1331 gelida
1032 1266 1326 1331 praeeunte
1358 1270 1598 1323 senecta

254 1343 527 1400 Solvitur
554 1346 613 1401 in
640 1348 815 1416 tetus,
847 1346 1219 1422 luxuriatque
1252 1368 1459 1410 novos.

194 1429 636 1507 Productosque
662 1436 863 1494 fovens
885 1436 1097 1493 blando
1129 1444 1338 1497 natura
1359 1443 1570 1512 favore,

251 1522 478 1578 AEstivo
510 1523 569 1579 in
598 1524 845 1583 formam
868 1527 1129 1598 provehit
1160 1530 1419 1601 auspicio
1444 1548 1457 1586 ε

194 1611 469 1667 Autumni
508 1612 749 1671 demum
783 1617 1156 1688 proventibus
1185 1619 1384 1676 omnia
1412 1621 1653 1689 cedunt,

253 1701 350 1755 Cui
392 1706 553 1756 totas
574 1702 836 1775 reliquus
865 1707 1124 1776 congerit
1144 1723 1336 1764 annus
1364 1725 1524 1781 opes.

194 1789 341 1853 Quod
366 1793 646 1864 concepit
677 1793 886 1862 biems,
920 1798 1146 1868 peperit
1173 1813 1290 1867 ver,
1325 1799 1529 1856 nutriit
1558 1804 1753 1870 testae,

255 1879 353 1935 Hic
385 1881 561 1936 metit
589 1887 768 1955 atque
796 1900 900 1941 suo
926 1884 1165 1942 conticit
1197 1888 1462 1947 arbitrio.

195 1968 309 2022 Sola
340 1974 723 2027 reservantur
757 1973 1137 2045 conceptibus
1158 1978 1294 2046 apta
1324 1976 1540 2035 suturis

249 2057 511 2124 Semina,
541 2058 860 2132 dispositas
890 2066 1029 2120 nata
1050 2079 1263 2121 novare
1282 2065 1451 2123 vires.

196 2144 273 2200 Sic
302 2146 424 2202 abit
447 2154 514 2202 ut
536 2149 757 2219 redeat,
784 2151 936 2207 redit
966 2157 1027 2207 ut
1058 2156 1312 2211 transeat
1333 2170 1553 2227 annus,

253 2235 610 2308 Praecipitem
643 2255 913 2297 revocans
945 2242 1432 2315 praecipitansque
1464 2249 1674 2303 rotam.

90 2346 95 2371 ι
201 2326 275 2379 Sil:
297 2332 424 2383 rata
448 2338 760 2403 perpetuos
788 2333 905 2403 agit
933 2331 1240 2390 alternatio
1272 2350 1529 2405 menses,

90 2914 101 3090 l

90 3279 93 3286 .
191 3238 284 3302 Qui
316 3240 485 3309 petit,
519 3239 634 3297 hoc
680 3241 810 3315 ipso
841 3243 1039 3299 statim
1073 3243 1280 3316 incipit
1321 3261 1446 3302 esse
1486 3247 1768 3306 molestus
1801 3267 1814 3305 :

90 3313 95 3394 l

258 2415 321 2470 Et
348 2420 576 2474 veteres
607 2424 843 2476 renovat
873 2421 1268 2495 inveteratque
1297 2439 1500 2482 novos.

210 2506 349 2560 {lunc
379 2506 586 2564 divina
616 2509 888 2583 frequens
916 2509 1069 2567 ludit
1097 2513 1378 2583 sapientia
1407 2513 1636 2586 ludum,

257 2594 320 2650 Bt
339 2597 628 2654 varianda
657 2614 894 2657 movens
925 2601 1205 2658 invariata
1239 2608 1456 2659 manet.

979 2707 1044 2764 V.

653 2809 729 2850 An
767 2810 991 2851 ros-rau
1029 2812 1356 2854 mannicum.

90 2878 97 2903 '
204 2875 393 2936 Versus
427 2882 738 2940 mendicos
767 2887 825 2940 et
853 2884 1028 2941 Musae
1052 2886 1326 2958 pauperis
1359 2904 1592 2958 ausum,

253 2968 738 3046 Compositasque
767 2973 885 3036 odi.
917 2974 1238 3045 Caeciliane,
1271 2992 1488 3049 preces.

200 3058 522 3131 importuna
552 3077 761 3134 graves
790 3064 1008 3121 exactio
1038 3066 1282 3121 suscitat
1305 3068 1444 3128 iras.

248 3148 313 3203 Et
340 3151 605 3221 geminae
632 3151 900 3209 stimulos
927 3152 1324 3227 improbitatis
1346 3155 1539 3213 habet.

240 3328 291 3381 Si
324 3334 490 3399 petat
520 3330 804 3401 adjuncta
831 3331 1095 3404 qualibet
1119 3338 1262 3399 arte,
1288 3334 1495 3406 magis.

90 3399 93 3420 '
180 3416 318 3470 Artis
336 3417 501 3472 enim
532 3418 758 3475 studiis
784 3419 1032 3477 formata
1054 3422 1303 3492 precatio
1335 3425 1650 3495 quamdam

236 3504 545 3561 Contrahit
564 3522 637 3562 ex
666 3507 888 3563 fraudis
914 3509 1243 3579 suspicione
1275 3516 1497 3572 notam.

179 3591 228 3646 E:
252 3595 538 3664 permista
561 3594 715 3652 dolis
735 3597 954 3654 exactio
982 3596 1143 3654 laedit
1182 3606 1446 3674 utroque,

237 3681 404 3738 Fallit
435 3687 498 3739 et
517 3685 789 3758 emungit
819 3686 1104 3744 insidiosa
1135 3705 1330 3761 rapax.

173 3769 382 3827 Invisos
415 3771 613 3844 igitur
626 3773 927 3846 geminata
955 3776 1223 3833 molestia
1243 3796 1447 3837 versus

235 3860 472 3929 Reddit,
496 3862 701 3934 nilque
729 3863 816 3918 sui
842 3870 1024 3921 metra
1054 3866 1265 3923 favoris
1285 3868 1523 3928 habent.

172 3947 223 4002 Si
244 3950 323 4003 vis
353 3965 501 4022 ergo
531 3967 711 4008 suum
740 3942 924 4011 Musa}
953 3970 1182 4011 servare
1214 3957 1487 4028 favorem,

232 4040 520 4095 Gratuitis
552 4056 727 4098 aures
757 4041 1009 4099 mulceat
1038 4043 1330 4116 alloquiis.

174 4125 546 4199 Importunas
567 4131 725 4187 enim
747 4137 839 4188 est
867 4132 1134 4207 quisquis
1163 4134 1275 4190 sibi
1327 4138 1579 4209 postulat
1610 4156 1811 4200 aurem

232 4217 535 4276 Laudibus
567 4219 822 4294 impleri,
856 4223 1316 4297 muneribusque
1339 4242 1599 4284 manum.

940 4310 1032 4367 v1.

356 4415 437 4455 An
479 4414 745 4470 semum,
785 4417 857 4457 ns
894 4417 1012 4459 mu
1051 4419 1166 4459 Nox
1206 4421 1606 4464 neronumm.

173 4485 351 4543 Scaeva
376 4489 747 4545 senescentis
778 4490 1026 4547 dominae
1059 4508 1318 4551 marcere
1348 4495 1642 4568 decorem,

232 4575 295 4631 Et
322 4581 564 4635 teneros
586 4578 853 4651 queritur
880 4581 1259 4639 consenuisse
1280 4584 1419 4640 dies,

172 4661 301 4736 Ergo
333 4667 680 4740 peregrinas
703 4668 964 4742 explorat
992 4670 1234 4729 sedulus
1265 4677 1442 4743 artes,

231 4754 295 4809 Et
323 4756 560 4828 species
585 4755 764 4814 multo
784 4764 1081 4833 comparat
1109 4777 1220 4818 aere
1242 4778 1439 4831 novas,

172 4843 364 4919 Nilque
383 4848 768 4921 redempturo
797 4849 1004 4908 faciem
1040 4853 1426 4911 medicamine
1466 4871 1703 4931 vexans,

232 4935 507 5010 Deplorat
527 4940 781 4997 medicas
806 4939 887 4998 nil
920 4942 1181 5014 potuisse
1212 4959 1453 5003 manus,

174 5021 281 5082 Xon
313 5027 428 5084 bac
449 5027 648 5085 Scaeva
677 5033 869 5102 potest
895 5035 1167 5089 naturam
1201 5032 1398 5091 fallere
1429 5051 1594 5108 cura,

232 5121 329 5171 Ars
350 5116 748 5174 deformatam
781 5117 945 5175 nulla
973 5121 1252 5177 reformat
1273 5138 1475 5179 anum.

178 5202 225 5258 Si
250 5205 416 5261 visin
442 5205 633 5263 lucem
652 5206 860 5265 faciem
885 5223 1150 5266 revocare
1179 5211 1482 5281 sepultam,

235 5293 294 5349 Et
316 5295 574 5368 speciem
597 5296 848 5355 dominae
870 5298 1128 5367 reddere,
1159 5299 1297 5357 tolle
1323 5301 1446 5358 dies
1471 5316 1487 5358 ε

232 5570 333 5649 (67)
358 5569 448 5649 8.,
471 5576 800 5653 utrumque.

1878 376 1934 443 Α
1962 374 2123 431 Tolle
2145 374 2291 445 dies,
2322 390 2543 434 annosa
2573 381 2773 436 creant
2802 378 3115 454 dispendia
3142 398 3317 458 rugas

2040 464 2507 539 Multiplicatque
2537 472 2729 525 cutem
2760 468 3151 543 multiplicata
3182 475 3335 532 dies.

1964 660 2039 700 An
2086 661 2342 702 :uvi-:usu
2380 662 2446 703 rr
2484 663 2744 704 PUELLAM
2782 665 3200 710 arrscruosms
3239 669 3305 710 se
3360 673 3609 717 mvtctu

2641 753 2973 797 INTUENTES.

1966 821 2292 881 Occurrunt
2322 823 2537 881 blando
2577 825 2685 881 sibi
2719 826 2943 883 lumina
2971 833 3159 886 vestra
3182 831 3400 898 favore,

2037 913 2105 967 Et
2138 918 2268 970 voto
2300 914 2559 970 arrident
2589 913 2799 973 intima
2829 918 3006 973 corda
3036 921 3157 992 pari
3185 936 3199 978 τ

1963 1003 2204 1059 Alterno
2238 1004 2411 1060 lacios
2436 1003 2548 1059 sibi
2582 1005 2720 1060 dant
2751 1021 3031 1078 responsa
3062 1009 3274 1067 rubore
3310 1027 3325 1067 ε

2032 1091 2103 1147 Et
2126 1095 2289 1149 tener
2318 1092 2589 1149 affectum
2623 1094 2813 1165 prodit
2846 1094 3120 1169 utrinque
3152 1099 3264 1170 (67)
3298 1103 3453 1172 pudo

1961 1181 2156 1236 Mutua
2188 1180 2522 1237 discurrens
2554 1183 2703 1239 ultro
2734 1182 2994 1254 citroque
3025 1185 3295 1244 voluntas

2030 1269 2328 1326 Lascivum
2358 1275 2579 1327 mentes
2600 1270 2787 1327 roedus
2814 1271 2960 1329 inire
2991 1272 3148 1330 facit.

1956 1358 2208 1414 Alternis
2240 1359 2419 1416 radiis
2441 1359 2742 1417 oculorum
2769 1360 3009 1417 flamma
3039 1363 3313 1437 refulget,

2024 1448 2449 1521 Perplexusque
2474 1450 2672 1505 oculos
2705 1450 2939 1506 laederat
2960 1450 3227 1510 intuitus.

1952 1536 2097 1608 Ipsae
2126 1538 2332 1594 animae
2359 1539 2624 1611 proprias
2655 1539 2821 1608 quasi
2857 1549 3215 1610 permutasse
3247 1544 3521 1604 videntur

2019 1627 2210 1691 SedeS,
2246 1628 2418 1699 inque
2441 1627 2604 1684 novis
2636 1627 2847 1699 degere
2871 1630 3238 1701 corporibus.

1871 1753 1920 1819 B
1950 1715 2298 1786 Complexus
2319 1717 2525 1773 tacitos
2556 1716 2887 1773 animorum
2920 1719 3108 1789 gratia
3140 1721 3342 1793 nectit,

2019 1805 2436 1877 Corporeisque
2467 1811 2635 1878 parat
2666 1807 2912 1863 nexibus
2933 1810 3266 1879 auspicium
3305 1828 3318 1867 ε

1950 1897 2220 1952 Procedet
2252 1896 2385 1952 felix
2414 1897 2716 1969 duplicato
2744 1897 2954 1968 copula
2983 1915 3162 1969 nexu,

2018 1989 2493 2059 concurrentque
2524 1987 2649 2043 suis
2672 2003 2911 2059 corpora
2932 1988 3236 2061 spiritibus

1950 2075 2117 2132 Utilis
2138 2080 2365 2149 optatos
2393 2076 2556 2133 dabit
2577 2076 2927 2148 exspectatio
2959 2078 3210 2149 fructus,

2015 2166 2084 2221 Et
2115 2164 2281 2222 laetos
2310 2167 2535 2239 parient
2566 2166 2737 2222 anxia
2757 2170 2888 2221 vota
2910 2167 3035 2222 dics
3056 2209 3070 2223 .

2696 2254 2853 2312 v111.

2424 2361 2497 2400 Αι)
2534 2360 2796 2400 ιΛεοῐνοε
2834 2359 3104 2400 sonasse.

1949 2434 2108 2490 Mens
2140 2450 2265 2489 mea
2306 2435 2587 2491 virtutum
2610 2434 2826 2490 studiis
2855 2450 2890 2489 a
2920 2439 3181 2506 tempore
3211 2438 3402 2508 primo

2016 2526 2189 2579 lstitit
2217 2524 2467 2580 infames
2496 2525 2667 2581 docta
2688 2539 2890 2580 cavere
2922 2526 3069 2589 vias,

1946 2614 2056 2668 Sed
2078 2630 2191 2685 quo
2213 2614 2328 2668 vita
2350 2613 2492 2669 mibi
2526 2613 2783 2670 securior
2803 2619 2961 2670 esset
2990 2616 3143 2687 apud
3175 2632 3301 2687 vos,

2015 2706 2234 2759 Cautus
2266 2703 2588 2759 honestatis
2618 2702 3027 2759 dissimulator
3054 2721 3238 2766 cram.

1945 2792 2224 2863 Optabam
2256 2792 2410 2847 credi
2444 2792 2656 2847 similis
2677 2809 2792 2848 non
2824 2809 2955 2849 esse
2981 2794 3263 2858 favorem,

2015 2882 2137 2938 Non
2161 2882 2302 2937 mihi
2334 2897 2469 2937 vera
2491 2881 2687 2950 dabat,
2716 2883 2816 2938 sed
2849 2880 3123 2940 simulata
3153 2885 3366 2943 Venus.

1944 2972 2188 3028 Servivit
2215 2971 2380 3028 vobis
2406 2975 2549 3028 nutu
2584 2970 2820 3029 solertia
2850 2972 2994 3030 solo.

1972 3050 1978 3056 ’
2014 3062 2427 3134 Praestringens
2447 3062 2716 3134 equidem
2750 3063 2849 3118 sed
2884 3064 3123 3120 meliore
3153 3065 3308 3125 d010.

1860 3134 1905 3201 C
1946 3152 2105 3208 Mens
2135 3152 2396 3208 studiosa
2424 3168 2533 3208 sua
2562 3167 2624 3208 se
2654 3149 2944 3209 clauserat
2971 3153 3323 3222 integritate,

2003 3240 2082 3297 Ne
2108 3240 2293 3295 virtus
2316 3241 2528 3296 faceret
2557 3241 2986 3313 disparitasque
3017 3258 3283 3314 gravem.

1926 3331 2032 3385 Ast
2059 3330 2155 3385 ubi
2190 3345 2306 3385 non
2346 3329 2533 3403 potuit
2566 3330 2842 3401 perfectio
2863 3331 3248 3402 dissimulari,

1999 3418 2182 3489 Seque
2211 3417 2336 3475 suis
2356 3419 2541 3475 virtus
2566 3419 2823 3491 prodidit
2852 3418 3091 3477 indiciis
3131 3438 3144 3477 :

1929 3506 2165 3565 Invidiae
2194 3507 2454 3564 stimulis
2485 3507 2618 3579 angi
2641 3507 2863 3564 stillare
2894 3524 3111 3565 veneno

1997 3597 2056 3653 ln
2089 3597 2333 3669 populos
2356 3598 2528 3669 coepit
2555 3596 2759 3669 lingua
2789 3598 3046 3670 maligna
3074 3615 3240 3657 suos.

1926 3685 2215 3742 Confiteor
2236 3686 2545 3758 placuisse,
2579 3686 2795 3757 pudet:
2826 3687 3103 3756 quoniam
3130 3687 3425 3758 placuisse

1997 3775 2309 3846 Turpibus,
2337 3778 2437 3829 aut
2467 3781 2700 3847 propter
2729 3775 2938 3846 turpia,
2972 3779 3140 3846 turpe
3165 3775 3338 3832 bono.

1926 3863 2251 3920 Debueram
2274 3863 2425 3920 clare
2447 3864 2671 3934 rupisse
2699 3863 2954 3932 silentia,
2986 3881 3100 3921 non
3129 3880 3221 3920 me

1998 3952 2301 4008 Defunctis
2333 3952 2509 4008 tacito
2533 3952 2926 4024 consepelisse
2955 3957 3137 4009 metu.

1927 4042 2116 4096 Servit
2144 4042 2299 4096 enim
2331 4039 2533 4097 sceleri
2563 4041 2747 4097 virtus
2776 4042 3086 4114 taciturna,
3112 4059 3352 4116 reosque

1997 4130 2280 4200 Absolvit,
2305 4130 2354 4187 si
2385 4146 2503 4187 non
2537 4131 2761 4188 indicat
2789 4148 2919 4189 esse
2950 4149 3099 4190 reos.

1923 4218 2060 4275 Pars
2088 4218 2211 4275 vitii
2241 4223 2331 4276 est
2358 4219 2560 4278 vitium
2584 4220 2790 4293 quovis
2813 4220 3049 4294 palpare
3081 4224 3296 4293 favore,

1993 4309 2139 4364 Nam
2172 4308 2458 4381 palpando
2488 4310 2646 4368 loves
2669 4315 2843 4383 atque
2867 4312 3114 4370 fovendo
3136 4313 3299 4371 facis.

1926 4400 2165 4455 Praestat
2184 4416 2355 4473 opem
2383 4400 2621 4456 tacitam
2653 4401 2919 4474 viresque
2962 4402 3254 4459 ministrat
3284 4405 3496 4475 agendi

1842 4509 1897 4575 D
2000 4490 2106 4554 Qui
2136 4494 2304 4556 tacet,
2335 4493 2392 4546 et
2412 4495 2636 4561 poterat
2660 4490 2865 4547 obvius
2896 4491 3011 4547 isse
3034 4490 3208 4548 malo.

1927 4578 2073 4634 Nam
2096 4578 2277 4635 virtus
2308 4579 2427 4635 vitii
2453 4596 2556 4636 nec
2584 4584 2763 4649 amat,
2798 4597 2900 4637 nec
2921 4582 3173 4637 sustinet
3196 4581 3486 4651 umbram,

1994 4666 2109 4723 Nec
2129 4666 2245 4723 luci
2276 4668 2539 4725 tenebras
2566 4669 2858 4725 contrahit
2887 4668 3012 4739 ipsa
3032 4684 3170 4724 euae.

1919 4862 2111 4903 suren
2148 4862 2492 4904 scruposum
2522 4862 2684 4903 asnis
2723 4862 2976 4914 sasaim,
3009 4862 3070 4903 m
3106 4861 3221 4909 Quo
3249 4862 3559 4907 centenum

2308 4953 2376 4992 nr
2413 4953 2517 4992 con
2556 4953 2685 4991 mus
2717 4950 2969 4992 serum-A
2999 4951 3164 4993 sum.

1917 5025 2145 5082 Henrici
2177 5025 2346 5097 cujus
2370 5026 2619 5081 celebrat
2650 5042 2753 5082 vox
2784 5026 3015 5097 publica
3049 5044 3292 5099 nomen,

1989 5118 2105 5173 Hoc
2137 5133 2238 5188 pro
2265 5117 2644 5189 partejacent
2677 5117 2939 5175 membra
2961 5118 3193 5191 sepulta
3226 5118 3373 5178 loco.

1916 5208 2096 5274 Quem
2126 5222 2315 5279 neque
2343 5208 2626 5263 viventem
2658 5208 2924 5281 capiebat
2951 5213 3124 5279 terra,
3149 5225 3254 5266 nec
3290 5226 3449 5266 unus

1992 5296 2332 5353 Defunctum
2364 5294 2551 5370 potuit
2578 5295 2931 5371 consepelire
2952 5299 3139 5358 loeus,
