3784 6000
128 214 265 275 1121

1114 212 1480 273 EPISTOLAE
1523 213 1611 271 ET
1638 212 2078 274 PfflvlLEGIA.
2120 244 2189 259 -—
2225 211 2342 273 AN.
2383 214 2544 273 1182.

3399 225 3542 285 1122
3579 244 3584 251 ·

20 382 23 429 i
122 338 379 398 liberam
406 338 754 398 auctoritate
773 340 1159 412 proesentium
1183 338 1351 399 vobis
1371 339 1779 414 impendimus
1805 341 1857 397 Α
1887 338 2009 396 mio
2037 342 2261 397 Auerno
2289 339 2500 398 abbati
2520 341 2724 399 Sancti
2737 343 3002 403 Cassiani
3015 343 3092 403 de
3114 347 3362 417 carisio,
3382 350 3538 423 ejus·

123 427 493 486 facultatem.
526 427 679 488 Nulli
706 444 849 500 ergo
878 428 1193 487 hominum
1218 429 1395 487 liceat
1425 429 1584 487 hanc
1614 428 1779 502 pagi·

122 534 271 576 nam
300 524 520 576 nostras
552 518 1026 576 confirmationis
1045 517 1362 590 intringere
1402 519 1494 576 vel
1516 535 1673 576 ausu
1698 526 1778 574 te-

122 608 387 666 merario
427 608 744 665 contraire.
798 607 855 665 Si
888 607 1023 681 quis
1055 613 1254 665 autem
1306 609 1422 666 hoc
1487 612 1776 665 attentare

120 696 598 773 praesumpserit,
634 697 1104 770 indignationem
1133 698 1563 770 omnipotentis
1592 698 1692 754 Dei
1721 701 1778 753 et

119 786 440 846 beatorum
472 785 620 843 Petri
648 792 704 843 et
731 785 887 843 Pauli
912 787 1321 860 apostolorum
1346 787 1477 859 ejus
1504 802 1567 843 se
1596 800 1777 843 nove·

118 876 201 936 rit
222 879 628 935 incursurum.

192 966 411 1024 Datum
455 965 750 1034 Laterani,
777 980 832 1020 vi
859 968 1058 1023 Nonas
1086 966 1297 1025 Martii.

888 1076 1000 1134 XL.

191 1166 583 1239 Privileqium
608 1165 681 1223 de
707 1165 947 1223 decimis
972 1164 1119 1223 laico
1149 1180 1269 1221 non
1296 1163 1701 1221 concedendis.

641 1238 962 1309 (Laterani,
989 1239 1152 1294 Mart.
1179 1236 1259 1307 3.)

692 1326 888 1399 [Ibid.,
935 1325 1021 1396 tv,
1057 1326 1214 1401 103]

194 1418 396 1476 Lucius
424 1416 768 1488 episcopus,
801 1431 1007 1472 servus
1037 1430 1345 1473 servorum
1375 1418 1498 1488 Dei,
1531 1432 1773 1474 venera-

118 1505 226 1564 bili
247 1505 411 1564 t'ratri
434 1504 771 1578 [AnnomoL
796 1503 1243 1575 osnaburgensi
1270 1506 1579 1580 episcopo,
1611 1505 1776 1563 salu-

119 1600 244 1656 tem
274 1600 331 1652 et
356 1594 750 1670 apostolicam
773 1592 1274 1652 benedictionem.

1885 443 2005 501 que
2025 426 2328 497 fratribus,
2384 431 2505 485 tam
2561 430 2959 500 proesentibus
2999 450 3184 507 quam
3216 436 3431 495 futuris
3476 440 3537 497 in

1886 523 2272 590 perpetuum.

1958 606 2196 672 Quoties
2230 621 2266 663 a
2296 606 2472 662 nobis
2514 606 2736 679 petitur
2764 610 2927 681 quod
2953 613 3171 670 rationi
3221 620 3280 673 et
3312 617 3540 676 hones-

1887 694 1990 752 tati
2022 695 2340 752 convenire
2356 693 2746 766 dignoscitur,
2778 698 2983 757 animo
3005 714 3115 757 nos
3146 703 3317 761 decet
3337 705 3537 767 libenti

1886 783 2215 841 concedere
2254 788 2311 841 et
2336 786 2664 856 petentium
2696 786 3010 845 desideriis
3062 807 3399 864 congruum
3421 796 3537 854 im·-

1886 873 2090 945 partiri
2119 871 2500 944 suffragium.

1958 964 2304 1035 Eapropter,
2333 961 2530 1018 dilecti
2559 963 2623 1019 in
2673 963 2931 1022 Domino
2959 966 3078 1035 filii.
3114 971 3324 1028 vestris
3353 972 3534 1044 justis

1885 1050 2388 1124 postulationibus
2408 1050 3089 1128 clementerannuimus,
3119 1063 3176 1117 et
3214 1062 3532 1132 praelatum

1885 1139 2319 1197 monasterium
2346 1140 2407 1196 in
2442 1157 2566 1215 quo
2595 1141 2802 1200 divino
2832 1146 2975 1201 estis
3007 1149 3333 1222 mancipati
3358 1152 3537 1211 obse-

1882 1229 2049 1302 quio,
2081 1229 2196 1286 sub
2237 1229 2396 1286 beati
2426 1230 2577 1287 Petri
2622 1237 2679 1288 et
2716 1240 2926 1291 nostra
2951 1238 3319 1307 protectione
3351 1243 3534 1300 susci-

1883 1319 2086 1392 pimus
2111 1324 2167 1375 et
2185 1320 2493 1393 praesentis
2510 1321 2708 1394 scripti
2732 1323 3038 1396 privilegio
3059 1330 3534 1400 communimus,

1885 1412 2212 1466 statuentes
2228 1415 2692 1484 utquascunque
2706 1415 3138 1485 possessiones,
3158 1434 3536 1494 quaecunque

1882 1496 2048 1555 bona
2058 1499 2272 1555 eadem
2295 1499 2544 1557 ecclesio
2561 1501 3105 1574 impraesentiarum
3116 1506 3138 1577 j
3150 1514 3277 1564 uste
3288 1513 3345 1565 et
3358 1524 3538 1568 cano-

1881 1587 2015 1644 nice
2041 1587 2329 1661 possidet,
2363 1595 2467 1645 aut
2508 1590 2569 1646 in
2627 1588 2898 1648 futurum
2930 1597 3310 1654 concessione
3345 1601 3539 1671 ponti·

194 1683 597 1742 Fraternitatis
617 1688 731 1741 tuae
752 1682 1030 1739 discretio
1058 1697 1180 1739 non
1211 1684 1463 1755 ignorat,
1489 1686 1640 1744 sicut
1664 1702 1773 1759 pro
1803 1695 1850 1754 Β
1880 1676 2089 1742 ficum·
2109 1676 2425 1748 largitione
2451 1694 2661 1752 regum
2702 1680 2795 1737 vel
2833 1683 3193 1757 principum,
3227 1687 3533 1749 oblatione

123 1777 286 1832 certo
316 1772 644 1836 credimus,
677 1774 844 1844 quod
897 1787 1038 1828 cum
1066 1772 1317 1831 decimas
1349 1775 1479 1832 sine
1508 1776 1771 1849 periculo

123 1867 431 1937 nequeant
459 1878 496 1919 a
525 1861 689 1919 laicis
714 1860 1024 1934 possideri,
1044 1877 1165 1919 non
1197 1865 1437 1921 sunteis
1462 1864 1576 1922 sub
1604 1881 1772 1922 occa-

120 1954 290 2011 sione
310 1953 511 2025 aliqua
531 1951 956 2008 concedendas.
984 1951 1243 2026 ideoque
1259 1953 1607 2012 auctoritate
1627 1970 1772 2028 apo·

121 2042 333 2101 stolica
350 2040 742 2114 prohibemus
766 2055 840 2096 ne
864 2040 1300 2114 decimas,quae
1312 2043 1386 2099 de
1408 2048 1593 2100 manu'
1614 2044 1769 2103 laica

118 2137 261 2191 sunt
288 2136 503 2206 ereptae
528 2129 620 2186 vel
640 2128 880 2185 liberari
905 2136 1185 2201 poterunt
1227 2133 1284 2187 in
1332 2134 1620 2199 futurum,
1647 2135 1769 2191 cui·

115 2239 304 2298 quam
330 2220 621 2278 laicorum
645 2218 934 2290 assignes,
963 2219 1067 2276 sed
1096 2219 1157 2275 in
1181 2219 1561 2280 refectionem
1587 2224 1768 2281 eccle-

114 2314 341 2370 siarum
366 2314 422 2366 et
441 2308 938 2366 sustentationem
961 2309 1309 2366 clericorum
1335 2315 1390 2368 et
1408 2328 1764 2386 pauperum,

117 2401 267 2458 sicut
294 2400 353 2456 in
393 2399 731 2456 canonibus
759 2402 848 2454 est
877 2402 1187 2465 statutum,
1215 2399 1487 2458 studiose
1516 2418 1762 2459 conver-

117 2494 231 2555 taS,
260 2488 343 2545 ita
371 2486 537 2560 quod
557 2501 627 2542 ex
678 2485 793 2542 hoc
840 2502 950 2542 nec
981 2487 1297 2544 hominum
1327 2488 1759 2548 detractionem

114 2578 408 2642 incurras,
438 2590 550 2632 nec
578 2574 1051 2645 indignationem
1076 2576 1343 2635 divinam
1383 2579 1444 2635 in
1481 2595 1763 2654 supremo

113 2667 322 2726 valeas
342 2664 616 2722 examine
639 2663 981 2722 formidare.

189 2758 401 2815 Datum
428 2754 721 2822 Laterani,
752 2770 791 2811 v
818 2758 1018 2812 Nonas
1043 2756 1248 2814 Martii.

701 2845 906 2902 Lucws
943 2861 1086 2902 riu
1111 2861 1187 2903 ιιι.

878 2936 1005 2992 XLl.

1882 1766 2175 1833 fidelium,
2203 1782 2308 1823 seu
2334 1766 2465 1823 aliis
2472 1767 2651 1839 justis
2665 1770 2884 1836 modis,
2920 1780 3231 1844 praestante
3253 1778 3530 1839 Domino.

1882 1856 2095 1928 poterit
2123 1854 2395 1929 adipisci,
2423 1855 2598 1914 firma
2628 1859 2800 1915 vobis
2821 1862 3150 1936 vestrisque
3176 1868 3536 1927 successori·

1878 1943 1993 2002 bus
2005 1943 2295 2001 etillibata
2319 1952 2734 2017 permaneant,
2757 1947 3055 2021 imprimis
3095 1951 3394 2024 siquidem
3417 1961 3534 2013 sta·

1879 2038 2110 2092 tuentes
2141 2040 2201 2091 ut
2231 2034 2380 2091 ordo
2417 2036 2815 2104 monasticus,
2845 2039 2951 2112 qui
2980 2043 3312 2099 secundum
3339 2043 3524 2104 Deum

1876 2130 1934 2181 et
1956 2123 2116 2181 beati
2144 2124 2439 2181 Benedicti
2470 2123 2754 2196 Regulam
2794 2127 2855 2183 in
2894 2129 3103 2186 eadem
3137 2132 3386 2191 ecclesia
3411 2151 3526 2193 no-

1875 2215 2057 2272 scitur
2078 2215 2403 2284 institutus,
2444 2216 2745 2286 perpetuis
2769 2216 2993 2275 ibidem
3039 2223 3410 2294 temporibus
3439 2227 3529 2283 in-

1874 2303 2228 2363 violabiliter
2255 2303 2630 2360 observetur.
2670 2305 3122 2366 Possessionum
3168 2317 3372 2370 autem
3416 2331 3524 2374 no-

1874 2395 2043 2453 mina
2070 2393 2350 2450 duximus
2373 2394 2767 2466 exprimenda
2799 2412 2812 2452 ε

1945 2483 2158 2540 Villam
2179 2483 2253 2539 de
2283 2483 2505 2540 carisio
2534 2498 2673 2541 cum
2704 2491 2869 2541 curte
2898 2491 2955 2544 et
2978 2487 3524 2551 districtoetomni·

1873 2573 1989 2631 bus
2028 2572 2399 2646 pertinentiis
2428 2573 2580 2644 ejus,
2608 2589 2746 2631 cum
2773 2573 3020 2633 flumine
3042 2579 3312 2655 Rogulo,·
3341 2584 3529 2640 eccle·

1875 2663 2031 2721 siam
2061 2661 2262 2720 Sancti
2284 2661 2580 2719 Michaelis
2605 2663 2680 2719 de
2709 2666 3132 2724 monterutrulo
3159 2684 3298 2726 cum
3330 2673 3524 2729 omni·

1873 2752 1992 2811 bus
2020 2768 2155 2825 quse
2193 2750 2454 2808 habetet
2482 2753 2772 2824 possidet,
2804 2760 2861 2811 et
2888 2771 3028 2813 cum
3076 2758 3353 2816 omuibus
3380 2776 3525 2834 quoe

1875 2841 2110 2899 habetis
2136 2840 2198 2897 in
2224 2847 2388 2898 curte
2421 2845 2479 2898 et
2517 2842 2760 2900 castello
2790 2843 2864 2901 de
2894 2844 3135 2904 Peczole
3164 2865 3179 2916 ;
3212 2849 3523 2908 ecclesiam

1877 2932 2076 2990 Sancti
2103 2931 2374 2989 Cerbonii
2395 2948 2532 2988 cum
2554 2933 2839 2990 omnibus
2862 2952 3000 3010 quoe
3030 2937 3265 2995 habetis
3293 2940 3354 2996 in
3385 2940 3526 3002 villa

114 3027 501 3100 Privileqium
522 3029 596 3085 de
610 3028 923 3098 sepultura
954 3015 1015 3082 iri
1033 3027 1278 3086 ecclesia
1298 3027 1763 3102 Omnem-qemi.
1802 3062 1843 3118 C
1876 3025 1934 3078 et
1961 3027 2125 3078 curte
2149 3020 2223 3077 de
2252 3020 2530 3094 Applano
2557 3037 2573 3088 ἱ
2607 3030 2666 3079 et
2704 3039 2842 3096 quae
2866 3024 3104 3084 habetis
3133 3028 3194 3085 in
3217 3032 3438 3098 Bocoa,
3466 3035 3528 3088 et

629 3099 948 3171 (Laterani,
980 3099 1140 3153 Mart.
1172 3102 1256 3169 3.)

840 3184 1046 3259 [leid]

183 3280 384 3337 Luctus
412 3277 749 3352 episcopus,
801 3290 1009 3331 servus
1035 3290 1351 3334 servorum
1376 3278 1501 3349 Dei,
1531 3278 1764 3338 dilectis

112 3366 342 3424 filiis....
397 3365 723 3440 praeposito
786 3368 842 3420 et
902 3364 1223 3421 conventui
1290 3367 1761 3436 osnaburgensi,

117 3457 370 3514 salutem
404 3462 459 3511 et
484 3452 877 3528 apostolicam
904 3452 1403 3511 benedictionem.

186 3544 505 3618 Siquando
526 3542 907 3616 postulatura
919 3541 1096 3599 nobis
1107 3543 1271 3616 quod
1293 3543 1413 3615 juri
1426 3545 1761 3613 conveniat,

113 3641 173 3694 et
203 3637 280 3693 ab
300 3634 705 3692 ecclesiastica
740 3648 861 3691 non
892 3633 1163 3691 dissonet
1198 3633 1532 3705 honestate,
1562 3642 1764 3709 peten-

115 3726 262 3784 tium
292 3725 600 3782 desideriis
622 3723 856 3781 facilem
882 3723 1175 3781 debemus
1195 3724 1479 3798 impertiri
1510 3741 1760 3784 consen-

114 3832 247 3872 sum
259 3857 274 3883 ,
290 3830 620 3887 eorumque
640 3818 780 3871 vota
794 3813 1007 3872 effectu
1022 3820 1422 3888 prosequente
1438 3815 1761 3889 complere.

113 3908 461 3978 Eapropter,
488 3904 995 3976 postulationibus
1046 3905 1253 3961 vestris
1284 3909 1523 3976 gratum
1546 3905 1764 3979 imper-

115 3994 322 4051 tientes
348 4009 689 4059 assensum,
715 3990 1086 4066 sepulturam
1111 3994 1377 4052 ecclesiae
1395 3994 1764 4053 vestroelibe·

114 4099 244 4141 ram
276 4099 405 4141 esse
436 4082 838 4147 decernimus,
885 4087 947 4138 ut
992 4098 1201 4139 eorum
1231 4084 1532 4142 devotioni
1576 4093 1630 4141 et
1654 4102 1758 4141 ex-

114 4178 319 4231 tremae
352 4172 637 4229 voluntati
662 4171 766 4244 qui
786 4187 850 4228 se
878 4170 994 4227 illic
1022 4171 1255 4245 sepeliri
1277 4172 1761 4242 deliberaverint,

112 4263 227 4320 nisi
258 4263 407 4319 forte
427 4260 929 4319 excommunicati
960 4260 1052 4316 vel
1086 4259 1377 4317 interdicti
1401 4261 1540 4329 sint,
1564 4262 1765 4320 nullus

115 4352 389 4418 obsistat,
416 4351 582 4406 salva
610 4354 809 4404 tamen
823 4348 1297 4419 justitiaillarum
1321 4350 1707 4408 ecclesiarum
1729 4369 1767 4411 a

1876 3116 2041 3168 curte
2065 3110 2140 3167 de
2171 3109 2319 3168 Valli
2345 3126 2362 3179 3
2392 3116 2450 3168 et
2468 3119 2698 3185 partem
2724 3130 2911 3186 quam
2938 3116 3174 3174 habetis
3196 3120 3254 3175 in
3270 3120 3527 3180 ecclesia

1868 3199 2237 3258 'Sancti-lusti
2262 3215 2278 3266 ;
2305 3203 2365 3257 et
2390 3202 2593 3258 omnia
2615 3217 2754 3275 quse
2785 3203 3018 3262 habetis
3047 3208 3108 3263 in
3139 3215 3302 3267 eurte
3331 3210 3524 3282 Aliga,

1873 3293 1931 3345 et
1964 3289 2025 3345 in
2054 3293 2219 3345 curte
2242 3291 2299 3344 et
2345 3288 2608 3347 districto
2646 3290 2721 3347 de
2755 3291 3015 3361 Foliano,
3043 3300 3102 3352 et
3151 3297 3213 3353 in
3237 3300 3421 3372 podio
3449 3301 3525 3357 de

1874 3382 2077 3434 monte
2101 3375 2375 3443 Fusculo,
2399 3378 2540 3434 etin
2562 3385 2725 3435 curte
2752 3383 2825 3437 de
2837 3383 3097 3441 Alatreta
3122 3401 3259 3443 eum
3274 3388 3525 3448 ecclesia

1874 3465 2079 3522 Sancti
2107 3466 2352 3522 Andreae
2382 3473 2437 3522 et
2461 3468 2749 3525 omnibus
2790 3486 2928 3544 quae
2948 3472 3186 3530 habetis
3218 3475 3279 3533 in
3311 3477 3526 3536 eadem

1874 3554 2017 3613 villa
2047 3554 2401 3622 ;ecclesiam
2431 3554 2634 3613 Sancti
2656 3558 2934 3617 Pontiani
2977 3578 3113 3619 cum
3147 3567 3353 3636 podio,
3387 3567 3527 3625 villa

1872 3648 1932 3701 et
1955 3650 2118 3700 curte
2141 3643 2414 3715 ejusdem
2441 3661 2456 3713 ;
2479 3653 2537 3702 et
2565 3660 2701 3718 quae
2730 3646 2967 3707 habetis
3011 3650 3073 3708 in
3121 3658 3286 3709 curte
3315 3654 3389 3711 de
3419 3654 3527 3711 Le·

1874 3732 1977 3805 gul
2005 3735 2147 3791 etin
2171 3738 2336 3790 curte
2357 3736 2432 3790 de
2468 3737 2775 3805 Toguano,
2805 3744 2863 3794 et
2919 3739 2980 3796 in
3026 3745 3192 3798 curte
3222 3741 3297 3800 de
3325 3748 3525 3802 castro

1876 3822 2021 3880 Falfi
2046 3845 2067 3895 ,-
2096 3822 2412 3881 ecclesiam
2446 3826 2647 3881 Sancti
2672 3828 2821 3882 Petri
2858 3835 2915 3884 et
2943 3828 3198 3888 Libiano
3254 3848 3393 3889 cum
3429 3834 3525 3892 his

1876 3928 2013 3985 quae
2037 3912 2272 3970 habetis
2293 3913 2354 3969 in
2382 3911 2521 3970 villa
2544 3914 2620 3970 de
2637 3915 2914 3986 L1biano;
2946 3919 3260 3978 ecclesiam
3291 3921 3525 3981 Sanctae

1877 4002 2068 4061 Mariae
2098 4003 2174 4060 de
2195 4001 2471 4060 Griciano
2510 4019 2650 4060 cum
2679 4005 2988 4074 omnibus,
3028 4024 3165 4083 quae
3195 4011 3433 4069 habetis
3461 4012 3525 4070 in

1875 4091 2170 4157 Grician0,
2202 4097 2257 4148 et
2285 4098 2448 4149 curte
2473 4093 2643 4163 eJus;
2697 4099 2753 4151 et
2798 4097 3002 4154 omnia
3031 4114 3168 4170 quoe
3196 4100 3430 4159 habetis
3462 4102 3527 4160 in

1873 4182 2270 4238 montecucari
2296 4198 2315 4253 ;
2348 4185 2406 4238 et
2435 4180 2497 4237 in
2527 4187 2691 4240 curte
2728 4185 2804 4241 de
2835 4187 3132 4255 monticlo,
3183 4194 3242 4247 et
3271 4190 3329 4247 in
3361 4198 3526 4250 curte

1874 4269 1950 4326 de
1991 4274 2168 4336 pava.
2201 4275 2259 4327 et
2308 4270 2370 4328 in
2412 4279 2574 4329 curte
2612 4273 2688 4329 de
2719 4274 3072 4348 Casanova;
3112 4285 3170 4335 et
3197 4279 3260 4337 in
3284 4280 3422 4339 villa
3449 4282 3527 4339 de

1874 4358 2186 4425 Padule,et
2209 4359 2272 4417 in
2294 4366 2458 4418 curte
2474 4363 2548 4420 de
2575 4363 2949 4434 Camuliano,
2964 4368 3108 4424 etin
3133 4374 3296 4427 curte
3315 4371 3391 4430 de
3413 4372 3523 4429 Pa-

115 4439 340 4514 quibus
368 4443 741 4494 mortuorum
764 4452 1018 4510 corpora
1034 4440 1764 4513 assumuntur.Nulliergo
1796 4421 1841 4478 D
1874 4448 2014 4520 laJa,
2047 4449 2174 4506 etin
2205 4456 2370 4507 curte
2390 4450 2464 4506 de
2489 4453 2832 4511 Hontezano
2856 4471 2871 4522 ;
2899 4460 2958 4511 et
2976 4457 3290 4516 ecclesiam
3320 4459 3525 4520 Sancti

114 4528 364 4588 omnino
381 4526 696 4582 hominum
715 4524 885 4582 liceat
901 4526 1060 4583 hanc
1080 4528 1367 4599 paginam
1386 4536 1605 4587 nostroe
1626 4546 1765 4590 con·

116 4615 478 4677 firmationis
525 4614 845 4686 infringere
883 4615 976 4672 vel
1018 4617 1070 4673 ei
1099 4633 1254 4675 ausu
1284 4620 1599 4677 temerario
1629 4636 1763 4682 con·

114 4708 310 4766 traire.
342 4707 399 4764 Si
426 4706 564 4780 quis
601 4710 803 4762 autem
843 4704 959 4763 hoc
978 4711 1262 4764 attentare
1290 4709 1763 4783 praesumpserit,

111 4797 594 4869 indignationem
624 4795 1050 4868 omnipotentis
1076 4794 1179 4852 Dei
1202 4800 1258 4853 et
1284 4796 1600 4855 beatorum
1616 4801 1765 4858 Petri

115 4891 173 4945 et
200 4886 372 4944 Pauli
398 4884 812 4961 apostolorum
841 4885 972 4957 ejus
1003 4901 1068 4942 se
1091 4886 1322 4943 noverit
1343 4885 1755 4951 incursurum.

185 4976 402 5033 Datum
426 4974 719 5043 Laterani,
746 4990 782 5030 v
806 4977 1002 5031 Nonas
1025 4975 1231 5033 Martii.

855 5082 1011 5137 XLll.

109 5171 408 5232 Ecclesias
435 5178 489 5229 et
509 5170 662 5229 bona
688 5173 1031 5316 monaslgerii
1056 5175 1120 5302 «ις.
1142 5177 1418 5235 Cassiani
1442 5178 1517 5235 de
1533 5176 1765 5235 carisio

773 5260 880 5302 con
922 5261 1058 5303 rma
1091 5288 1104 5302 .

619 5337 934 5410 (Laterani,
974 5339 1138 5394 Mart.
1178 5334 1259 5409 8.)

245 5422 500 5501 [Annal.
524 5427 888 5494 camaldul„
921 5425 1014 5498 tv,
1045 5427 1348 5502 Append„
1374 5444 1438 5502 p.
1477 5431 1638 5508 ¹07.]

176 5516 379 5574 Luctus
399 5516 740 5591 episcopus,
769 5531 975 5575 servus
1023 5531 1337 5577 servorum
1364 5519 1487 5588 Dei,
1536 5521 1752 5587 dilecto

1875 4537 2134 4596 Fridiani
2153 4538 2229 4596 de
2248 4540 2665 4613 Pomponiano
2684 4558 2822 4599 cum
2848 4547 3133 4602 omnibus
3158 4550 3525 4619 pertinentiis

1874 4627 2018 4696 suis,
2046 4632 2102 4686 et
2139 4644 2279 4686 cum
2331 4630 2612 4687 omnibus
2662 4646 2800 4705 quae
2851 4631 3084 4691 habetis
3140 4635 3200 4692 in
3251 4636 3522 4706 castello,

1874 4725 1932 4775 et
1954 4724 2118 4775 curte
2155 4723 2211 4776 et
2231 4717 2498 4777 districto
2556 4722 2633 4778 de
2673 4721 2894 4778 Bibone
2935 4741 2950 4792 ;
3006 4729 3063 4781 et
3116 4740 3252 4798 quae
3285 4725 3525 4784 habetis

1873 4807 1937 4864 in
1962 4812 2125 4865 curte
2154 4808 2229 4864 de
2253 4810 2638 4868 Gavorrano:
2679 4809 2997 4869 ecclesiam
3042 4812 3241 4870 Sancti
3271 4815 3521 4873 Andreas

1873 4895 1951 4953 de
1988 4896 2135 4954 Ravi
2159 4912 2299 4954 cum
2350 4896 2638 4955 omnibus
2663 4913 2798 4972 qum
2835 4899 3017 4958 habet
3048 4908 3105 4958 et
3133 4903 3424 4975 possidet,
3465 4910 3525 4963 et

1874 4986 2084 5044 omnia
2131 5002 2266 5060 qum
2297 4987 2376 5044 ad
2426 5002 2532 5044 vos
2560 4989 2856 5060 pertinent
2909 4991 2970 5047 in
3002 4992 3216 5048 eadem
3245 4998 3410 5052 curte
3445 4995 3524 5052 de

1874 5076 2017 5133 Ravi
2035 5092 2050 5145 ;
2073 5075 2387 5134 ecclesiam
2410 5078 2606 5135 Sancti
2623 5077 2904 5138 Germani
2926 5097 3066 5139 cum
3078 5083 3366 5142 omnibus
3379 5100 3519 5159 qum

1873 5164 2302 5239 possidet‚quae
2318 5170 2436 5225 sita
2459 5168 2518 5224 in
2550 5175 2715 5227 curte
2737 5170 2812 5227 de
2841 5170 3242 5245 collemajori,
3262 5182 3319 5231 et
3342 5190 3522 5251 quae-

1874 5270 2114 5329 cunque
2142 5255 2377 5313 habetis
2401 5257 2462 5314 in
2478 5263 2642 5316 curte
2670 5265 2727 5317 et
2750 5259 3017 5319 districto
3045 5262 3122 5320 de
3145 5264 3436 5333 Burian03
3459 5268 3520 5323 et

1874 5345 2083 5403 omnia
2105 5360 2237 5419 quoe
2265 5344 2499 5404 habetis
2526 5348 2589 5405 in
2614 5354 2780 5407 curte
2807 5350 2883 5408 de
2909 5351 3182 5422 Cumulo,
3211 5354 3523 5414 etincurte

1875 5432 1953 5492 de
1982 5432 2174 5493 Ceole.
2203 5435 2359 5494 Sane
2394 5437 2699 5496 novalium
2732 5446 3063 5500 vestrorum
3090 5459 3229 5517 quas
3267 5443 3524 5518 propriis

1877 5524 2162 5583 manibus
2175 5531 2280 5585 aut
2307 5528 2650 5602 sumptibus
2679 5529 3013 5598 colitiasive
3040 5533 3118 5592 de
3141 5533 3525 5594 nutrimentis
