3784 6000
137 212 282 273 1165

1048 212 1421 274 EPISTOLAE
1458 213 1547 271 ET
1585 214 2028 277 PRIVILEGIA.
2067 249 2137 265 --
2173 220 2290 280 ΔΝ.
2333 221 2659 281 1182-1183.

3413 233 3556 295 neo

206 341 328 414 Ego
362 343 649 399 Ranerius
697 342 1014 415 presbyter
1070 341 1392 398 cardinalis
1437 345 1785 398 sanctorum
1811 351 1861 407 Α
1890 343 2328 403 confirmamus
2357 350 2416 403 et
2443 347 2764 420 praesentis
2796 347 2999 424 scripti
3026 354 3362 425 patrocinio
3385 372 3558 417 com..

127 433 378 489 loannis
409 437 463 488 et
515 432 673 490 Pauli
704 432 853 488 tituli
888 430 1211 489 pamachii.

200 523 325 593 Ego
403 522 651 579 Albinus
678 523 970 579 diaconus
1042 519 1363 577 cardinalis

127 613 328 666 Novae.

202 699 418 755 Datum
450 699 701 767 velletri,
732 715 838 771 per
859 714 1110 755 manum
1154 697 1370 754 Alberti
1415 699 1468 754 S.
1498 700 1780 755 Romanae

126 788 429 855 Ecclesiae,
481 788 809 860 presbyteri
859 787 1185 845 cardinalis
1236 792 1291 843 et
1342 786 1702 854 cancellarii,
1748 803 1780 843 x

126 876 258 934 Kal.
298 877 585 942 ianuarii,
614 877 936 933 indictione
963 877 1177 949 prima,
1212 874 1649 933 incarnationis
1673 875 1781 931 Do-

128 964 361 1022 minicae
412 966 568 1031 1182,
599 965 977 1039 pontificatus
1007 981 1143 1022 vero
1183 964 1392 1021 domni
1415 963 1577 1022 Lucii
1604 978 1780 1039 papoe

127 1055 194 1110 lll
223 1069 385 1111 anno
420 1070 478 1110 ιι.

1441 522 1497 577 S.
1584 520 1783 578 Marius

866 1126 1041 1182 Lxxl.

131 1215 612 1271 Transactionem
658 1232 693 1269 a
727 1214 1093 1279 GaichardO,
1136 1215 1190 1270 b.
1222 1228 1302 1270 m.
1332 1212 1778 1283 archiepiscopo

198 1285 598 1356 maydunensi.
630 1302 762 1343 cum
794 1287 1086 1358 Guiqone,
1113 1285 1318 1343 comite
1343 1285 1607 1352 Formati,
1638 1286 1773 1357 [ac-

196 1365 317 1415 tam
353 1358 694 1429 confirmat.

935 1452 990 1500 et
1025 1447 1060 1498 '.

221 1533 610 1604 [Meuasriuem
643 1445 1124 1605 Ηίζςι.(ἔῖι[,;ιοῖι,
1154 1533 1402 1599 Preuv.,
1435 1548 1503 1606 p.
1541 1533 1670 1604 xu.]

193 1622 394 1678 Luctus
416 1624 760 1695 episcopus,
794 1639 999 1680 servus
1030 1638 1337 1679 servorum
1391 1623 1514 1689 Dei,
1545 1621 1775 1679 dilectis

1891 433 2244 502 munimus;
2295 439 2629 492 statuentes
2663 439 2728 492 ut
2754 435 2903 493 nulli
2944 441 3196 500 omnino
3231 442 3553 505 hominum

1888 521 2065 579 liceat
2091 522 2251 580 hanc
2282 523 2573 597 paginam
2597 528 2815 581 nostrai
2843 527 3320 591 confirmationis
3346 534 3553 593 infrin-

1889 626 2050 683 gere,
2081 612 2174 668 vel
2202 615 2254 669 ei
2284 628 2439 669 ausu
2464 617 2694 671 temera
2708 614 2797 672 rio
2826 618 3141 676 contraire.
3174 622 3230 679 Si
3277 624 3415 697 quis
3441 640 3551 683 au-

1889 704 2007 756 tem
2047 701 2164 757 hoc
2201 706 2492 760 attentare
2544 707 3017 776 praesumpserit,
3071 707 3548 784 indignationem

1887 789 2316 863 omnipotentis
2345 791 2446 848 Dei
2480 796 2537 848 et
2564 790 2883 850 beatorum
2934 795 3086 853 Petri
3124 805 3181 855 et
3211 799 3376 859 Pauli
3406 817 3549 878 apo-

1889 877 2179 935 stolorum
2203 880 2332 950 ejus
2355 896 2419 937 se
2444 881 2681 936 noverit
2707 881 3119 943 incursurum.

1958 966 2173 1024 Datum
2205 968 2455 1041 Velletri,
2483 984 2588 1026 xm
2616 969 2744 1026 Kal.
2777 971 3017 1045 Aprilis.

2128 1158 2521 1232 Privileyium
2556 1179 2669 1233 pro
2715 1165 2979 1238 capitulo
3016 1168 3306 1229 Remensi.

2411 1249 2687 1322 (velletri,
2719 1257 2883 1312 Mart.
2912 1256 3026 1327 26).

1884 1333 2108 1409 [varim.
2141 1337 2425 1395 Archives
2441 1341 2748 1399 administ.
2772 1343 2846 1402 de
2873 1344 2936 1401 la
2958 1344 3183 1403 villcde
3202 1346 3417 1417 Reims,
3437 1353 3475 1407 t.
3501 1352 3544 1415 l,

1921 1420 1927 1426 '
2419 1430 2608 1501 partie
2637 1432 2728 1497 1·“·,
2765 1447 2827 1505 p.
2858 1432 3007 1506 toa]

1957 1513 2158 1570 Lucius
2188 1515 2528 1588 episcopus,
2573 1535 2789 1576 servus
2818 1536 3131 1579 servorum
3168 1522 3288 1592 Dei,
3313 1524 3545 1584 dilectis

1883 1600 2042 1665 filiis,
2077 1605 2143 1658 R.
2184 1603 2436 1671 decano,
2470 1610 2528 1661 et
2560 1608 2831 1681 capitulo
2858 1611 3160 1677 Remensi,
3189 1619 3300 1670 etc.

118 1709 256 1766 filiis
286 1711 519 1767 decano
548 1718 606 1767 et
633 1712 894 1783 capitulo
949 1711 1352 1781 Lugdunensi,
1412 1711 1671 1768 salutem
1719 1716 1778 1768 et
1806 1712 1848 1767 Β
1956 1691 2175 1747 νθδῑῗῑδ
2196 1691 2375 1762 j²¹⁸²¹⁸
2397 1695 2895 1767 P⁰⁸m¹³¹i⁰¹¹ib⁰⁸
2915 1705 3545 1774 8Ῑ)Π““’“Ῑ”(’3’ΡῙἪΞΒΘῙῙ·

116 1799 507 1872 apostolicam
538 1799 1038 1856 benedictionem.

193 1889 458 1960 Suscepti
488 1890 792 1958 regiminis
812 1890 1332 1947 administratione
1358 1890 1776 1963 compellimur

112 1977 293 2049 justis
323 1977 708 2049 petitionibus
741 1978 1117 2048 singulorum
1145 1995 1411 2037 annuere
1449 1985 1506 2036 et
1544 1995 1615 2037 ea
1638 1996 1774 2053 quae

117 2066 245 2122 sine
269 2069 558 2137 pravitate
578 2067 653 2123 de
677 2067 979 2125 voluntate
994 2070 1257 2141 partium
1274 2073 1619 2126 statuuntur
1630 2085 1776 2142 apo-

120 2155 331 2211 stolico
358 2155 687 2227 patrocinio
709 2158 1105 2224 communire,
1132 2173 1206 2214 ne
1234 2156 1602 2228 malignitate
1625 2173 1775 2230 quo-

117 2244 403 2301 rumlibet
442 2244 816 2302 rescindatur
867 2247 925 2300 in
962 2252 1268 2318 posterum
1299 2246 1465 2319 quod
1496 2252 1587 2304 est
1634 2262 1772 2303 cum

119 2333 320 2390 studio
350 2340 404 2389 et
431 2333 637 2390 labore
660 2335 962 2391 amicabili
995 2337 1434 2408 compositione
1455 2339 1769 2393 statutum.

121 2422 287 2479 Unde
316 2425 480 2496 quod
529 2423 855 2496 postulavit
904 2441 939 2480 a
972 2423 1148 2480 nobis
1193 2429 1393 2481 vestra
1420 2426 1679 2492 devoti0,
1709 2430 1775 2482 ut

120 2513 583 2568 transactionem
599 2512 758 2568 illam
775 2528 960 2584 quam
982 2513 1159 2571 bonae
1174 2515 1478 2569 memoriae
1494 2513 1772 2571 Guichar-

119 2600 235 2656 dus
267 2601 576 2673 quondam
599 2602 1092 2675 archiepiscopus
1122 2608 1331 2671 vester,
1363 2602 1540 2659 nobis
1561 2619 1773 2659 assen-

120 2690 405 2746 tientibus
422 2696 479 2746 et
511 2691 923 2762 praesentibus,
948 2707 1085 2748 cum
1128 2691 1312 2749 nobili
1345 2707 1482 2747 vero
1503 2691 1771 2763 Guigone

118 2779 362 2835 Forensi
383 2781 600 2836 comite
621 2779 775 2844 fecit,
801 2781 999 2853 scripti
1022 2780 1214 2836 nostri
1230 2780 1558 2837 munimine
1571 2781 1771 2838 firma-

114 2884 336 2924 remus.
360 2872 472 2924 Nos
487 2872 691 2923 vestris
708 2869 1209 2940 postulationibus
1222 2875 1770 2937 annuentes,trans·

115 2958 411 3014 actionem
438 2958 652 3029 ipsam,
684 2958 837 3014 sicut
864 2958 938 3014 de
969 2966 1302 3031 spontanea
1317 2959 1621 3016 voluntate
1637 2975 1769 3031 par-

117 3047 266 3103 tium
288 3047 443 3104 facta
474 3052 636 3103 estet
661 3055 918 3119 recepta,
933 3052 1129 3104 ratam
1141 3048 1442 3104 habemus
1459 3053 1516 3104 et
1531 3066 1665 3106 eam
1689 3048 1768 3105 ad
1799 3062 1839 3117 c

113 3138 470 3194 memoriam
501 3136 840 3192 futurorum
865 3136 941 3191 de
973 3136 1156 3191 verbo
1208 3137 1286 3192 ad
1318 3138 1592 3209 verbum,
1616 3138 1770 3194 sicut

111 3227 172 3284 in
203 3226 421 3298 scripto
452 3226 795 3282 authentico
849 3225 1206 3291 continetur,
1249 3224 1454 3280 litteris
1485 3226 1768 3282 duximus

111 3314 546 3381 adnotandam,
571 3314 629 3369 in
663 3315 904 3370 nomine
935 3313 1173 3369 Domini
1198 3314 1381 3370 nostri
1400 3316 1535 3369 lesu
1558 3314 1767 3370 Christi

111 3405 184 3459 a'd
210 3409 510 3476 perpetuas
538 3403 704 3476 pacis
723 3402 1104 3459 stabilitatem
1129 3402 1280 3459 inter
1291 3402 1610 3459 dominum
1628 3402 1768 3459 Gui-

111 3502 429 3567 chardum,
464 3506 576 3557 etc.

180 3591 399 3647 Datum
427 3590 682 3658 Velletri,
715 3605 819 3661 per
851 3605 1099 3645 manum
1131 3589 1354 3645 Alherti
1403 3594 1625 3645 sanotae
1655 3592 1771 3646 Ro-

112 3696 306 3737 manae
365 3679 638 3734 Ecclesiae
690 3679 883 3750 presb.
930 3677 1096 3735 card.
1148 3683 1205 3734 et
1233 3677 1596 3746 cancellarii,
1657 3681 1772 3736 No-

109 3785 220 3825 nas
228 3807 336 3823 .....
364 3768 690 3824 indictione
710 3768 1246 3836 xv,lncarnationis
1267 3768 1590 3824 Dominicae
1607 3784 1770 3825 anno

111 3857 268 3921 1182,
300 3860 681 3929 pontificatus
726 3874 863 3915 vero
893 3857 1127 3914 domini
1185 3857 1347 3914 Lucii
1402 3873 1575 3931 papae
1606 3872 1769 3914 anno

113 3947 331 4019 primo,

657 4019 849 4075 ANNO
889 4018 1224 4077 1182-1183.

838 4106 1036 4164 Lxxu.

117 4198 434 4256 canonicis
465 4198 810 4254 Ascensibas
856 4198 1162 4254 ecclesiam
1219 4195 1281 4252 S.
1338 4195 1638 4254 flichaelis
1700 4196 1774 4253 de

652 4268 961 4325 Intercisio
999 4268 1241 4325 asserit.

627 4356 904 4424 (velletri,
937 4358 1102 4413 Mart.
1145 4357 1273 4428 20.)

230 4444 528 4516 [Historiae
577 4445 792 4515 patriar
820 4461 1106 4512 monum„
1138 4446 1366 4503 Chartae
1415 4449 1456 4516 1,
1495 4446 1664 4520 eam

192 4535 394 4590 Luctus
415 4534 755 4606 episcopus,
799 4550 1007 4590 servus
1034 4550 1343 4591 servorum
1396 4536 1518 4602 Dei,
1541 4535 1775 4593 dilectis

120 4625 255 4680 filiis
277 4623 796 4695 archipresbytero
810 4628 866 4679 et
883 4624 1187 4681 canonicis
1200 4623 1491 4688 Astensis,
1519 4624 1776 4682 salutem

122 4719 176 4770 et
207 4711 603 4785 apostolicam
629 4711 1134 4769 benedictionem.

191 4803 219 4857 J
228 4803 371 4858 ustis
403 4802 731 4873 petentium
758 4801 1069 4858 desideriis
1100 4801 1353 4873 dignum
1377 4806 1467 4858 est
1496 4817 1610 4858 nos
1631 4801 1782 4858 faci-

123 4892 241 4947 lem
298 4891 563 4964 praebere
606 4906 992 4960 consensum,
1024 4895 1080 4946 et
1120 4895 1257 4948 vota
1287 4906 1422 4963 quae
1462 4906 1500 4949 a
1528 4890 1779 4947 rationis

125 4981 358 5037 tramite
400 4995 519 5036 non
555 4980 921 5046 discordant,
954 4978 1170 5036 effectu
1196 4985 1597 5054 prosequente
1617 4995 1780 5037 com·

125 5070 305 5140 plere.
329 5071 668 5141 Eapropter,
696 5070 889 5126 dilecti
912 5069 972 5124 in
1002 5070 1257 5125 Domino
1284 5068 1410 5137 filii,
1446 5070 1656 5126 vestris
1681 5069 1779 5141 ju-

125 5158 231 5213 stis
261 5157 784 5229 postulationibus,
827 5164 1000 5229 grato
1039 5162 1439 5214 concurrente
1498 5173 1781 5224 assensu,

125 5245 438 5302 ecclesiam
462 5247 657 5302 Sancti
688 5248 986 5304 Michaelis
1010 5247 1083 5302 de
1104 5247 1374 5303 interisio
1397 5262 1433 5304 a
1459 5246 1637 5303 bonae
1666 5261 1784 5301 me·

130 5335 326 5390 morioe
339 5332 970 5408 An[selmo]quondam
986 5336 1270 5410 episcopo
1284 5338 1476 5392 vestro
1488 5334 1784 5403 collatam,

131 5422 283 5481 sicut
300 5426 587 5480 canonice
607 5428 664 5481 et
678 5425 804 5482 sine
819 5426 1225 5483 controversia
1242 5423 1589 5497 possidetis,
1618 5423 1786 5481 vobis

1885 1779 2044 1836 tibus
2067 1779 2236 1836 vobis
2273 1781 2476 1839 litteris
2502 1784 2888 1857 indulgemus
2926 1791 2991 1844 ut
3021 1790 3246 1847 nemini
3270 1789 3444 1849 liceat
3473 1796 3539 1851 R.

1883 1868 1959 1925 de
1992 1868 2226 1936 Roscio,
2261 1870 2353 1927 vel
2379 1871 2648 1929 hoeredes
2679 1875 2871 1947 ipsius
2902 1881 3006 1932 aut
3032 1877 3333 1949 quoslibet
3384 1880 3540 1938 alios

1884 1957 2298 2015 malefactores
2348 1961 2604 2019 ecclesiae
2633 1970 2866 2033 vestrae,
2898 1980 2936 2021 a
2955 1967 3248 2024 sententia
3276 1983 3402 2040 qua
3427 1985 3540 2042 pro

1884 2048 2007 2103 suis
2027 2048 2369 2104 excessibus
2392 2051 2682 2136 canonice
2695 2052 2912 2110 fuerint
2926 2054 3220 2127 innodati,
3240 2057 3357 2113 nisi
3374 2059 3541 2130 prius

1883 2136 2145 2192 ecclesias
2179 2141 2408 2204 vestrae,
2440 2152 2549 2210 pro
2580 2137 2859 2197 facultate
2880 2157 2992 2199 sua
3020 2157 3290 2214 congrua
3302 2146 3541 2204 satisfa-

1882 2225 2072 2281 ctione
2103 2225 2392 2291 exhibita,
2424 2226 2711 2284 relaxare.

1956 2314 2170 2370 Datum
2197 2314 2452 2386 velletri,
2486 2333 2558 2373 vn
2588 2316 2838 2374 Kalend.
2864 2317 3101 2391 Aprilis.

2595 2425 2814 2481 LXXIV.

1881 2508 2221 2565 Petentibus
2244 2510 2547 2568 canonicis
2567 2513 2959 2580 Placentinis,
2996 2519 3345 2575 sententiam
3370 2518 3532 2578 inter

1952 2581 2256 2640 ecclesiam
2305 2583 2723 2641 Placentinam
2753 2590 2806 2642 et
2855 2587 3194 2656 Alsonsum,
3225 2589 3525 2661 quondam

1950 2653 2283 2724 episcopum
2313 2653 2685 2723 papiensem,
2738 2657 2924 2714 latam
2954 2659 3323 2717 corroborat.

2383 2741 2655 2815 (velletri,
2688 2747 2857 2802 Mart.
2894 2746 3014 2817 28.)

2164 2831 2382 2903 [Caura
2406 2831 2560 2888 Hist.
2588 2833 2653 2889 di
2677 2833 2989 2902 Piacenza,
3021 2834 3090 2902 11,
3118 2835 3267 2908 367]

1949 2918 2149 2975 Luctus
2180 2919 2518 2991 episcopus,
2552 2936 2756 2977 servus
2805 2937 3114 2979 servorum
3148 2923 3272 2991 Dei,
3299 2923 3529 2983 dilectis

1877 3007 2015 3063 filiis
2040 3014 2106 3063 A.
2139 3010 2859 3082 proepositoetcanonicis
2876 3012 3250 3081 Placentinis,
3272 3014 3529 3074 salutem

1875 3102 1933 3153 et
1961 3096 2352 3167 apostolicam
2378 3098 2884 3157 benedictionem.

1947 3187 2045 3251 Ea,
2078 3201 2215 3258 quae
2244 3187 2305 3243 in
2354 3188 2763 3246 controversia
2789 3189 3116 3247 deveniunt
3145 3196 3203 3248 et
3231 3192 3539 3251 amicabili

1875 3273 2195 3331 concordia
2222 3274 2308 3331 vel
2327 3276 2551 3346 judicio
2576 3275 2885 3345 finiuntur,
2915 3294 2989 3335 ne
3005 3280 3066 3335 in
3090 3280 3368 3338 recidivas
3392 3296 3537 3339 con-

1877 3361 2149 3419 tentionis
2202 3362 2553 3436 scrupulum
2606 3365 2975 3432 relabantur,
3026 3368 3340 3440 scripturae
3393 3373 3537 3428 sunt

1875 3450 2015 3507 fidei
2046 3451 2493 3518 committenda,
2526 3457 2583 3509 et
2611 3454 2941 3525 apostolico
2989 3456 3327 3513 munimine
3352 3458 3536 3516 robo-

1876 3539 2090 3596 randa.
2126 3541 2471 3612 Eapropter,
2503 3540 2700 3597 dilecti
2728 3542 2787 3596 in
2845 3543 3100 3599 Domino
3130 3543 3259 3610 filii,
3316 3546 3530 3602 vestris

1870 3628 2053 3701 j'ustis
2076 3628 2462 3699 petitionibus
2479 3636 2647 3700 grato
2663 3637 3082 3687 concurrentes
3097 3647 3371 3700 assensu,
3401 3649 3534 3692 sen·

1878 3714 2128 3771 tentiam
2159 3715 2311 3771 inter
2338 3716 2650 3773 ecclesiam
2679 3717 3079 3775 placentinam
3109 3726 3164 3776 et
3193 3720 3365 3777 bonus
3407 3735 3537 3779 me-

1880 3804 2084 3860 moriae
2109 3804 2219 3860 Alf.
2264 3803 2613 3878 papiensem
2663 3806 3016 3879 episcopum
3080 3823 3262 3880 super
3289 3809 3533 3867 duabus

1879 3891 2149 3964 partibus
2173 3892 2424 3949 decimae
2453 3895 2625 3950 totius
2656 3895 2835 3951 curtis
2864 3896 3073 3952 Portus
3094 3896 3328 3954 Albaroe
3358 3914 3395 3955 a
3424 3914 3540 3956 no-

1878 3980 1974 4037 bis
1995 3980 2160 4046 olim,
2188 3980 2336 4037 dum
2366 3981 2426 4037 in
2447 3981 2560 4038 illis
2592 3983 2861 4054 partibus
2887 3982 3538 4059 fungeremurlegatio-

1880 4069 1973 4126 nis
1997 4069 2217 4136 offici0,
2241 4070 2685 4142 promulgatam
2715 4089 2729 4139 ;
2764 4073 2850 4129 sic
2868 4079 2929 4131 ut
2962 4075 3254 4132 canonice
3301 4075 3425 4133 lata
3452 4081 3545 4135 est

1881 4164 1938 4215 et
1963 4175 1999 4215 a
2025 4158 2295 4230 partibus
2323 4165 2583 4232 recepta,
2619 4161 2976 4219 auctoritate
3020 4163 3351 4235 apostolica
3395 4179 3543 4222 con-

1880 4248 2196 4305 firmamus
2217 4252 2275 4305 et
2305 4251 2612 4320 praesentis
2635 4251 2794 4323 scrip
2810 4251 2849 4307 ti
2864 4252 3198 4325 patrocinio
3210 4254 3547 4312 communi-

1881 4353 2038 4394 mus.
2069 4337 2427 4404 Statuentes,
2451 4344 2513 4394 ut
2543 4338 2689 4396 nulli
2718 4340 2970 4397 omnino
3015 4341 3339 4399 hominum
3368 4342 3547 4401 liceat

1803 4418 1852 4475 D
1881 4428 2042 4485 hanc
2078 4425 2364 4498 paginam
2397 4432 2615 4484 nostrae
2671 4428 3147 4487 confirmationis
3194 4430 3540 4504 infringere,

1883 4520 2173 4660 mc{iatum
2203 4601 2447 4672 velletri,
2479 4567 2680 4662 vital.
2709 4604 2926 4679 Aprilis
2959 4606 3123 4665 1182.

2595 4711 2803 4768 LXXV.

1886 4800 2250 4859 monaste-io
2278 4799 2339 4856 S.
2373 4799 2643 4870 Dionysii
2665 4800 2875 4856 asserit
2903 4798 3185 4856 ecclesias
3215 4800 3291 4857 ab
3314 4798 3550 4858 archie-

2205 4871 2454 4943 piscopis
2464 4871 2892 4928 Senonensibus
2905 4885 3231 4928 concessas,

2413 4958 2686 5032 (velletri.
2712 4959 2999 5032 April.2.)

1961 5065 2269 5141 [Donnes-r.
2308 5066 2458 5122 Hist.
2488 5066 2561 5123 de
2589 5065 3022 5136 saint-Dentes,
3078 5070 3117 5121 t.
3147 5065 3190 5133 1,
3223 5081 3282 5139 p.
3316 5064 3469 5139 5164

1964 5156 2159 5213 Lucius
2178 5155 2519 5227 episcopus,
2556 5171 2763 5211 servus
2795 5170 3106 5211 servorum
3156 5155 3279 5221 Dei,
3311 5154 3545 5212 dilectis

1893 5244 2031 5301 filiis
2055 5244 2260 5302 abbati
2289 5247 2347 5300 et
2376 5245 2691 5301 monachis
2718 5245 2916 5301 Sancti
2975 5244 3256 5316 Dionysii,
3288 5243 3547 5302 salutem

1896 5338 1953 5390 et
1981 5330 2375 5404 apostolicam
2405 5331 2905 5391 benedictionem.

1968 5424 2051 5479 Ea
2073 5436 2212 5495 quoe
2252 5436 2358 5494 per
2376 5419 2583 5480 fratres
2612 5428 2671 5479 et
2696 5422 3089 5496 coepiscopos
3145 5425 3386 5478 nostros
3413 5419 3547 5478 reli-

131 5512 461 5586 vestrisque
533 5514 987 5573 successoribus
1033 5514 1386 5574 auctoritate
1448 5511 1782 5588 apostoliea
1893 5509 2081 5585 giosis
2103 5509 2254 5569 locis
2282 5510 2516 5585 pietati·
2532 5512 2750 5571 intuitu
2772 5509 3181 5584 conteruntur,
3234 5525 3311 5569 ne
3355 5509 3550 5571 alicu·
