3784 6000
114 107 236 167 '125

562 107 764 169 msT.
816 106 1088 170 RERUM
1135 106 1681 169 TRANSMARIN.
1724 143 1802 154 —-
1853 110 2001 172 LIB.
2051 111 2268 175 xvm.
2315 111 2767 178 BALDUINUS
2807 115 2891 177 111
2937 117 3122 181 REX.

3434 121 3554 181 726

114 247 189 307 de
245 248 467 308 Sancto
512 247 800 314 Amantio,
851 246 1048 320 regius
1096 245 1474 315 marescalus,
1525 248 1780 303 Joannes
1810 249 1869 316 Α
1897 260 1997 304 eos
2027 247 2130 320 qui
2160 247 2321 306 intus
2357 265 2422 306 se
2468 253 2820 321 receperant,
2869 250 3025 309 vices
3071 250 3342 324 probibet
3387 266 3558 311 exer-

115 335 473 406 Gotmnnm,
530 336 841 394 Robardus
888 337 1222 409 Jcppensis,
1273 339 1330 392 et
1348 335 1649 392 Rullianus
1674 335 1787 392 ira·

113 430 208 483 ter
237 426 373 498 ejus
400 442 417 482 :
451 427 806 483 Bertrandus
836 426 909 482 de
938 425 1340 497 Blanquet'ort‚
1373 425 1656 496 magister
1683 423 1789 479 mi·

117 513 258 570 litim
287 514 544 587 Templi,
574 514 664 570 vir
688 514 993 587 religiosus
1023 518 1081 570 et
1108 514 1324 570 timens
1355 513 1561 580 Deum,
1603 516 1661 570 et
1688 512 1787 569 alii

119 602 321 671 multi,
354 618 605 675 quorum
640 604 882 660 nomina
913 618 1030 659 nou
1055 611 1342 659 tenemus.
1372 599 1788 659 Resuditnobis

124 691 598 763 Dominnsjuxta
614 692 886 748 meritum
909 692 1131 747 viarum
1151 698 1483 747 nostrarum
1496 690 1748 746 fructum
1772 705 1787 757 3

122 780 314 852 etqui
352 781 693 838 innocentes
723 785 779 837 et
824 782 895 837 de
943 784 1138 837 nostra
1187 787 1603 852 praesumentes
1653 779 1789 847 fide,

120 869 347 943 spretis
376 868 761 926 humanitatis
791 869 1043 942 legibus,
1096 884 1580 941 oppresseramus
1626 868 1791 925 inde-

118 960 265 1030 bite,
288 976 455 1032 inqua
470 958 635 1017 lance
655 976 893 1032 pensam
918 960 1340 1032 reportavimus
1354 959 1784 1015 confusionem.

121 1050 258 1107 Doti
284 1051 588 1107 sicutenim
617 1050 814 1123 inclyti
831 1051 1030 1117 nostri,
1051 1049 1304 1122 pentibus
1321 1050 1381 1107 in
1395 1050 1750 1121 opprobrium
1767 1064 1791 1111 ,·

120 1142 175 1195 st
204 1138 458 1195 hostium
485 1139 724 1211 expositi
753 1139 1010 1205 ludibrio,
1032 1140 1278 1210 peccatis
1316 1141 1515 1195 nostris
1566 1138 1790 1208 exigen-

119 1228 302 1297 tibus,
326 1227 525 1284 traditi
549 1237 678 1284 sunt
706 1227 768 1284 in
801 1231 1223 1285 commotionem
1253 1226 1452 1300 capitis
1480 1226 1543 1282 in
1571 1225 1791 1299 populis

124 1322 143 1390 (
179 1317 338 1373 Psoi.
383 1332 544 1383 mn,
598 1317 706 1389 16)
733 1333 750 1385 3
795 1318 946 1372 zelus
1005 1316 1223 1374 Domini
1271 1319 1609 1373 exercituum
1658 1317 1793 1386 [ecit

122 1407 247 1463 haec
278 1407 416 1478 (isa.
447 1422 525 1476 ix,
571 1406 608 1458 7
652 1408 693 1478 ).
744 1406 896 1462 Beue
951 1408 1144 1461 tamen
1202 1411 1260 1463 et
1310 1404 1788 1473 misericorditer,

122 1512 243 1552 non
277 1494 502 1552 oblitus
524 1495 812 1562 misereri,
837 1511 944 1552 nec
961 1495 1270 1552 continens
1299 1496 1357 1552 in
1384 1495 1464 1552 ira
1485 1511 1596 1551 sua
1612 1493 1786 1550 mise-

121 1586 413 1642 ricordias
443 1601 606 1656 suas,
635 1586 942 1643 nobiscum
974 1586 1149 1655 fecit3
1176 1585 1486 1658 providens
1507 1589 1570 1640 ut
1590 1599 1784 1656 regem

123 1674 360 1731 salvum
392 1675 624 1744 iaceret,
664 1674 759 1746 qui
790 1677 841 1730 si
873 1674 975 1732 illa
1021 1673 1115 1732 die
1161 1674 1490 1739 defecisset,
1539 1688 1787 1747 reguum

121 1778 304 1820 omne
333 1763 536 1835 procul
565 1763 743 1820 dubio
771 1763 834 1820 in
867 1780 1227 1835 supremum,
1259 1764 1415 1836 quod
1444 1763 1600 1819 Deus
1619 1778 1786 1818 aver-

120 1854 219 1921 tit,
248 1851 649 1910 descendisset
675 1853 1025 1924 periculum.
1060 1854 1119 1909 In
1153 1852 1336 1910 milite
1366 1853 1543 1923 enim,
1597 1868 1785 1924 quan-

125 1942 352 1998 tumvis
378 1941 616 2004 eximio,
648 1943 823 1998 unius
853 1958 978 1999 sors
1010 1946 1140 2009 eet;
1172 1944 1231 1998 in
1280 1958 1418 2013 rege
1447 1958 1602 2010 vero,
1651 1943 1789 1998 uni-

122 2047 430 2089 versorum
458 2031 823 2104 periculum:
858 2032 1010 2104 quod
1042 2032 1186 2088 satis
1217 2032 1464 2088 attendit
1483 2031 1787 2104 diligenter

125 2120 231 2194 qui
261 2136 370 2194 pro
400 2136 533 2193 rege
564 2120 848 2178 sollicitus
878 2126 1024 2190 erat,
1055 2121 1235 2179 David
1286 2120 1501 2187 fidelis,
1547 2122 1784 2177 dicens:

128 2210 388 2280 Domine,
416 2211 633 2266 salvum
659 2213 751 2283 tac
780 2227 961 2283 recem
999 2212 1023 2284 (
1050 2212 1198 2267 Psoi.
1241 2229 1352 2267 xix.
1406 2212 1518 2284 10),
1567 2211 1791 2267 Rumor

125 2300 364 2357 interim
387 2298 462 2355 de
488 2314 621 2373 rege
648 2301 844 2356 varius
872 2300 1044 2372 longe
1067 2301 1294 2372 lateque
1339 2303 1632 2373 regionem
1683 2316 1787 2372 pro

125 2403 198 2444 ea
227 2385 548 2445 sollicitam
578 2388 891 2457 afficiebat,
918 2388 1245 2444 dicentibus
1282 2389 1434 2456 aliis,
1481 2389 1619 2461 quia
1663 2389 1788 2460 gla-

125 2477 248 2534 diis
278 2477 582 2535 confossus
610 2478 951 2545 interierat;
984 2478 1138 2546 aliis,
1187 2479 1341 2550 quod
1389 2479 1544 2535 inter
1584 2494 1792 2534 conca-

132 2567 329 2639 ptivos
358 2564 608 2633 vinctus,
642 2568 909 2623 hostibus
938 2567 996 2622 id
1026 2567 1450 2639 ignorantibus,
1505 2567 1791 2623 abductus

128 2662 296 2724 erat3
325 2655 480 2724 aliis,
509 2657 662 2729 quod
693 2658 885 2713 divina
914 2673 1049 2713 eum
1099 2661 1437 2730 protegente
1480 2656 1789 2714 clementia

125 2743 402 2816 illosum,
443 2745 664 2803 bellicis
693 2746 1044 2803 tumultibus
1073 2763 1135 2803 se
1181 2747 1559 2804 subduxerat.
1609 2745 1789 2802 Anxie

123 2849 267 2908 ergo
293 2835 499 2904 nimis,
529 2839 587 2892 et
615 2836 786 2909 quasi
820 2842 999 2892 mater
1028 2836 1270 2892 unicum
1301 2835 1525 2892 babens
1574 2835 1788 2913 fllium,

122 2924 282 2995 piam
314 2939 422 2996 pro
451 2938 520 2980 eo
549 2924 702 2997 gerit
744 2925 907 2996 plebs
965 2925 1240 2982 universa
1284 2924 1741 2980 sollicitudinem
1771 2958 1786 2985 5

120 3018 178 3071 et
207 3015 348 3072 dum
378 3014 615 3089 ignorat
643 3017 784 3089 quid
816 3016 971 3073 circa
1001 3032 1134 3073 eum
1181 3023 1433 3088 geratur,
1484 3014 1775 3088 quidquid
1805 3002 1850 3071 C

121 3103 381 3162 deterius
411 3103 676 3161 accidere
707 3112 889 3177 potest
905 3145 920 3171 ,
939 3105 996 3160 id
1016 3120 1150 3162 eum
1173 3120 1408 3176 passum
1430 3105 1787 3161 affectuosis.

118 3193 267 3250 sime
291 3194 659 3266 compatiens
688 3193 1032 3264 suspicatur.
1077 3194 1201 3267 lpse
1224 3210 1380 3265 vero,
1431 3194 1664 3266 regione
1710 3192 1783 3249 ab

120 3281 393 3340 hostibus
425 3281 859 3356 aliquantulum
889 3282 1178 3353 expedita,
1203 3299 1332 3338 cum
1356 3284 1556 3353 paucis
1575 3283 1781 3337 admo·

120 3369 283 3439 dam,
315 3370 419 3443 qui
451 3386 587 3427 cnm
618 3387 685 3427 eo
713 3371 775 3428 in
806 3371 1147 3443 praedictum
1180 3370 1458 3443 oppidum
1490 3386 1552 3426 se
1582 3373 1781 3425 contu·

120 3456 333 3528 lerant,
354 3459 645 3531 adjunctis
674 3460 785 3516 sibi
814 3458 1113 3516 nonnullis
1143 3459 1241 3533 qui
1271 3476 1410 3517 casu
1434 3459 1505 3515 de
1549 3458 1783 3515 hester-

120 3548 215 3605 nis
239 3553 551 3605 evaserant
578 3549 872 3621 periculis,
919 3550 991 3604 ad
1040 3556 1434 3605 Acconensem
1461 3561 1783 3621 properans

121 3639 350 3707 urbem,
381 3654 520 3696 cum
547 3638 756 3711 plausu
785 3639 981 3711 populi
1013 3644 1073 3695 et
1099 3638 1486 3697 exsultatione
1515 3655 1632 3696 non
1664 3655 1783 3696 mc-

121 3728 275 3797 dica,
305 3728 478 3802 quasi
506 3729 801 3787 redivivus
830 3734 1107 3802 exceptus
1137 3734 1248 3787 est.
1282 3730 1521 3785 Factum
1556 3734 1645 3786 est
1673 3729 1782 3788 boc

121 3835 278 3876 anno
309 3820 474 3892 regni
505 3820 726 3877 domini
759 3820 1031 3877 Balduini
1059 3824 1266 3892 quarto
1296 3822 1543 3888 decimo,
1579 3835 1780 3876 mense

114 3907 329 3978 «lunio,
352 3924 459 3966 xm
481 3908 600 3967 Kal.
623 3910 790 3967 Julii.

769 4015 1002 4073 CAPUT
1021 4017 1137 4074 XV.

116 4104 461 4165 Nor-odimus
488 4106 692 4163 iterum
725 4106 1035 4163 paneadem
1063 4106 1288 4174 obsidet,
1334 4106 1433 4162 sed
1479 4120 1602 4179 reae
1647 4121 1776 4161 rur-

512 4193 640 4234 sum
667 4181 981 4234 occurrente
1008 4195 1119 4235 non
1143 4177 1382 4251 proficit.

187 4266 519 4324 Noradinus
537 4283 689 4336 vero,
722 4269 877 4324 sicut
908 4276 1028 4324 erat
1073 4269 1162 4324 vir
1204 4271 1498 4337 strenuus,
1543 4270 1600 4324 et
1641 4282 1778 4325 suc-

117 4371 326 4413 cessus
351 4371 494 4413 euos
537 4358 874 4414 continuare
918 4357 1188 4429 impiger,
1239 4355 1592 4412 transcursis
1641 4355 1775 4413 uni·
1804 4390 1852 4456 D

120 4445 309 4503 versis
336 4445 694 4520 regionibus,
724 4452 782 4502 et
811 4445 1017 4517 praedis
1047 4445 1185 4502 hinc
1213 4445 1350 4502 inde
1375 4446 1774 4516 comportatis,

123 4536 320 4592 faetus
348 4534 725 4607 locupleticr;
767 4536 1102 4592 convocatis
1150 4537 1361 4592 iterum
1416 4534 1775 4592 militaribus

121 4624 309 4696 copiis
332 4641 349 4693 ;
376 4628 437 4682 et
464 4626 590 4698 iege
619 4624 847 4681 edictali
872 4641 942 4681 ex
971 4626 1254 4681 Damasco
1274 4628 1331 4681 et
1351 4623 1625 4683 omnibus
1646 4625 1777 4681 fini-

121 4712 239 4769 bus
266 4712 418 4782 eius,
448 4713 652 4770 accitis
678 4712 1089 4785 amplioribus,
1121 4713 1325 4784 adiicit
1344 4714 1558 4769 iterum
1591 4720 1651 4771 ut
1677 4713 1774 4771 Pa·

124 4800 376 4858 neadem
410 4801 740 4872 obsideret3
791 4800 939 4858 nihil
999 4802 1194 4859 minus
1241 4803 1551 4874 suspicans
1598 4819 1775 4875 quam

122 4890 282 4964 quod
314 4905 415 4963 per
440 4887 635 4964 regem
665 4893 755 4949 vel
786 4894 912 4962 ejus
957 4892 1273 4964 principes,
1325 4908 1573 4964 quorum
1622 4893 1775 4948 vires

118 4980 439 5051 attriverat,
495 4980 754 5038 obsessis
794 4980 1229 5038 ministraretur
1269 4980 1619 5038 subsidium.
1668 4984 1779 5038 Lo·

117 5074 253 5127 cata
307 5070 489 5142 igitur
539 5072 863 5127 secundum
906 5072 1292 5143 propositum,
1337 5072 1492 5127 circa
1536 5069 1780 5142 saepedi-

113 5163 271 5215 ctam
301 5158 500 5216 urbem
531 5158 1025 5229 obsidione,mcre
1059 5160 1272 5216 iterum
1306 5158 1523 5227 hostili,
1563 5157 1777 5215 machi.

111 5247 211 5304 nis
238 5246 650 5319 frequentibus
679 5254 732 5304 et
774 5249 977 5305 ordine
1006 5264 1264 5322 congruo
1310 5248 1630 5321 dispositis,
1653 5255 1777 5304 tur·

116 5352 214 5395 res
242 5337 526 5408 concutit,
551 5338 768 5395 moenia
797 5337 1084 5408 debilitat,
1115 5347 1169 5395 et
1200 5337 1405 5396 crebra
1443 5336 1779 5412 sagittario·

120 5443 256 5487 rum
288 5441 487 5499 opera,
514 5431 576 5485 et
602 5428 849 5488 telorum
867 5428 1056 5486 instar
1069 5428 1374 5500 grandinis
1395 5428 1776 5497 immissione,

1898 352 2027 394 cere
2056 337 2593 396 resistentis.cives
2632 345 2828 397 autem
2877 339 2987 398 loci
3039 340 3217 412 illins,
3268 355 3555 399 memores

1899 428 2192 498 quomodo
2224 427 2282 482 in
2314 429 2572 501 proxime
2597 428 2884 501 proeterita
2903 428 3229 492 obsidione,
3252 429 3553 488 civitatem

1898 516 2048 572 tueri
2082 516 2403 589 cupientes.
2436 518 2495 574 in
2532 517 2824 589 proposito
2854 517 3203 587 deiecerant,
3238 519 3554 591 provenire

1898 604 2222 678 cupientes,
2251 607 2308 662 in
2343 606 2677 678 presidium
2710 610 2918 680 sponte
2948 622 3012 662 se
3050 611 3388 679 receperant
3424 608 3556 664 uni·

1899 695 2068 750 versi.
2103 696 2441 752 Proefecerat
2472 700 2667 752 autem
2683 695 2871 752 eidem
2906 695 3029 751 loco
3050 699 3108 751 et
3128 710 3327 752 curam
3348 711 3556 769 supre-

1901 798 2058 838 mam
2094 783 2405 841 tradiderat
2434 783 2923 851 constabularius,
2956 785 3181 852 abiens,
3206 788 3265 841 et
3284 784 3416 842 aliis
3436 788 3557 842 tra·

1900 882 2028 928 ctus
2058 874 2326 946 negotiis,
2366 874 2600 930 cuidam
2644 874 3071 946 consanguineo
3119 889 3248 943 suo,
3295 871 3554 932 Gnidoni

1901 963 2168 1020 videlicet
2196 964 2266 1018 de
2295 963 2698 1031 scandalione,
2746 964 2828 1019 rei
2870 962 3141 1020 militaris
3182 963 3558 1034 experientia-

1900 1052 2051 1108 simo
2076 1067 2091 1118 ς
2122 1052 2222 1108 sed
2252 1051 2490 1108 modicis
2523 1051 2681 1120 fidei,
2703 1058 2755 1107 et
2774 1052 2956 1108 Deum
2981 1052 3552 1125 prorsusignoranti.

1902 1140 1953 1196 Is
1995 1155 2128 1196 cum
2181 1139 2513 1196 mandantis
2562 1141 2798 1208 intuitu,
2828 1144 2952 1197 tum
2996 1144 3273 1213 pretextu
3308 1139 3556 1213 proprias

1901 1229 2368 1297 existimationis,
2410 1245 2481 1286 ne
2523 1245 2672 1302 quos
2716 1230 2776 1285 in
2825 1230 3001 1285 rebus
3048 1227 3275 1286 bellicis
3324 1228 3556 1301 egregie

1899 1320 2077 1392 gestis
2106 1319 2309 1376 titulos
2348 1319 2684 1390 offuscaret,
2727 1319 2906 1376 verbo
2955 1317 3136 1375 simul
3181 1322 3242 1375 et
3286 1318 3555 1390 exemplo

1898 1409 2044 1466 alios
2091 1408 2165 1464 sd
2186 1408 2579 1464 resistendum
2602 1408 2901 1465 animabat
2925 1425 2940 1477 ;
2990 1423 3096 1465 uec
3125 1407 3465 1464 defuturum
3494 1406 3555 1462 in

1902 1499 2164 1571 proximo
2183 1499 2538 1566 subsidium,
2570 1503 2627 1555 et
2650 1513 2961 1570 perennem
2986 1497 3232 1569 gloriam
3265 1499 3415 1554 bene
3434 1510 3556 1554 me·

1902 1589 2164 1645 rentibus
2193 1588 2405 1645 certius
2435 1588 2817 1660 promittens:
2851 1587 3003 1644 unde
3044 1591 3190 1656 erat,
3230 1587 3382 1659 quod
3430 1600 3557 1643 om·

1902 1694 2006 1735 nes
2035 1679 2205 1751 quasi
2237 1696 2339 1751 pro
2371 1695 2432 1736 re
2460 1678 2694 1751 propria
2716 1677 3087 1747 dimicantes,
3136 1675 3464 1747 stupendos
3493 1688 3558 1733 se

1896 1772 1953 1824 et
1986 1767 2379 1837 admirabiles,
2411 1784 2514 1837 pro
2545 1766 3019 1823 indeficientibus
3040 1764 3255 1836 vigiliis
3285 1767 3344 1821 et
3371 1763 3556 1820 conti-

1896 1857 2030 1912 nuis
2061 1855 2384 1922 laboribus,
2418 1856 2687 1913 hostibus
2715 1856 2942 1911 darent.
2989 1853 3099 1918 Qui
3149 1850 3555 1919 nibilominus,

1895 1946 2137 2003 omnino
2169 1947 2573 2002 resistentibus
2604 1944 2842 2000 omnino
2872 1941 3169 2000 adversari
3199 1940 3408 2014 parati,
3428 1939 3557 1996 aine

1893 2032 2330 2091 intermissione
2344 2032 2916 2090 molestiasinl'erunt
2939 2048 2954 2099 ς
2984 2034 3043 2087 et
3062 2031 3312 2103 majores
3331 2027 3554 2085 baben-

1896 2125 1987 2180 tes
2019 2139 2317 2194 numeros,
2342 2124 2441 2197 qui
2463 2122 2793 2179 alternatim
2807 2120 2921 2178 sibi
2934 2120 3247 2177 succedere
3262 2116 3558 2190 pracipie—

1895 2215 2130 2282 bantur,
2162 2230 2259 2270 eos
2290 2213 2389 2284 qui
2420 2212 2575 2268 unde
2603 2211 2756 2268 vires
2790 2212 3147 2280 repararent,
3178 2206 3415 2279 penitus
3438 2221 3554 2263 non

1898 2302 2210 2371 habebant,
2253 2305 2323 2357 ad
2369 2303 2686 2368 deiectum,
2748 2298 3137 2356 anxietatibus
3194 2294 3556 2368 quotidianis

1897 2390 2343 2464 compellebant.
2379 2391 2694 2447 Nuntiatur
2720 2389 2941 2445 interea
2977 2387 3213 2443 domino
3261 2383 3408 2456 regi,
3455 2384 3555 2441 sed

1895 2485 1955 2538 et
1991 2481 2285 2554 principes
2314 2482 2415 2555 qui
2454 2479 2670 2537 residui
2702 2483 2868 2536 erant
2897 2478 2956 2534 in
2989 2490 3165 2548 regno
3193 2489 3312 2530 non
3341 2471 3559 2530 latebat

1897 2572 2133 2644 quentis
2176 2569 2583 2635 anxietatibus,
2613 2569 2712 2641 qui
2744 2568 2806 2624 in
2835 2566 3064 2624 civitate
3091 2561 3314 2621 obsessi
3361 2565 3555 2645 eraut,

1897 2664 2318 2732 premerentur.
2378 2659 2540 2715 Unde
2598 2657 2792 2713 missis
2847 2653 3237 2728 legationibus
3305 2654 3426 2708 tam
3480 2651 3554 2706 ad

1898 2750 2221 2823 principem
2275 2749 2727 2814 Antiochenum,
2777 2761 2953 2818 quam
3004 2743 3076 2800 ad
3121 2741 3554 2814 Tripolitanum

1896 2840 2191 2906 comitem,
2225 2844 2312 2906 ut,
2367 2854 2532 2895 mora
2608 2835 2947 2911 postposita,
2982 2834 3055 2890 ad
3087 2830 3554 2889 subveniendum

1897 2933 2297 2995 maturarent:
2331 2943 2427 2984 rex
2457 2941 2614 2995 vero,
2643 2925 2795 2997 quod
2829 2923 3130 2980 residuum
3162 2924 3288 2977 erat
3316 2920 3375 2977 in
3422 2932 3554 2991 reg·

1889 3038 1965 3077 no
1997 3020 2215 3076 militiae
2250 3018 2446 3075 missis
2477 3020 2756 3075 convocat
2777 3014 3179 3088 proeconibus;
3210 3015 3268 3068 et
3315 3009 3547 3077 accidit,

1890 3110 2204 3168 Divinitate
2235 3110 2505 3184 propitia,
2538 3113 2604 3165 ut
2633 3109 2786 3166 intra
2816 3121 3033 3181 paucos
3062 3105 3281 3173 dies,et
3308 3116 3548 3175 exspec-

1889 3205 2011 3258 tato
2040 3200 2236 3269 citius,
2281 3205 2517 3271 uterque
2567 3198 2975 3272 prodictorum
3023 3192 3367 3259 illustrium,
3412 3206 3547 3248 cum

1889 3290 2136 3347 honesto
2165 3291 2471 3356 comitatu,
2523 3288 2699 3361 regiis
2746 3303 2810 3343 se
2859 3285 3088 3353 castris,
3139 3283 3249 3340 sub
3297 3279 3548 3338 Castello

1891 3395 2058 3447 novo,
2091 3379 2150 3434 in
2183 3378 2307 3435 loco
2339 3378 2441 3451 qui
2484 3377 2699 3434 dicitur
2743 3373 3167 3447 Nigraguarda,
3213 3372 3364 3428 unde
3405 3367 3546 3425 civi-

1890 3472 2072 3525 tatem
2141 3468 2445 3525 obsessam
2476 3472 2602 3523 erat
2647 3463 2918 3521 cominus
2959 3460 3177 3517 intueri
3219 3474 3284 3514 se
3328 3458 3548 3512 intule-

1890 3558 2026 3614 rint.
2056 3557 2316 3614 Audiens
2344 3571 2481 3628 ergo
2504 3553 2856 3620 Noradinus,
2889 3550 3041 3622 quod
3073 3546 3369 3620 principes
3396 3558 3545 3617 pro-

1889 3647 2033 3703 dicit
2060 3662 2194 3703 cum
2216 3646 2452 3703 domiuo
2483 3659 2617 3716 rege
2645 3641 3038 3699 convenerant
3064 3645 3119 3694 et
3152 3636 3213 3692 in
3241 3634 3542 3706 procinctu

1886 3740 2071 3801 erant,
2099 3743 2163 3792 ut
2206 3736 2277 3791 ad
2323 3735 2529 3792 urbem
2567 3730 2875 3798 accedere;
2926 3725 3101 3784 sicuti
3129 3724 3214 3781 vir
3261 3721 3544 3796 providus

1888 3833 2009 3881 erat
2037 3830 2098 3883 et
2142 3826 2203 3881 in
2248 3824 2495 3897 negotiis
2540 3821 2659 3879 suis
2706 3814 3357 3889 circumspectissimus,
3407 3809 3547 3867 licet

1887 3916 2167 3989 oppidum
2194 3916 2316 3986 jam
2346 3929 2417 3970 ex
2464 3910 2725 3983 partibus
2769 3906 3042 3980 pluribus
3087 3901 3438 3976 effregisset,
3488 3904 3546 3955 et

1881 4007 2008 4079 jam
2041 4006 2296 4062 obsessis
2332 4002 2492 4058 nulla
2523 4016 2653 4071 spes
2677 4000 2835 4055 esset
2858 3994 3181 4063 resistendi,
3203 3996 3404 4049 tamen
3426 3988 3547 4046 bel·

1885 4097 2078 4154 lorum
2109 4092 2413 4149 declinans
2443 4088 2688 4146 insidias
2717 4091 2775 4144 et
2799 4102 2973 4143 casus
3002 4081 3336 4157 praliorum
3383 4077 3542 4136 anci-

1885 4185 2037 4254 pites
2068 4182 2373 4238 obsidione
2402 4179 2618 4247 soluta,
2646 4176 2710 4233 in
2740 4174 3040 4232 ulteriores
3066 4171 3158 4229 sui
3189 4171 3355 4244 regni
3399 4184 3544 4242 par·

1883 4270 1974 4329 tes
2002 4287 2067 4329 se
2094 4269 2360 4328 contulit.

2508 4372 2745 4431 CAPUT
2773 4370 2918 4428 XVI.

1889 4474 2073 4529 Comes
2102 4466 2522 4526 Flcndremium
2556 4460 2912 4520 Theodericus
2941 4458 3205 4530 applicat.
3250 4454 3547 4539 ‘'ittuntur-

1955 4541 2147 4601 ’rutilii
2177 4535 2724 4605 Constantinopolim,
2752 4530 2849 4603 qui
2872 4530 3095 4586 domino
3150 4541 3267 4597 rem
3312 4537 3543 4580 uxorem

1956 4618 2169 4687 petant.

1956 4720 2100 4776 Cum
2133 4717 2254 4773 haec
2279 4714 2461 4787 igitur
2489 4710 2549 4767 in
2577 4724 2755 4782 regno
2797 4707 2876 4763 ita
2914 4703 3070 4762 varie
3107 4699 3542 4774 multipliciter-

1885 4824 2002 4881 que
2052 4808 2358 4878 geruntur,
2416 4808 2474 4858 et
2527 4796 2836 4871 captivatis
2901 4793 3115 4851 nostris
3164 4807 3234 4848 ex
3284 4788 3542 4846 maxima

1885 4899 2046 4969 parte
2078 4892 2464 4965 principibus,
2496 4900 2743 4959 regnum
2792 4884 2853 4939 in
2901 4880 3254 4939 desolatione
3291 4880 3538 4950 iaceret,

1884 4983 2117 5053 accidit,
2146 4980 2342 5038 divina
2371 4994 2479 5036 nos
2508 4973 2851 5048 respiciente
2892 4968 3218 5038 clementia,
3267 4966 3537 5024 comitem

1886 5069 2350 5136 Flandrensium,
2374 5066 2682 5123 dominum
2713 5059 3162 5126 Theodericum,
3179 5057 3466 5129 inclytum
3481 5055 3540 5111 et

1887 5160 2266 5234 magnificum
2297 5158 2510 5222 virum,
2541 5155 2713 5226 cujus
2751 5152 3026 5208 introitus
3056 5149 3115 5205 in
3164 5161 3344 5219 regno
3386 5158 3542 5215 sape

1885 5252 2075 5308 iuerat
2106 5248 2265 5305 utilis
2295 5252 2352 5306 et
2368 5244 2747 5312 necessarius,
2778 5256 2914 5298 eum
2949 5253 3127 5296 uxore
3145 5234 3385 5308 Sibylla,
3406 5247 3536 5307 quo

1884 5338 2107 5397 domini
2134 5338 2284 5409 regis
2314 5351 2384 5394 ex
2412 5337 2575 5409 patre
2603 5348 2766 5391 saror
2792 5335 2933 5399 erat,
2965 5329 3026 5385 in
3056 5330 3227 5400 portu
3267 5325 3544 5397 Beryten-

1887 5426 2042 5486 sium
2088 5424 2480 5499 applicuisse;
2512 5421 2683 5494 cujus
2728 5419 3062 5488 adventum,
3105 5416 3274 5473 tanta
3317 5409 3537 5469 mentis
