3784 6000
301 267 423 331 ³99

1379 255 1807 319 unlLLELffl
1851 255 2238 320 TYRENSIS
2279 256 2634 319 AncntEP.

3593 248 3720 310 too

302 397 478 456 licitis
519 413 620 456 eos
674 410 934 454 revocare
976 393 1218 463 poterat,
1259 390 1467 461 taciem
1513 388 1579 445 de
1616 391 1943 445 necessitate
1972 392 2032 458 Α
2061 390 2160 447 sed
2190 391 2262 448 de
2289 390 2509 448 viribus
2540 405 2897 462 praesumens
2925 388 3074 455 suis,
3100 386 3414 445 exercitum
3443 387 3713 443 nostrum

303 489 580 553 virtutem,
611 486 757 543 alios
804 487 1041 540 secutus
1086 485 1197 550 est,
1231 479 1369 537 licet
1414 478 1653 536 invitus.
1679 478 1944 550 Cumque

302 577 401 633 vix
427 577 689 649 quinque
720 572 1066 629 milliaribus
1104 569 1420 641 progressi,
1452 572 1588 624 ante
1616 568 1814 625 urbem
1837 567 1951 623 Tri-

303 664 620 737 politanam
666 660 1061 720 castrametati
1103 663 1317 726 essent,
1369 659 1501 728 eius
1550 655 1662 714 loci
1713 673 1946 729 proeseS,

302 752 405 824 qui
432 752 662 826 Egyptii
696 750 937 822 caliphas
969 751 1028 807 in
1081 765 1150 806 ea
1178 747 1410 821 regione
1459 748 1802 818 procurabat
1848 762 1947 802 ne·

300 841 477 914 gotia,
507 840 770 913 deposita
811 838 911 895 illa
940 837 1042 895 tali
1073 836 1427 909 arrogantia,
1460 852 1578 910 qua
1627 835 1784 908 prius
1809 851 1946 893 cum

302 930 520 987 nostris
550 928 911 1001 principibus
940 927 1012 983 de
1045 926 1164 998 pari
1195 941 1368 997 posse
1413 925 1761 981 contendere
1791 924 1948 980 arbi-

299 1021 491 1075 tratus
516 1019 724 1085 tuerat,
754 1031 1111 1086 cognoscens
1139 1014 1419 1086 seipsum,
1453 1013 1629 1069 missa
1657 1012 1947 1085 legatione

299 1123 335 1163 a
364 1106 749 1179 principibus,
770 1103 1021 1162 obtinuit
1042 1107 1124 1173 ut,
1148 1102 1302 1160 datis
1324 1101 1659 1174 quindecim
1682 1100 1948 1157 millibus

296 1210 629 1263 aureorum,
659 1194 902 1265 insuper
928 1192 1106 1250 etiam
1141 1191 1483 1247 muneribus
1513 1189 1575 1246 in
1606 1189 1798 1262 equis,
1827 1205 1949 1245 mu-

295 1283 388 1351 lis,
420 1282 623 1342 sericis
651 1287 710 1340 et
735 1281 891 1340 vasis
930 1279 1217 1353 pretiosis,
1246 1284 1303 1337 et
1331 1278 1619 1337 restitutis
1656 1278 1947 1335 universis

297 1389 446 1446 quos
483 1373 557 1431 de
604 1376 801 1429 nostro
849 1370 1062 1444 populo
1109 1368 1408 1426 detinebat
1454 1368 1715 1441 captivis,
1749 1385 1784 1425 a
1830 1366 1946 1425 sibi

295 1460 612 1526 commissa
638 1464 1004 1522 discederent
1042 1461 1334 1533 provincia
1356 1478 1372 1530 3
1394 1479 1461 1518 ac
1489 1460 1696 1528 tribus,
1729 1459 1944 1532 quibus

297 1560 544 1629 praeerat
588 1555 943 1619 civitatibus,
988 1551 1187 1608 Arcbis
1233 1549 1525 1616 videlicet,
1575 1548 1825 1620 Tripolis
1876 1565 1945 1606 ac

296 1645 482 1702 Biblio
511 1659 647 1702 cum
677 1642 803 1699 suis
829 1641 1197 1714 pertinentiis
1219 1643 1519 1713 parcerent
1550 1643 1942 1695 transeuntes.

2059 496 2373 553 aggressus
2403 484 2492 537 est
2523 479 2871 536 molestare:
2898 478 2959 534 in
2992 493 3104 549 qua
3139 477 3287 534 sacto
3319 492 3432 533 non
3459 475 3714 532 multum

2059 571 2340 626 successit
2365 570 2417 626 ei
2450 585 2742 641 prospere.
2769 569 2913 625 Nam
2942 568 3292 639 quibusdam
3318 583 3387 623 ex
3419 564 3637 622 nostris
3657 563 3714 619 in

2058 675 2156 715 eos
2188 659 2562 728 irruentibus,
2604 658 2704 731 qui
2751 674 2954 714 eorum
2987 656 3456 713 discursionibus
3505 670 3717 726 provo-

2058 749 2189 815 cati,
2219 749 2436 804 diutius
2485 747 2853 804 dissimulare
2904 763 3018 803 non
3070 750 3356 818 poterant,
3392 743 3715 801 interfectis

2059 853 2128 893 ex
2174 838 2257 893 eis
2304 836 2551 909 aliquot,
2585 837 2845 909 reliquos
2891 836 3046 893 infra
3094 835 3296 893 urbem
3349 851 3413 892 se
3457 834 3717 906 recipere

2060 925 2466 997 compulerunt
2498 941 2513 981 ι
2546 928 2697 982 unde
2728 926 2945 981 factum
2979 930 3067 981 est
3098 931 3161 980 ut
3198 928 3428 980 noctem
3461 922 3623 978 illam
3654 922 3716 978 in

2060 1015 2285 1083 castris,
2334 1014 2703 1071 cessantibus
2759 1030 2958 1070 eorum
3010 1011 3318 1082 molestiiS,
3367 1026 3503 1068 cum
3552 1008 3717 1067 omni

2059 1103 2483 1176 tranquillitate
2534 1107 2893 1176 peragerent.
2946 1103 3109 1159 Mane
3180 1105 3372 1158 autem
3427 1100 3600 1170 facto,
3650 1102 3717 1155 ut

2058 1193 2482 1265 aliquantisper
2503 1197 2860 1250 recrearetur
2883 1189 3150 1265 populus,
3176 1206 3397 1248 moram
3423 1189 3499 1246 ibi
3522 1189 3717 1246 facere

2061 1282 2458 1349 decreverunt,
2511 1281 2805 1338 mittentes
2875 1280 2946 1337 de
3010 1279 3261 1336 exercitu
3328 1277 3717 1349 expeditiores

2060 1372 2370 1443 quosdam,
2402 1371 2497 1444 qui
2550 1372 2620 1428 de
2670 1370 2906 1427 urbanis
2947 1369 3354 1441 adjacentibus
3392 1368 3572 1425 victui
3605 1383 3716 1424 ne-

2060 1461 2317 1518 cessaria
2362 1461 2812 1518 contraherent:
2864 1459 2965 1530 qui
3007 1458 3405 1529 comportatis,
3438 1456 3717 1529 gregibus

2059 1554 2119 1607 et
2145 1550 2428 1606 armentis
2451 1553 2509 1606 et
2535 1548 2869 1606 victualium
2894 1550 3127 1620 ingente
3154 1547 3338 1620 copia,
3363 1562 3499 1602 cum
3527 1546 3715 1617 sospi-

2061 1643 2177 1697 tate
2225 1640 2470 1713 regressi
2511 1644 2648 1696 sunt
2697 1655 2924 1707 omnes,
2955 1642 3190 1709 excepto
3242 1636 3494 1709 quodam
3527 1635 3712 1692 nobili

295 1734 458 1791 Misit
500 1733 741 1805 insuper
765 1746 971 1805 greges
1017 1733 1075 1787 et
1104 1735 1387 1799 armenta,
1420 1733 1477 1785 et
1523 1728 1939 1784 alimentorum
1971 1764 2017 1828 Β
2056 1730 2198 1797 viro,
2232 1728 2462 1786 Galtero
2508 1729 2776 1786 videlicet
2822 1729 2893 1785 de
2943 1726 3140 1797 Verra,
3174 1727 3295 1799 qui,
3331 1725 3712 1783 redeuntibus

295 1821 533 1877 uberem
566 1821 813 1893 copiam,
845 1834 917 1874 ne
949 1835 1063 1891 prae
1093 1816 1435 1874 victualium
1475 1817 1689 1895 inopia,
1723 1815 1940 1872 subur-

295 1909 446 1967 bana
465 1907 713 1980 spoliare
733 1904 1241 1979 compellerentur,
1254 1910 1312 1962 et
1328 1921 1598 1979 agrorum
1616 1904 1940 1961 cultoribus

291 1999 503 2056 inferre
534 1996 881 2054 molestiam.
913 1997 1128 2053 Accitis
1163 1996 1339 2053 etiarn
1372 1995 1721 2068 quibusdam
1753 1991 1941 2049 tideli-

290 2087 403 2144 bus
424 2087 604 2161 Syris,
626 2088 844 2143 montis
861 2085 1067 2142 Libani
1091 2084 1538 2154 habitatoribus,
1563 2084 1659 2157 qui
1694 2083 1941 2140 urbibus

288 2175 404 2233 illis
433 2193 469 2233 a
499 2180 664 2249 parte
695 2176 1092 2247 supereminet
1129 2175 1418 2242 orientali,
1449 2174 1713 2231 excelsus
1745 2173 1939 2229 admo·

289 2266 431 2322 dum
460 2269 520 2322 et
548 2265 609 2321 in
639 2262 1051 2335 sublimejuga
1082 2263 1702 2333 porrigens,tanquam
1735 2278 1769 2317 a
1797 2257 1938 2317 viris

287 2353 679 2426 prudentibus
708 2355 766 2409 et
784 2351 1046 2408 locorum
1079 2350 1300 2424 gnaris,
1324 2350 1420 2422 qui
1454 2351 1525 2407 ad
1558 2367 1654 2408 eos
1685 2350 1935 2422 gratula-

287 2441 469 2497 bundi
518 2440 961 2507 descenderant,
987 2443 1051 2497 ut
1081 2441 1346 2496 natet-nze
1377 2439 1681 2496 charitatis
1711 2439 1937 2512 depen-

285 2531 490 2588 derent
538 2529 833 2599 affectum,
864 2528 1172 2585 consilium
1225 2528 1299 2586 ab
1349 2529 1430 2584 eis
1478 2529 1792 2601 petierunt,
1819 2545 1938 2601 qua

284 2620 381 2677 via
411 2635 614 2676 versus
639 2618 1094 2690 Hierosolymam
1133 2618 1319 2674 tutius
1359 2622 1598 2690 possent
1642 2617 1933 2686 incedere,

283 2720 341 2768 et
372 2708 760 2768 commodius.
793 2708 883 2765 Illi
913 2709 1173 2779 tandem,
1203 2708 1590 2782 compensatis
1618 2709 1772 2765 bona
1819 2709 1935 2766 tide

284 2801 685 2856 universarum
716 2798 963 2864 viarum,
987 2814 1114 2870 quoe
1145 2797 1283 2854 illuc
1314 2798 1599 2855 ducebant
1630 2803 1749 2854 tam
1782 2814 1937 2854 com-

282 2888 665 2946 moditatibus
696 2904 873 2960 quam
906 2888 1288 2959 compendiis,
1315 2887 1630 2944 novissime
1660 2888 1812 2945 viam
1844 2887 1933 2943 eis

277 2979 836 3037 commendaverunt
867 2977 1246 3045 maritimam,
1267 2982 1334 3035 ut
1363 2982 1422 3035 et
1450 2976 1816 3035 directiorem
1849 2993 1932 3035 se.

276 3074 612 3142 querentur.
637 3073 691 3125 et
721 3069 957 3126 navium
1008 3085 1249 3125 suarum
1281 3086 1412 3141 quse
1459 3068 1926 3139 proficiscentem

2055 1817 2208 1886 aliis,
2230 1818 2303 1873 ad
2337 1816 2609 1874 ulteriora
2632 1817 3029 1890 progrediens,
3055 1820 3118 1873 ut
3148 1817 3430 1887 majorem
3454 1815 3709 1886 praedam

2052 1906 2442 1976 contraheret,
2461 1906 2637 1963 dubia
2659 1915 2807 1962 sorte
2829 1906 3120 1974 sublatus,
3146 1920 3483 1975 comparare
3508 1903 3708 1970 desiit,

2053 1996 2338 2053 universis
2367 1996 2496 2065 ejus
2526 1995 2765 2052 dubium
2796 1995 3011 2051 exitum
3044 1993 3218 2050 nimis
3243 1992 3482 2050 moleste
3513 1992 3711 2048 feren-

2048 2085 2225 2142 tibus.
2256 2087 2531 2158 Sequenti
2566 2084 2940 2151 postmodum
2966 2085 3059 2140 die
3101 2081 3456 2140 transcursis
3487 2098 3709 2154 scopu·

2050 2176 2194 2233 loeis
2222 2192 2290 2232 ex
2328 2178 2492 2246 parte
2535 2174 2791 2246 plurima
2843 2173 3007 2242 locis,
3043 2190 3144 2245 per
3174 2173 3297 2229 loca
3346 2171 3638 2244 planiora,
3675 2189 3710 2228 a

2046 2265 2264 2322 dextris
2311 2264 2513 2321 relicta
2555 2264 2797 2337 antiqua
2842 2264 2984 2321 urbe
3015 2263 3256 2334 Sarepta
3300 2261 3704 2327 Sidoniorum,

2045 2354 2153 2410 viri
2201 2353 2301 2411 Dei
2351 2353 2523 2410 Heliae
2573 2353 2842 2422 nutricia,
2890 2352 3234 2408 transmisso
3282 2350 3550 2419 flumine,
3603 2350 3707 2422 qni

2048 2444 2279 2499 medius
2309 2442 2605 2514 discurrit,
2627 2443 2916 2513 egregiam
2950 2441 3104 2497 illius
3128 2438 3379 2511 regionis
3412 2441 3703 2510 metropo-

2044 2530 2147 2587 lim
2178 2532 2414 2603 Tyrum,
2441 2532 2908 2588 vetustissimum
2960 2530 3243 2603 Agenoris
3272 2532 3329 2586 et
3357 2528 3562 2585 Cadmi
3591 2528 3699 2585 do·

2044 2620 2352 2692 micilium,
2376 2625 2762 2695 pervenerunt
2787 2647 2801 2689 ;
2828 2620 2921 2676 ubi
2950 2621 3105 2677 circa
3131 2619 3294 2674 illum
3316 2618 3617 2693 egregium
3641 2620 3700 2676 et

2043 2710 2272 2768 saeculis
2318 2711 2720 2768 admirabilem
2753 2710 2960 2767 rectem
3011 2709 3311 2766 hortorum
3342 2713 3400 2764 et
3447 2711 3696 2780 putenm

2042 2817 2328 2873 aquarum
2361 2800 2677 2860 viventium
2709 2800 3118 2867 castrametati,
3150 2798 3209 2854 in
3250 2797 3548 2870 pomoeriis
3577 2796 3698 2855 late

2042 2891 2376 2962 patentibus
2424 2896 2483 2947 et
2532 2891 2713 2946 multa
2763 2889 3172 2946 commoditate
3228 2886 3471 2953 refertis,
3524 2890 3696 2944 nocte

2041 2979 2381 3053 quieverunt
2429 2996 2592 3038 una:
2634 2979 2846 3037 dehinc
2895 2978 2985 3035 die
3032 2977 3326 3045 restituta,
3357 2975 3570 3033 iterum
3619 2976 3695 3033 ad

2040 3071 2155 3128 iter
2173 3087 2237 3128 se
2265 3071 2654 3144 accingentes,
2677 3068 3076 3140 exsuperatnis
3100 3066 3370 3139 agustiis,
3392 3082 3519 3139 quae
3541 3067 3696 3124 inter

275 3158 781 3229 subsequebantur
811 3157 1153 3224 exercitum,
1184 3158 1268 3213 eis
1310 3156 1538 3214 solatim
1585 3174 1698 3215 non
1752 3158 1924 3213 dees·
1955 3138 1998 3206 C
2039 3165 2268 3218 montes
2300 3162 2730 3234 proeminentes
2762 3163 2818 3215 et
2848 3175 3007 3215 mare
3043 3158 3365 3229 periculose
3394 3156 3577 3214 nimis
3597 3158 3697 3229 ja·

272 3249 380 3302 set.
413 3245 586 3301 Erant
614 3249 805 3302 autem
836 3246 899 3302 in
952 3249 1283 3302 nostrorum
1329 3245 1533 3312 classe,
1567 3262 1684 3302 non
1731 3247 1922 3302 solum

269 3333 612 3401 Guinimeri,
647 3335 1052 3406 sociorumque
1081 3335 1230 3405 ejus,
1262 3334 1364 3407 qui
1394 3352 1429 3390 a
1458 3334 1750 3401 Flandria,
1782 3335 1926 3391 Nor-

270 3424 513 3481 mannia
556 3428 614 3481 et
658 3424 884 3496 Anglia,
918 3428 979 3481 ut
1028 3424 1436 3496 praemisimus,
1468 3424 1920 3496 descenderant;

270 3530 467 3572 verum
509 3517 569 3570 et
608 3513 1014 3581 Januensium,
1056 3512 1432 3582 Venetorum,
1473 3515 1922 3586 Graecorumque

271 3620 469 3673 naves,
500 3619 626 3675 quas
656 3619 685 3658 a
739 3606 940 3673 Cypro,
974 3602 1199 3670 Rhodo,
1230 3605 1286 3659 et
1325 3602 1453 3660 aliis
1503 3602 1706 3659 insulis
1747 3603 1922 3659 rebus

268 3697 490 3751 onustae
507 3691 809 3750 venalibus
825 3692 1160 3765 frequenter
1175 3693 1548 3764 accedebant,
1561 3709 1684 3763 quas
1703 3693 1920 3750 nostris

266 3782 599 3857 legionibus
648 3783 894 3839 multam
926 3781 1249 3838 inferebant
1297 3783 1775 3839 consolationem.
1808 3788 1917 3838 As-

265 3874 522 3946 sumptis
567 3890 701 3944 ergo
750 3872 1000 3929 ducibus
1043 3870 1290 3940 itineris,
1329 3876 1456 3928 tum
1506 3889 1573 3927 ex
1624 3873 1917 3943 praedictis

266 3962 693 4029 fidelibus,tum
717 3978 786 4018 ex
805 3961 1150 4035 Tripolitani
1176 3962 1456 4035 principis
1488 3962 1912 4027 familia‚oram

261 4049 520 4124 legentes
545 4051 922 4120 maritimam,
937 4053 1087 4123 juga
1119 4050 1322 4108 Libani
1348 4069 1383 4108 a
1403 4052 1658 4109 sinistris
1688 4051 1914 4109 haben-

264 4145 367 4209 tes,
400 4140 653 4196 Biblium
686 4144 1181 4212 pertranseuntes,
1214 4158 1394 4212 supra
1426 4141 1612 4214 ripam
1647 4141 1911 4199 fluminis

262 4245 433 4286 secus
458 4227 652 4284 locum
672 4230 764 4285 cui
796 4246 1003 4285 nomen
1022 4237 1111 4284 est
1132 4230 1322 4298 Maus,
1337 4232 1728 4288 castrametati
1747 4238 1905 4300 sunt,

263 4315 365 4372 ubi
396 4331 500 4388 per
527 4315 682 4372 diem
712 4316 920 4389 vulgus
950 4316 1161 4379 debile,
1193 4322 1250 4374 et
1279 4334 1399 4386 eos,
1434 4320 1535 4393 qui
1568 4337 1684 4378 non
1717 4321 1795 4378 ita
1825 4338 1910 4379 ce·

259 4404 459 4463 leriter
498 4405 776 4479 subsequi
836 4410 1126 4479 poterant,
1174 4408 1523 4480 operientes,
1578 4411 1911 4468 habuerunt

256 4496 540 4569 requiem.

851 4584 1085 4643 CAPUT
1132 4585 1312 4647 xxtt.

253 4673 664 4747 Proficiscentes
690 4678 849 4733 urbes
873 4681 1208 4749 praeoereunt
1234 4679 1292 4733 in
1323 4675 1511 4734 littore
1536 4680 1706 4736 maris
1744 4679 1908 4751 sites,

518 4746 863 4821 Liddamque
888 4752 944 4804 et
970 4748 1261 4805 Remulum
1286 4748 1636 4822 perveniunt.

323 4854 426 4910 Die
453 4854 688 4912 demum
710 4855 884 4913 tertia
911 4859 1044 4913 ante
1064 4856 1268 4913 urbem
1304 4857 1707 4928 Beritensium,
1728 4875 1902 4918 secus

251 4938 629 5017 fluvium.qui
646 4946 817 5017 juxta
840 4948 1042 5003 urbem
1068 4947 1301 5017 labitur,
1317 4948 1705 5005 castrametati
1727 4954 1896 5007 sunt:

249 5031 378 5103 ubi,
407 5050 440 5089 a
469 5034 714 5106 praeside
745 5036 876 5104 loci,
900 5045 961 5092 ut
991 5037 1131 5094 satis
1162 5046 1459 5109 parcerent
1481 5047 1534 5096 et
1563 5041 1899 5109 arboribus,

247 5121 386 5179 data
416 5120 662 5195 pecunia
689 5127 746 5179 et
787 5124 1139 5183 victualibus
1168 5126 1242 5182 ad
1272 5127 1684 5186 sufficientiam
1719 5129 1898 5185 mini-

245 5212 462 5279 stratis,
515 5216 682 5268 nocte
734 5212 1079 5285 quieverunt
1125 5232 1262 5271 una.
1296 5216 1569 5289 Sequenti
1619 5234 1751 5275 vero
1799 5219 1898 5276 die

245 5299 519 5357 Sidonem
587 5303 1011 5372 pervenientes,
1074 5322 1238 5363 secus
1304 5309 1540 5381 fluenta,
1608 5329 1892 5385 aquarum

244 5390 723 5449 commoditatem
747 5394 947 5462 secuti,
972 5393 1304 5454 locaverunt
1332 5402 1726 5462 tabernacula.
1751 5404 1889 5464 Ubi.

242 5476 539 5536 nescimus
583 5496 701 5551 qua
755 5479 992 5552 fiducia,
1041 5484 1142 5555 qui
1191 5486 1320 5543 urbi
1379 5496 1624 5561 proeerat
1672 5495 1895 5553 nostris

238 5561 601 5640 principibus
628 5565 852 5624 nnllam
880 5567 1153 5628 exhibuit
1175 5572 1557 5638 humanitatis
1593 5583 1844 5654 gratiam
1867 5601 1893 5654 ς

2034 3255 2168 3308 cent
2210 3252 2437 3317 medice,
2487 3250 2695 3306 iterum
2748 3249 2806 3304 in
2863 3247 3032 3320 plana
3079 3248 3528 3316 descenderunt,
3560 3264 3695 3319 quie

2035 3343 2164 3400 urbi
2195 3343 2620 3401 Acconensium
2659 3343 2925 3413 subjecta
2956 3344 3116 3397 sunt.
3148 3339 3254 3397 Ubi
3299 3340 3459 3411 juxta
3491 3338 3695 3397 civita·

2032 3435 2176 3502 tem,
2225 3450 2391 3490 secus
2437 3432 2700 3499 fluvium,
2742 3430 2842 3503 qui
2887 3431 3088 3487 eadem
3136 3430 3339 3487 urbem
3392 3428 3694 3502 praeterla·

2033 3521 2214 3591 bitur,
2238 3522 2657 3591 castrametati,
2681 3537 2714 3578 a
2737 3529 3102 3594 procuratore
3124 3523 3180 3576 et
3200 3518 3420 3575 civibus
3441 3535 3694 3577 munera

2032 3611 2435 3683 suscipientes,
2468 3628 2660 3669 rerum
2702 3608 2997 3667 venalium
3030 3607 3200 3666 bonis
3248 3607 3694 3667 conditionibus

2032 3697 2366 3754 habuerunt
2384 3696 2801 3754 commercium
2828 3716 2843 3766 ;
2876 3697 3064 3752 l'actus
3084 3699 3174 3752 est
3204 3695 3444 3767 insuper
3467 3694 3692 3752 nostris

2031 3786 2396 3860 principibus
2418 3788 2721 3843 familiaris
2751 3791 2807 3844 et
2832 3786 3082 3853 amicus,
3105 3786 3399 3856 spondens
3430 3785 3585 3857 quod
3612 3785 3690 3858 si,

2030 3882 2162 3950 post
2187 3880 2413 3948 captam
2455 3876 2934 3950 Hierosolymam,
2969 3875 3173 3948 viginti
3207 3874 3431 3931 dierum
3468 3875 3690 3947 spatio,

2030 3972 2249 4041 absque
2279 3968 2730 4025 contradictione
2759 3968 2820 4024 in
2863 3983 3040 4038 regno
3073 3973 3310 4039 possent
3337 3964 3686 4034 consistere,

2027 4061 2129 4115 aut
2154 4057 2553 4130 AEgyptiorum
2586 4058 2736 4113 vires
2767 4071 3063 4128 superare,
3099 4055 3222 4127 ipse
3265 4052 3472 4110 urbem
3504 4056 3690 4113 Acco·

2025 4162 2263 4204 nensem
2293 4146 2516 4220 absque
2546 4146 2891 4203 difficultate
2917 4145 3037 4201 ulla
3058 4143 3141 4200 eis
3173 4143 3513 4215 resignaret.
3540 4142 3684 4200 Inde

2026 4253 2155 4293 vero
2204 4236 2492 4309 progressi
2536 4234 2832 4292 Galilaearn
2863 4252 2897 4291 a
2946 4234 3087 4290 laeva
3134 4231 3491 4301 deserentes,
3523 4232 3681 4290 inter

2022 4325 2348 4383 Carmelum
2378 4330 2437 4382 et
2483 4341 2660 4397 mare,
2690 4327 3005 4382 Caesaream
3052 4322 3324 4380 secunde
3355 4319 3680 4378 Palaestine

2025 4414 2410 4486 metropolim,
2451 4431 2582 4487 quae
2626 4414 2819 4486 prisco
2858 4414 3095 4469 nomine
3138 4410 3333 4468 Turris
3383 4410 3675 4468 Stratonis

1945 4520 1993 4586 Ι)
2024 4504 2315 4577 appellata
2356 4507 2466 4572 est,
2501 4502 2915 4575 pervenientes,
2947 4518 3119 4559 secus
3167 4499 3436 4569 fluvium,
3470 4499 3571 4572 qui
3603 4499 3677 4557 de

2025 4593 2341 4667 paludibus
2369 4593 2558 4650 eidem
2588 4592 2717 4649 urbi
2750 4591 3149 4662 adjacentibus
3192 4588 3420 4658 defluit,
3451 4593 3674 4646 castra·

2023 4684 2224 4741 metati
2272 4686 2450 4753 sunt;
2503 4682 2603 4739 ubi
2649 4683 2706 4738 et
2753 4684 3021 4738 sanctum
3070 4680 3444 4737 pentecostes
3495 4677 3677 4749 diem,

2019 4777 2226 4844 quarto
2257 4772 2373 4827 Kal.
2406 4771 2614 4827 Junias
2645 4770 3100 4831 celebraverunt.
3133 4786 3167 4825 a
3200 4767 3476 4842 praedicta
3507 4767 3673 4834 urbe,

2015 4863 2113 4918 vix
2145 4861 2373 4918 duobus
2402 4861 2688 4918 distantes
2732 4858 3108 4916 milliaribus.
3150 4857 3290 4915 inde
3332 4861 3470 4931 post
3512 4856 3671 4914 diem

2015 4949 2278 5018 tertium,
2329 4949 2554 5007 itineris
2619 4953 2976 5007 resumentes
3041 4946 3323 5013 laborem,
3370 4944 3595 5002 relictis
3639 4961 3674 5001 a

2015 5042 2219 5098 dextra
2265 5039 2408 5097 locis
2449 5038 2781 5105 maritimis,
2813 5037 3177 5110 Antipatrida
3223 5041 3284 5092 et
3329 5035 3536 5108 Joppe,
3569 5050 3675 5107 per

2014 5133 2131 5189 late
2161 5131 2455 5204 patentem
2486 5130 2809 5204 planitiem,
2832 5127 3226 5185 Eleutheriam
3250 5128 3673 5200 pertranseun-

2013 5228 2125 5292 tes,
2161 5222 2398 5278 Liddam
2430 5237 2556 5293 quae
2587 5230 2673 5276 est
2702 5217 3017 5291 Diospolis,
3051 5214 3147 5273 ubi
3178 5219 3235 5273 et
3261 5213 3479 5288 egregii
3511 5230 3671 5271 mar-

2012 5312 2156 5383 tyris
2204 5311 2434 5385 Georgii
2480 5310 2799 5383 gloriosum
2858 5322 3046 5379 usque
3095 5303 3270 5362 hodie
3319 5303 3665 5377 sepulcrum

2009 5402 2356 5469 ostenditur,
2388 5402 2448 5457 in
2482 5417 2596 5473 quo
2628 5398 2956 5456 secundum
2988 5394 3332 5454 exteriorem
3366 5392 3666 5453 hominem

2009 5489 2071 5546 in
2094 5491 2341 5549 Domino
2362 5492 2621 5549 creditur
2640 5488 3020 5561 requiescere,
3044 5486 3451 5560 pervenerunt.
3475 5482 3665 5556 Cujus

2005 5580 2339 5653 ecclesiam,
2386 5597 2566 5654 quam
2615 5580 2687 5639 ad
2734 5577 3013 5638 honorem
3062 5575 3330 5650 ejusdem
3365 5572 3663 5647 martyris,
