3784 6000
142 350 149 355 ·
175 314 291 377 147

1223 308 1569 375 ARNULFI
1611 305 2124 371 LEXOVIENSIS
2166 307 2515 372 EPISCOPI

3462 301 3578 374 its

171 447 384 520 unisse,
417 446 636 507 nisime
664 447 1042 524 indulgentia
1070 446 1258 522 gratia
1280 450 1337 504 at
1365 447 1488 502 tam
1536 442 1811 517 proximae
1840 443 1898 513 Α
1925 444 2016 499 est
2046 443 2397 516 pauperibus
2425 442 2692 501 Ecclesia
2724 444 2995 503 Romano
3044 442 3406 517 subsidium,
3436 443 3577 503 licet

168 538 534 612 cognationis
563 538 887 610 compassio
917 537 1268 596 seduxisset.
1301 536 1418 609 Ego
1440 533 1598 592 enim
1628 550 1697 591 ex
1718 550 1815 590 so·

171 642 300 687 rore
320 633 521 687 natum
556 628 864 702 parvulum
885 628 1290 701 indulgentius
1313 624 1572 695 educavi,
1596 623 1816 682 erudiri

171 717 282 777 feci
301 717 663 792 diligentius,
679 718 963 775 reditibus
983 716 1278 791 ampliavi,
1295 715 1556 786 mihique
1578 714 1647 771 ad
1673 730 1813 770 con·

171 807 476 866 ferendum
496 807 549 864 ei
570 823 776 865 omnes
799 805 948 864 ultro
976 807 1141 880 copia
1161 806 1563 879 respondebat.
1595 801 1815 859 Donavi

170 895 461 969 siquidem
473 895 523 954 ei
538 897 597 954 in
613 897 952 970 episcopatu
967 896 1307 953 Lexoviensi
1329 895 1588 967 quinque
1626 891 1811 949 eccle·

167 985 284 1043 sias
303 985 533 1043 circiter
552 990 790 1043 centum
811 985 1114 1053 librarum,
1135 984 1506 1057 praebendam
1536 983 1594 1038 in
1625 980 1813 1038 eecle-

167 1074 258 1132 sia
288 1074 625 1133 Lexoviensi
648 1074 1035 1132 nihilominus
1054 1073 1486 1147 quinquaginta
1499 1071 1811 1141 librarum,

166 1163 701 1224 archidiaconatum
723 1170 960 1222 centum
1001 1162 1282 1219 librarum
1316 1167 1372 1219 et
1421 1178 1488 1219 eo
1533 1161 1810 1234 amplius,

171 1259 451 1327 qnantum
475 1253 755 1327 prolicere
776 1256 1043 1326 poterant
1063 1255 1185 1309 tam
1205 1252 1419 1325 rapinae
1442 1267 1619 1324 quam
1660 1249 1814 1321 inju-

167 1343 268 1400 ria!
287 1343 704 1415 subjectorum,
726 1359 832 1400 nec
854 1358 947 1400 me
967 1359 998 1399 a
1029 1341 1438 1415 largitionibus
1466 1339 1810 1411 hujusmodi

168 1431 438 1507 frequens
466 1431 656 1504 ipsius
694 1431 1049 1506 ingratitudo
1094 1433 1317 1503 poterat
1366 1428 1637 1487 cohibere
1662 1446 1677 1498 ;
1708 1429 1809 1485 sed

170 1535 350 1593 super
366 1523 543 1594 capnt
561 1521 689 1593 ejus
713 1520 996 1577 carbones
1017 1519 1256 1577 inutiles
1276 1534 1507 1590 semper
1527 1518 1812 1574 omnistu·

170 1609 269 1668 dio
286 1610 691 1684 congerebam.
716 1616 994 1668 Praetereo
1011 1610 1167 1682 quod
1189 1611 1262 1665 de
1283 1609 1418 1681 iure
1447 1607 1810 1666 archidiaco-

172 1701 347 1758 natus
359 1700 617 1758 hominio
641 1698 784 1756 mihi
814 1705 869 1756 et
899 1698 1156 1772 fideligia
1169 1699 1479 1755 tenebatur
1500 1696 1808 1767 obnoxius,

171 1805 346 1863 quem
363 1789 488 1862 ipse
509 1789 655 1847 mihi
679 1791 899 1848 utinam
923 1788 1180 1846 fideliore
1193 1787 1472 1846 memoria
1485 1802 1814 1844 conservas·

169 1882 282 1937 set.
309 1881 596 1954 Expertus
626 1895 756 1937 sum
789 1880 943 1952 qnod
975 1878 1148 1935 fldem
1183 1878 1244 1935 in
1275 1894 1341 1935 ec
1373 1893 1487 1934 non
1519 1880 1642 1935 eret
1673 1877 1814 1934 affe-

176 1966 278 2037 tio,
302 1968 405 2025 sed
424 1969 718 2042 cupiditas
739 1976 841 2025 aut
858 1967 1176 2041 superioris
1208 1967 1530 2024 reverentia
1559 1969 1816 2040 potesta-

175 2055 276 2115 tis.
311 2055 549 2114 Utimini
580 2073 648 2115 eo
695 2073 920 2126 secure,
962 2057 1099 2130 quia
1147 2057 1513 2129 maiestatem
1564 2058 1815 2112 vestram

173 2144 374 2204 fallere
405 2162 519 2204 nen
551 2146 807 2214 audebit,
840 2147 938 2203 sed
989 2146 1060 2202 ad
1108 2161 1338 2204 omnem
1387 2145 1817 2204 exsecutionem

179 2234 531 2309 beneplaciti
562 2235 736 2292 vestri
763 2239 1149 2309 prosequente
1178 2237 1336 2291 metu
1360 2250 1475 2290 non
1516 2233 1817 2291 devotione

171 2322 265 2382 vel
294 2324 409 2381 tide
434 2329 704 2397 prompta
734 2340 964 2395 semper
992 2325 1323 2396 operatione
1355 2322 1646 2396 procedat.
1677 2326 1817 2396 Spe·

181 2426 444 2470 raveram
472 2413 626 2485 quod
677 2411 884 2469 saltem
937 2413 1250 2470 novissima
1293 2428 1423 2470 mea
1470 2415 1819 2487 propitiante

177 2499 527 2560 velletoculo
540 2501 1014 2574 contemplari,et
1031 2518 1211 2573 super
1236 2507 1530 2559 senectute
1558 2511 1613 2560 et
1657 2504 1822 2561 debi-

172 2590 335 2649 litate
354 2606 482 2648 mea
503 2593 561 2647 et
580 2594 912 2663 paupertate
935 2600 1255 2663 spontanea
1293 2597 1644 2662 moveretur,
1677 2594 1821 2650 adeo

173 2684 240 2739 ut
266 2681 442 2738 etiam
474 2696 582 2737 sua
612 2679 757 2736 mihi
786 2679 1106 2737 liberaliter
1128 2681 1361 2738 inomni
1384 2683 1822 2755 opportunitate

183 2769 481 2828 exhiberet
511 2785 768 2842 meaeque
793 2771 865 2826 de
898 2770 985 2829 his
1014 2788 1141 2845 quae
1191 2787 1297 2845 ego
1337 2771 1390 2828 ei
1438 2771 1822 2831 contuleram,

193 2859 648 2919 misericorditer
666 2859 725 2916 in
757 2862 1015 2934 tempore
1044 2859 1214 2919 vellet
1243 2861 1450 2933 inopiae
1491 2862 1824 2936 subvenire,

182 2950 285 3010 sed
297 2950 314 3008 i
321 2964 420 3023 pse
433 2952 652 3024 partem
668 2949 880 3018 modici
894 2949 1157 3009 beneficii
1172 2952 1327 3026 quod
1339 2967 1445 3025 ego
1467 2951 1825 3027 pauperibus

176 3038 478 3100 canonicis
498 3040 1004 3112 contuleram,imc
1027 3042 1194 3114 quasi
1210 3058 1641 3100 reservaveram
1655 3044 1822 3104 mihi,

170 3129 399 3204 absque
418 3128 579 3186 omni
594 3130 817 3200 judicio
838 3130 1117 3189 violenter
1132 3137 1399 3206 usurpat,
1416 3133 1823 3206 licetpraedicti

1845 1833 1892 1900 B

1928 547 2031 590 nos
2060 533 2132 589 de
2149 531 2334 605 ipsius
2363 549 2483 592 non
2512 537 2773 608 aporteat
2811 534 3025 592 auxilio
3074 535 3407 608 desperare.
3457 536 3566 608 Ap-

1927 622 2124 695 ponite
2150 623 2344 697 itaque
2376 625 2592 697 regiam
2622 641 2867 683 manum
2897 628 3174 697 vestram,
3200 625 3273 682 de
3302 641 3423 700 qua
3445 641 3573 682 ma·

1924 713 2012 785 gis
2068 713 2443 784 confidimus,
2476 717 2533 770 et
2587 715 2926 773 effrenatam
2958 714 3219 772 hominis
3259 713 3563 772 avaritiam

1923 802 2212 873 cohibere,
2246 807 2303 861 et
2331 803 2538 861 fratres
2567 802 2699 862 illos
2727 802 3028 865 eeclesiam
3071 802 3235 861 illam
3290 819 3424 862 cum
3470 818 3570 862 ea-

1924 893 2077 968 pella
2104 909 2162 952 et
2182 894 2542 967 pertinentiis
2571 896 2629 952 in
2660 895 2904 968 antiqua
2941 893 3274 966 integritate
3320 911 3432 952 sua
3480 894 3568 951 t’a-

1921 981 2088 1040 ciatis
2119 982 2360 1055 pacitice
2387 981 2704 1055 possidere,
2734 982 2890 1040 sicut
2929 986 3325 1042 antecessores
3362 998 3564 1040 eorum

1920 1071 2246 1130 constlterit
2266 1071 2440 1145 longo
2471 1074 2727 1146 tempore
2756 1071 3089 1147 possedisse
3119 1077 3175 1131 et
3201 1072 3314 1146 ipsi
3334 1073 3565 1131 duobus

1922 1164 2024 1221 aut
2048 1160 2230 1218 tribus
2251 1161 2422 1218 annis
2454 1160 2788 1220 novissimis
2799 1162 3204 1235 possederunt.
3221 1162 3565 1236 fructusque

1922 1255 2223 1325 perceptos
2249 1250 2635 1310 nihilominus
2665 1268 2800 1310 eum
2830 1252 3137 1311 restituere
3177 1252 3424 1310 faciatis.
3460 1251 3567 1309 Re-

1921 1340 2292 1409 miniscatur,
2346 1341 2607 1410 obsecro,
2640 1340 2917 1399 dominus
2961 1358 3150 1410 meus,
3179 1342 3472 1414 quomodo
3501 1343 3564 1400 in

1921 1429 2239 1488 novissimo
2270 1430 2531 1488 discessu
2563 1446 2689 1488 meo
2720 1432 2874 1504 apud
2905 1431 3227 1490 Gisortium
3250 1430 3566 1490 loetiflcavit

1922 1520 2182 1579 animam
2213 1535 2403 1576 meam
2433 1526 2488 1577 et
2518 1536 2613 1577 me
2649 1520 2720 1577 de
2763 1520 2932 1593 copia
2979 1520 3396 1578 munificentie
3441 1538 3563 1580 sum

1923 1609 2212 1668 dimiserit
2240 1609 2598 1666 affluentem.
2629 1607 2920 1682 Adjuncto
2953 1609 3249 1683 siquidem
3275 1610 3448 1668 verbo
3470 1628 3563 1668 re·

1920 1698 2031 1774 giae
2058 1696 2467 1772 promissionis
2497 1696 2649 1770 quod
2682 1713 2775 1754 me
2811 1696 2872 1754 in
2916 1698 3076 1757 omni
3125 1699 3564 1774 opportunitate

1923 1805 2053 1847 mea
2072 1787 2344 1862 deinceps
2372 1787 2702 1860 adjuvaret,
2725 1784 2879 1843 sicut
2911 1804 3169 1861 unquam
3208 1788 3451 1847 liberius
3473 1789 3563 1847 te-

1920 1882 2099 1946 cerat,
2125 1882 2184 1934 et
2209 1893 2444 1935 omnem
2475 1895 2509 1933 a
2529 1889 2621 1931 me
2643 1873 2967 1932 molestiam
2999 1876 3380 1950 propulsaret.
3405 1877 3561 1935 Nihil

1919 1968 2076 2025 enim
2126 1967 2273 2025 mihi
2314 1973 2543 2026 constat
2582 1985 2712 2027 esse
2744 1968 3067 2037 molestius,
3110 1983 3289 2042 quam
3318 1970 3475 2043 quod
3510 1969 3561 2026 is

1921 2055 2020 2128 qui
2052 2057 2206 2112 stare
2239 2069 2467 2112 mecum
2501 2071 2601 2127 per
2627 2055 2827 2113 omnia
2855 2053 3171 2122 debuisset,
3204 2054 3286 2125 id,
3338 2055 3397 2111 in
3448 2071 3562 2127 quo

1920 2144 2128 2202 t'ratres
2164 2142 2458 2201 laetiticare
2495 2159 2885 2217 speraveram,
2908 2141 3270 2217 implacabili
3302 2143 3565 2219 maligni-

1921 2237 2035 2291 tate
2065 2232 2383 2302 perturbat,
2414 2234 2473 2289 et
2502 2247 2679 2305 usque
2706 2231 2766 2289 in
2798 2230 3127 2305 sepulcrum
3166 2233 3434 2306 persequi
3463 2233 3561 2292 in-

1921 2324 2151 2381 defessa
2170 2321 2487 2393 cupiditate
2512 2338 2626 2379 non
2649 2327 2862 2393 cessat,
2906 2336 3097 2395 neque
3116 2338 3180 2379 se
3225 2323 3563 2395 perturbare

1916 2415 2070 2486 juris
2099 2412 2361 2471 ordinem
2410 2417 2720 2481 reveretur,
2751 2430 2886 2470 cum
2932 2413 2993 2469 hi
3031 2413 3132 2486 qui
3181 2413 3565 2486 possidebant

1923 2520 2040 2561 non
2070 2503 2374 2560 debuerint
2401 2503 2622 2575 absque
2643 2503 2868 2575 judicio
2905 2501 3165 2575 spoliari.
3205 2502 3403 2562 Primo
3450 2505 3565 2562 ita-

1924 2608 2038 2666 que
2064 2590 2407 2650 restituendi
2436 2596 2578 2649 sunt
2607 2607 2741 2649 eum
2771 2591 3056 2650 fructibus
3097 2591 3322 2649 scilicet
3365 2597 3424 2650 et
3468 2607 3565 2650 ex·

1926 2684 2146 2759 pensis,
2177 2686 2236 2739 et
2264 2698 2434 2756 poena
2463 2681 2515 2740 ei
2544 2698 2649 2756 pro
2678 2697 2920 2740 excessu
2957 2681 3195 2739 arbitrio
3229 2681 3455 2754 Judicis
3483 2683 3567 2740 in·

1927 2771 2197 2846 nigeuda.
2222 2768 2444 2826 Reddat
2471 2767 2669 2842 itaque
2697 2783 2790 2824 me
2821 2768 2964 2825 mihi
2993 2767 3270 2826 dominus
3300 2784 3491 2841 meus,
3509 2773 3566 2827 et

1928 2864 2214 2934 speratam
2235 2857 2492 2933 requiem
2522 2857 2883 2915 misericordi
2905 2857 3161 2915 bonitate
3180 2858 3470 2930 restituat,
3503 2866 3568 2917 ut

1927 2953 1999 3024 de
2020 2950 2113 3007 his
2138 2966 2268 3022 quae
2285 2949 2354 3006 ad
2379 2946 2562 3005 Deum
2585 2951 2741 3014 sunt,
2766 2946 2934 3007 liceat
2965 2946 3110 3004 mihi
3141 2948 3270 3006 sine
3299 2946 3568 3008 molestia

1928 3041 2201 3115 cogitare.
2233 3036 2388 3095 Nihil
2419 3038 2578 3094 enim
2602 3044 2688 3094 est
2716 3036 2872 3109 quod
2905 3037 3091 3111 magis
3139 3038 3308 3111 regio
3355 3054 3568 3096 conve-

1933 3132 2052 3188 niat
2084 3126 2371 3200 majestati
2402 3141 2578 3200 quam
2596 3125 2899 3183 audaciam
2931 3126 3243 3199 reprimere
3273 3128 3566 3200 superbo-

169 3219 377 3277 fratres
399 3216 695 3291 aliquibus
717 3218 886 3277 annis
916 3224 973 3276 et
1002 3222 1460 3293 praedecessores
1499 3237 1698 3280 eorum
1748 3225 1820 3281 ab
1847 3205 1890 3274 C
1931 3236 2060 3276 rum
2092 3224 2149 3274 et
2178 3233 2343 3274 suam
2369 3215 2546 3286 ,iustis
2567 3232 2634 3272 ac
2653 3214 3329 3288 simplicibusjustitiam
3353 3216 3569 3274 virtute

168 3306 411 3379 antiquo
423 3305 657 3377 pacifice
678 3308 1094 3381 possedissent.
1113 3309 1403 3382 Requisivi
1429 3327 1564 3368 eum
1594 3311 1814 3370 instan-

173 3397 311 3464 tius,
327 3394 683 3466 utJustitiam
709 3395 810 3452 Dei
840 3402 895 3453 et
926 3398 1197 3470 pauperis
1226 3398 1480 3456 ecclesiae
1507 3416 1817 3474 meamque

173 3485 569 3544 consideraret
598 3485 877 3557 inopiam,
909 3487 1008 3543 sed
1040 3485 1097 3543 in
1130 3486 1292 3545 nullo
1321 3489 1600 3561 prolicere
1629 3493 1812 3563 potui,

174 3574 319 3649 quin
342 3589 553 3632 manus
573 3575 824 3631 audaces
845 3591 1073 3650 semper
1094 3587 1468 3648 praesumeret
1481 3581 1814 3652 extendere,

173 3671 229 3724 et
253 3665 352 3737 jus
381 3680 705 3737 pauperum
734 3664 1138 3737 impudentius
1176 3683 1485 3741 usurpare.
1516 3668 1618 3726 Est
1638 3669 1812 3727 etiam

171 3754 233 3812 in
263 3752 538 3828 parochia
565 3752 665 3810 illa
692 3753 979 3826 capellula
1007 3756 1269 3828 quoedam
1304 3755 1494 3815 nullos
1522 3758 1817 3831 parochia-

169 3860 298 3913 nos,
332 3840 526 3900 nullos
552 3858 790 3914 prorsus
811 3843 1033 3902 reditus
1054 3843 1298 3915 habens,
1321 3846 1508 3918 adjus
1534 3846 1813 3906 nimirum

173 3931 520 4005 parochialis
567 3930 821 3988 ecclesiis
871 3932 1170 4006 pertinens
1217 3933 1289 3992 ab
1337 3935 1594 4008 antiqno,
1642 3952 1819 4008 quam

175 4017 334 4075 omni
359 4017 472 4075 iere
501 4018 733 4075 servitio
757 4027 811 4075 et
840 4021 1083 4080 aedificic
1129 4022 1496 4094 destitutam,
1544 4023 1818 4084 sacerdos

176 4106 443 4178 ejusdem
476 4106 758 4177 parochioe
789 4108 974 4170 solus.
998 4127 1134 4167 cum
1170 4111 1354 4181 vellet,
1379 4113 1703 4172 devotionis
1725 4114 1820 4170 in-

178 4193 331 4251 tuitu
362 4194 657 4261 visitabat,
682 4210 786 4250 nec
809 4195 1005 4253 divina
1025 4198 1104 4254 ibi
1125 4198 1368 4257 honeste
1398 4206 1666 4273 poterant
1690 4203 1818 4259 cifi-

180 4281 272 4339 cia
299 4281 606 4351 celebrari;
640 4299 814 4354 quam
846 4284 1022 4341 Falco
1043 4286 1323 4355 decanus,
1345 4289 1416 4344 ad
1459 4306 1633 4359 quem
1680 4294 1820 4347 tunc

178 4368 457 4445 parochia
513 4369 858 4442 pertinebat,
900 4374 1033 4444 jure
1087 4374 1403 4445 parochiali
1454 4376 1821 4437 reaedificavit

177 4459 593 4519 attentiusetin
606 4459 963 4519 cimeteriolo
976 4463 1154 4520 veteri
1174 4464 1326 4536 quod
1351 4465 1431 4521 ibi
1463 4468 1791 4538 adjacebat,

1927 3309 2086 3383 regia
2114 3322 2468 3365 conservare.

2605 3392 2894 3451 cxxvm.

2236 3502 2309 3541 An
2349 3499 2652 3542 usnemun
2691 3500 2883 3540 ascesi
2920 3499 3261 3542 memsuis.

2000 3572 2358 3646 Praecepistis
2381 3570 2667 3628 willelmo
2694 3571 2811 3627 tilio
2834 3570 2951 3629 Rad
2964 3571 3065 3628 ulfi
3080 3572 3139 3628 in
3162 3572 3429 3631 discessu
3443 3590 3571 3649 mea

1926 3664 2135 3720 avobis
2148 3664 2304 3736 apud
2317 3662 2639 3720 Gisortium
2654 3665 2718 3718 ut
2732 3660 2870 3717 mihi
2885 3661 3172 3719 ducentas
3198 3660 3380 3720 libras
3404 3664 3572 3721 anel-

1927 3754 2140 3809 taceret
2171 3766 2475 3807 numerare
2507 3766 2608 3823 pro
2656 3749 2884 3807 catallis
2928 3749 3073 3807 meis
3124 3754 3181 3808 et
3212 3767 3336 3824 ipse
3354 3768 3573 3825 prace-

1930 3846 2091 3914 ptum
2121 3844 2376 3898 vestrum
2408 3840 2604 3898 debita
2651 3839 2942 3897 hilaritate
2991 3842 3251 3915 suscepit
3282 3858 3298 3901 z
3330 3844 3480 3901 mihi
3511 3859 3575 3902 ae

1929 3932 2213 3989 facturum
2246 3946 2377 3987 cum
2411 3935 2571 3988 tanta
2609 3932 3034 3989 asseveratione
3066 3933 3350 4006 promisit,
3376 3939 3443 3991 ut
3462 3950 3572 4007 ego

1930 4022 2264 4079 nullatenus
2293 4019 2636 4078 crediderim
2668 4020 3072 4078 dubitandem.
3097 4021 3436 4096 Assignavit
3457 4025 3576 4080 ita·

1930 4129 2044 4185 que
2078 4111 2216 4168 mihi
2248 4110 2423 4180 diem,
2456 4110 2529 4166 ad
2562 4110 2813 4167 mediam
2842 4110 3110 4183 Augusti,
3133 4113 3191 4168 et
3210 4128 3313 4184 ego
3337 4117 3478 4170 tunc
3498 4114 3571 4170 ad

1929 4218 2063 4258 eum
2096 4200 2232 4257 misi
2261 4216 2393 4257 cum
2423 4198 2585 4256 omni
2616 4199 2831 4256 tiducia
2857 4215 2962 4256 nec
2993 4201 3204 4275 recepi.
3231 4202 3575 4275 Assignavit

1932 4291 2077 4348 mihi
2097 4289 2279 4347 alium
2301 4288 2455 4345 diem
2478 4289 2551 4345 ad
2576 4288 2788 4345 festum
2820 4288 3040 4346 seilicet
3081 4289 3276 4346 Sancti
3313 4290 3575 4348 Michae-

1932 4378 2026 4447 lis,
2051 4394 2238 4450 neque
2258 4382 2397 4435 tuuc
2419 4392 2648 4449 quoque
2667 4375 2813 4434 mihi
2834 4377 3156 4450 quidquam
3177 4377 3440 4437 solutum
3460 4384 3575 4449 est,

1932 4484 2120 4540 neque
2149 4466 2271 4523 dies
2301 4468 2372 4523 ad
2403 4466 2748 4523 solvendum
2800 4465 3037 4524 ulterius
3086 4467 3407 4541 assignata.
3431 4467 3578 4525 Fru-

178 4552 382 4609 domos
402 4566 542 4608 suas
572 4550 916 4622 construxit,
952 4568 1058 4609 usu
1092 4553 1408 4626 sepulturas
1439 4557 1590 4614 sicut
1637 4559 1821 4616 voluit
1853 4557 1899 4622 D
1930 4561 2148 4615 stratus
2169 4557 2364 4628 itaque
2387 4555 2579 4626 toties,
2598 4554 2743 4613 nihil
2763 4555 2920 4613 aliud
2939 4556 3144 4614 crediti
3168 4557 3313 4614 mihi
3354 4558 3579 4616 facien-

179 4640 692 4708 transformato‚de
705 4656 821 4713 qua
840 4640 1136 4715 siquidem
1158 4643 1381 4718 capella
1415 4648 1574 4719 Hugo
1614 4649 1684 4705 de
1711 4650 1827 4705 Nu·

175 4732 1825 4807 nanuntsaeerdotemacccptisclavibusetsacerdotalibus

178 4821 540 4880 indumentis
561 4821 940 4893 amovit,cum
969 4824 1237 4883 sacerdos
1267 4826 1341 4881 ad
1375 4825 1697 4885 Romanam
1719 4828 1824 4886 Ec-

180 4908 418 4967 clesiam
433 4915 996 4982 anteaprcvocasset,
1020 4912 1294 4987 etinipso
1338 4914 1489 4973 facto
1529 4916 1824 4977 nihilomi-

179 5015 291 5056 nus
321 4998 617 5056 insisteret
647 5000 961 5073 appellare.
995 5001 1201 5078 Ibique
1232 5007 1608 5077 postmodum
1640 5007 1826 5066 conti·

179 5103 295 5145 nne
326 5087 460 5145 tecit
489 5087 849 5146 sacerdotem
880 5107 1056 5148 suum
1098 5093 1294 5152 divina
1342 5094 1397 5150 in
1452 5096 1829 5154 anathemate

179 5177 557 5245 celebrare,et
595 5178 976 5249 parochianos
1003 5197 1036 5235 a
1066 5198 1242 5239 manu
1273 5186 1616 5256 sacerdotis,
1647 5202 1825 5258 quem

179 5284 413 5341 semper
431 5270 803 5340 agnoverant,
828 5266 1109 5326 violenter
1138 5277 1368 5330 amovet
1386 5283 1442 5331 et
1462 5275 1700 5344 amovit,
1726 5276 1825 5333 sed

181 5359 248 5414 ut
276 5357 326 5414 si
356 5356 581 5414 veniret
609 5358 681 5414 ad
713 5371 971 5427 causam,
1002 5356 1112 5415 hac
1143 5365 1266 5418 arte
1289 5362 1453 5437 fungi
1474 5365 1829 5437 possessoris

183 5437 490 5504 commo'do
530 5445 836 5503 videretur.
866 5447 954 5503 Ad
1001 5463 1102 5505 vos
1150 5448 1347 5525 itaque
1394 5456 1619 5525 spectat
1659 5456 1827 5511 tanto

185 5536 552 5593 enormitatis
597 5535 900 5610 correptio,
952 5552 1141 5611 neque
1213 5555 1319 5615 ego
1376 5556 1544 5613 spero
1592 5541 1829 5615 aliquod

185 5622 422 5685 aliunde
433 5623 778 5698 remedium,
793 5625 1329 5702 quialonginquum
1340 5632 1398 5688 et
1409 5635 1825 5705 sumptuosum

1937 4647 2078 4703 dum
2112 4644 2225 4702 nisi
2256 4644 2325 4700 ad
2358 4643 2780 4716 benignitatem
2811 4648 3065 4701 vestram
3099 4646 3373 4702 nuntium
3401 4646 3578 4704 desti·

1939 4750 2098 4805 nare,
2130 4738 2194 4792 ut
2223 4734 2372 4806 quod
2412 4749 2446 4789 a
2490 4732 2652 4790 vobis
2701 4737 2819 4790 tam
2869 4731 3186 4791 liberaliter
3233 4750 3578 4793 concessum

1937 4828 2049 4893 est,
2106 4840 2213 4880 suo
2235 4862 2242 4868 -
2267 4822 2545 4880 veraciter
2613 4823 3009 4881 consummari
3068 4824 3296 4882 faciatis
3346 4825 3577 4883 effectu.

1938 4915 2217 4972 Praeterea
2236 4913 2519 4970 ducentas
2539 4911 2719 4970 libras
2741 4928 2970 4971 annuas
2985 4912 3124 4970 mihi
3141 4914 3586 4987 magnificentia

1936 5005 2131 5060 vestra
2159 5000 2482 5071 constituit,
2539 5000 2802 5071 quandiu
2833 5000 3084 5058 viverem
3113 5000 3174 5058 in
3195 5002 3584 5075 prepositura

1938 5089 2289 5157 Lexoviensi,
2338 5104 2582 5146 assensu
2616 5095 2671 5145 et
2719 5087 2913 5161 sigillo
2952 5088 3232 5147 nimirum
3280 5098 3494 5157 vestro,
3526 5096 3585 5149 et

1937 5177 2852 5250 canonicorumetarchiepiscopi
2886 5182 3295 5251 prosequente,
3327 5184 3585 5251 quatuor

1939 5269 2176 5344 quidem
2208 5266 2473 5325 terminis
2503 5265 2776 5340 singulis,
2806 5265 3025 5324 scilicet
3046 5266 3240 5325 tribus
3270 5267 3585 5328 mensibus

1938 5357 2374 5432 persolvendas,
2398 5360 2463 5412 ut
2511 5354 2735 5413 seilicet
2761 5355 2820 5412 in
2870 5354 2978 5413 hac
3021 5356 3333 5414 testivitate
3379 5356 3583 5415 Sancti

1938 5444 2238 5505 Michaelis
2270 5443 2415 5502 mihi
2452 5447 2662 5517 quarta
2708 5444 2893 5518 portio
2941 5444 3256 5503 solveretur
3288 5462 3303 5503 :
3338 5444 3584 5520 reliquls

1939 5535 2304 5613 portionibus
2324 5551 2432 5592 suo
2452 5543 2708 5608 tempore
2747 5532 3143 5608 persolvendis
3166 5549 3393 5609 :neque
3420 5536 3581 5594 enim'

1937 5628 2307 5703 episcopatus
2328 5625 2551 5695 dilatio,
2575 5624 2725 5684 sicut
2756 5624 2940 5699 scitis,
2962 5623 3023 5683 in
3062 5640 3262 5684 meum
3299 5624 3472 5686 debet
3498 5641 3584 5687 ce·
