3784 6000
298 255 409 317 ss!

294 483 497 542 dicitia
523 482 890 550 convalescit,
913 482 1068 539 iiiios
1089 482 1456 540 sacerdotum
1485 480 1743 554 paternis
1784 482 1934 538 atta·

295 571 461 630 ribus
491 571 776 642 adhiberi,
805 587 879 627 ne
910 570 1227 628 incestuosi
1258 570 1683 628 concubinatus
1714 570 1937 628 crimen

295 661 369 718 ab
397 661 526 733 ipsc
554 660 641 718 vei
670 678 703 716 a
726 660 894 717 vobis
916 660 1156 732 profusa
1177 659 1536 732 benignitate
1563 660 1824 717 videatur
1853 659 1938 717 in·

291 750 546 818 dultum,
569 765 678 806 nec
703 749 999 821 spurcitia!
1022 749 1250 807 soboles
1272 748 1674 806 sanctuarium
1701 749 1935 807 Domini

288 837 553 911 exemplo
590 841 844 912 paterna
884 837 1185 911 pravitatis
1224 837 1490 895 incestet.
1530 837 1691 894 Oculi
1736 840 1936 911 itaque

287 928 463 986 vestri
491 927 729 985 videant
764 928 1119 999 nequitatem,
1150 927 1198 984 si
1228 928 1303 985 ad
1335 928 1790 1002 recognitionem
1810 930 1933 1000 jam

286 1016 532 1089 cognito
550 1015 835 1084 veritatis,
857 1016 1168 1088 episcopus
1190 1017 1262 1072 ad
1280 1031 1456 1089 quem
1479 1017 1553 1072 ab
1573 1016 1737 1073 initio
1758 1032 1935 1074 causa

286 1121 394 1162 sno
415 1105 621 1161 ordine
648 1105 1076 1177 pertinebat,de
1103 1121 1173 1162 ea
1200 1104 1497 1178 legatione
1521 1120 1699 1177 quam
1739 1106 1810 1162 de
1846 1121 1935 1164 ve·

285 1198 408 1250 stra
447 1191 749 1250 voluntate
776 1194 1057 1266 suscepit,
1097 1194 1309 1250 debeat
1348 1194 1704 1265 exspectari:
1741 1194 1786 1250 si
1834 1211 1936 1268 ap-

284 1282 583 1354 pellationi
613 1283 769 1339 sedis
803 1282 1134 1354 apostolicae
1167 1283 1544 1339 deferendum
1589 1285 1700 1351 est,
1735 1282 1786 1341 si
1804 1283 1934 1341 reli·

284 1370 450 1443 gioso
480 1371 752 1443 episcopo
782 1371 882 1443 qui
913 1373 1184 1444 cognovit
1220 1388 1287 1427 ex
1314 1371 1681 1444 delegatione
1702 1373 1934 1430 creden·

284 1458 451 1527 dum,
474 1459 525 1516 si
544 1459 798 1532 denique
816 1460 1074 1532 spatium
1096 1462 1284 1533 majus
1306 1461 1719 1534 indulgendum
1738 1467 1844 1530 est,
1869 1468 1935 1519 ut

283 1548 606 1621 perspectis
635 1549 811 1606 etiam
844 1549 1120 1607 omnibus
1161 1550 1279 1606 filio
1322 1556 1521 1608 nostro
1552 1552 1611 1608 in
1648 1551 1779 1622 jure
1823 1568 1931 1609 suo

288 1641 491 1696 nostra
518 1637 779 1696 videatur
806 1639 1142 1697 intercessio
1173 1639 1491 1712 profuisse.

978 1763 1239 1821 LXXXV.

429 1887 504 1928 an
540 1888 852 1932 anaxarus«
889 1889 957 1931 irr
991 1888 1391 1931 raxonwmuu
1427 1890 1791 1933 mantuanus.

357 1994 467 2050 Pro
497 1993 621 2049 viro
648 1993 965 2051 venerabili
998 1993 1318 2067 Reginaido
1348 1994 1726 2054 Bathoniensi
1757 1996 1941 2056 electo

287 2081 642 2141 excelientia
652 2087 857 2141 vestrm
872 2099 973 2140 nos
986 2083 1352 2156 supplicasse
1364 2085 1668 2141 meminim
1678 2100 1766 2157 us,
1784 2087 1940 2158 quod

290 2170 516 2229 scilieet
541 2171 616 2228 ab
645 2170 890 2229 ecclesia
932 2171 1032 2228 ilia
1058 2174 1425 2229 concorditer
1468 2173 1690 2231 electus
1738 2175 1834 2247 sit,
1883 2178 1944 2233 et

292 2260 559 2318 unanimi
578 2261 841 2317 omnium
864 2262 1160 2319 voluntate
1180 2267 1507 2334 susceptus,
1529 2265 1686 2335 quod
1702 2266 1939 2337 quidem

291 2348 437 2405 adeo
465 2352 689 2405 certum
724 2351 833 2416 est,
887 2354 950 2405 ut
981 2349 1125 2405 nihil
1156 2350 1217 2405 in
1247 2354 1368 2407 toto
1398 2367 1574 2424 regno
1605 2351 1678 2408 sit
1709 2354 1937 2423 notius;

291 2451 400 2495 nee
428 2438 645 2511 aliquis
675 2444 765 2496 est
795 2438 895 2512 qui
915 2438 1001 2496 vei
1035 2454 1297 2512 personae
1328 2441 1604 2514 disponat
1629 2442 1938 2515 obsistere,

291 2525 382 2582 vel
411 2525 562 2583 facto
589 2526 890 2584 electionis
927 2528 1065 2585 velit
1094 2529 1154 2584 in
1196 2529 1394 2600 aliquo
1440 2531 1736 2603 derogare.
1788 2532 1941 2591 Sane

290 2615 523 2688 negotia
547 2621 602 2674 et
632 2616 782 2673 bona
812 2615 1079 2673 Ecclesiae
1100 2618 1291 2690 quiete
1309 2635 1443 2676 cum
1474 2619 1633 2677 omni
1656 2625 1942 2693 potestate

293 2704 573 2777 disponit,
640 2709 698 2762 et
743 2705 1032 2779 quidquid
1086 2707 1158 2763 ab
1215 2707 1402 2765 electo
1458 2710 1730 2782 episcopo
1793 2712 1942 2769 citra

296 2793 546 2866 gratiam
578 2795 1038 2854 consecrationis
1079 2796 1336 2870 expediri
1368 2802 1576 2871 potest,
1621 2800 1851 2857 ordinat
1885 2803 1947 2858 et

287 2882 612 2955 dispensat.
678 2884 827 2950 Quia
873 2901 1005 2942 vero
1053 2886 1179 2942 sine
1235 2901 1522 2944 consensu
1573 2890 1941 2948 auctoritatis

286 2975 490 3030 vestra
518 2973 589 3030 ad
622 2972 1035 3046 perfectionem
1059 2975 1255 3048 gratiae
1288 2974 1450 3034 iliius
1482 2977 1778 3050 pervenire
1819 2995 1936 3038 non

285 3061 499 3129 potest,
544 3059 705 3116 misit
753 3061 824 3116 ad
873 3076 974 3117 vos
1022 3060 1270 3119 ecelesia
1308 3060 1412 3119 iiia
1471 3063 1828 3122 venerabiles
1882 3068 1941 3122 et

1330 308 1340 316 .
1389 254 1737 316 ARNULrt
1787 239 2293 315 Lexovisnffls
2336 246 2684 310 episcopt

293 393 401 453 ciae
429 396 668 460 nostrae,
698 394 761 451 in
787 409 901 467 qua
930 392 1187 466 quotidie
1220 395 1337 448 tam
1363 391 1733 464 impudenter
1757 392 1947 464 impu·
1976 392 2032 458 Α

3598 247 3717 310 112

2743 382 3030 441 LXXXVI.

2333 492 2407 533 An
2446 490 2724 531 nominum
2764 490 2957 531 aaran
2993 490 3424 533 aasumensi«.

2112 567 2211 623 Est
2241 565 2521 638 quiddam
2553 564 2708 636 quod
2739 568 2861 621 tam
2905 579 3095 621 meam
3127 580 3303 635 quam
3336 563 3485 622 alias
3519 564 3703 623 vehe-

2043 659 2268 713 menter
2299 654 2458 727 angit
2486 653 2783 722 ecclesias,
2819 652 3208 725 quorumdam
3256 653 3483 712 scilicet
3513 669 3697 727 rapax

2042 750 2099 802 et
2128 745 2528 816 intemperans
2547 742 2795 800 audacia
2812 743 3235 800 monachorum
3248 783 3264 810 ,
3286 742 3384 815 qni
3403 759 3523 816 quo
3545 742 3693 801 iibe-

2043 835 2166 892 rius
2197 831 2462 902 effluant,
2496 832 2796 889 saecularis
2816 832 3083 904 potentin
3102 830 3378 905 presidia
3405 830 3703 889 redimcn-
3746 899 3753 906 ,

2040 922 2344 996 tes,primo
2354 921 2640 995 episcopis
2653 937 2886 979 omnem
2905 921 3294 979 obedientiam
3316 921 3697 992 subtrahunt,

2041 1015 2101 1068 et
2130 1009 2490 1084 parochiales
2526 1011 2803 1068 ecclesias
2833 1027 2970 1067 cum
3001 1009 3227 1067 altariis
3259 1013 3318 1067 et
3344 1010 3697 1068 decimatio-

2041 1100 2237 1166 nibus,
2269 1098 2609 1172 caeterisque
2639 1099 2939 1158 beneficiis
2962 1100 3034 1157 de
3057 1115 3239 1156 manu
3259 1098 3414 1157 laica
3433 1102 3693 1172 recipere

2044 1189 2227 1261 pactis
2257 1186 2618 1260 quibuslibet
2638 1187 2921 1261 sacrilega
2944 1188 3273 1245 temeritate
3304 1191 3692 1260 praesumunt.

2042 1277 2104 1333 In
2140 1277 2229 1334 his
2258 1293 2395 1349 ergo
2427 1276 2499 1333 ab
2531 1276 2612 1334 eis
2645 1294 2748 1334 nec
2778 1278 3096 1335 canonicus
3127 1278 3293 1347 ordo,
3341 1293 3446 1334 nec
3480 1278 3710 1351 episco-

2040 1366 2188 1438 palis
2220 1382 2499 1423 assensus
2529 1366 2818 1439 exigitur3
2851 1367 2950 1423 sed
2981 1367 3273 1423 devocatis
3313 1367 3384 1424 ad
3420 1366 3693 1441 proprie-

2040 1459 2219 1512 tatem
2253 1456 2550 1525 omnibus,
2600 1455 2984 1513 mercenarios
3034 1455 3096 1511 in
3142 1458 3305 1512 tanta
3354 1459 3700 1527 paupertate

2040 1545 2119 1603 ibi
2141 1546 2508 1602 constituunt
2530 1545 2882 1609 sacerdotes,
2903 1549 2968 1600 ut
2994 1545 3068 1601 ad
3088 1543 3508 1601 exhibitionem
3532 1561 3703 1603 snam

2041 1634 2206 1692 etad
2235 1650 2411 1691 onera
2454 1634 2722 1691 Ecclesia
2770 1636 3054 1707 portanda
3098 1650 3214 1691 non
3255 1633 3513 1691 habeant
3540 1633 3701 1705 quod

1973 1763 2018 1829 B
2048 1723 2287 1795 opilioni
2335 1722 2632 1780 sufficeret
2672 1726 2775 1780 aut
2813 1723 3057 1779 cursori.
3110 1721 3390 1779 Generale
3435 1726 3524 1779 est
3571 1721 3707 1792 hoc,

2049 1814 2233 1871 sedin
2254 1811 2597 1886 episcopatu
2634 1828 2765 1869 meo
2796 1811 3201 1869 vehementius
3236 1811 3359 1868 haec
3403 1815 3495 1868 est
3531 1826 3707 1884 gras-

2049 1909 2178 1963 sata
2208 1903 2565 1978 malignitas,
2607 1920 2714 1962 nec
2736 1904 2858 1977 jam
2904 1903 3072 1962 nobis
3106 1901 3424 1975 cujuslibet
3461 1902 3709 1961 rationis

2048 1994 2314 2061 obtentu,
2344 1994 2445 2052 sed
2494 1992 2734 2051 fallaciis
2773 2009 2840 2050 ac
2879 1992 3226 2051 muneribus
3277 1991 3448 2049 nobis
3500 1991 3709 2065 praesi-

2050 2083 2264 2158 dioque
2327 2083 2615 2141 violentias
2672 2083 2967 2140 saecuiaris
3022 2081 3338 2139 obsistunt.
3409 2080 3497 2138 Ad
3545 2079 3703 2154 quod

2049 2172 2372 2230 secundum
2396 2174 2661 2230 ordinem
2677 2172 3059 2229 institutionis
3080 2170 3489 2229 ecclesiastica!
3511 2170 3702 2229 refor-

2051 2261 2355 2339 mandum,
2385 2278 2519 2319 cum
2551 2278 2654 2334 ego
2685 2263 2961 2319 adversus
2991 2260 3264 2318 abbatem
3294 2261 3610 2332 quemdam
3640 2259 3705 2318 et

2050 2351 2368 2409 monachos
2400 2350 2735 2408 monasterii
2767 2351 3073 2422 cuiusdam
3106 2350 3165 2405 in
3196 2351 3535 2424 episcopatu
3569 2365 3706 2406 nos-

2050 2445 2165 2509 tro,
2213 2440 2437 2497 scilicet
2482 2440 2676 2497 Sancti
2726 2437 2964 2507 Ebruifi,
3012 2457 3045 2496 a
3093 2438 3458 2496 sublimitate
3507 2442 3703 2495 vestra

2052 2531 2294 2603 primos,
2327 2530 2618 2586 secundos
2643 2537 2696 2585 et
2724 2529 2929 2586 tertios
2954 2528 3184 2601 judices
3234 2528 3698 2599 impetraverim,

2050 2619 2260 2676 abbate
2290 2635 2525 2690 semper
2569 2616 2764 2675 multis
2799 2616 3027 2675 artibus
3057 2617 3399 2686 obsistente,
3431 2615 3579 2674 nibil
3611 2619 3703 2674 est

2051 2707 2243 2765 adhuc
2271 2708 2499 2766 effectui
2533 2707 2951 2779 mancipatum,
2982 2722 3116 2764 cum
3147 2706 3480 2764 sacerdotes
3507 2703 3699 2762 nostri

2049 2798 2108 2855 in
2132 2799 2495 2857 exsecutione
2516 2814 2701 2856 causae
2719 2799 2871 2870 apud
2883 2797 3116 2869 jndices
3137 2796 3472 2868 assignatos
3490 2794 3695 2853 multis

2050 2888 2334 2944 attenuati
2366 2886 2718 2959 sumptibus,
2762 2885 2965 2941 multis
2994 2883 3290 2942 laboribus
3317 2883 3435 2940 sint
3474 2881 3691 2942 affecti.

2049 2976 2345 3035 Habemus
2380 2981 2574 3034 autem
2606 2980 2664 3034 et
2694 2974 2841 3033 alias
2869 2991 3075 3032 causas
3105 2974 3381 3031 adversus
3417 2974 3693 3031 eumdem

2050 3067 2315 3125 abbatem
2347 3067 2418 3124 de
2450 3066 2756 3139 multiplici
2796 3070 2855 3122 et
2892 3064 3221 3122 contumaci
3273 3062 3694 3133 inobedientia,

285 3143 504 3203 electas
557 3148 632 3203 de
689 3151 808 3204 tota
856 3149 1236 3206 universitate
1287 3166 1582 3223 personas,
1640 3169 1768 3225 quae
1812 3153 1938 3211 vice
1966 3143 2011 3208 C
2050 3172 2184 3213 cum
2225 3161 2421 3213 tamen
2463 3157 2532 3213 ad
2581 3155 2968 3212 exhibendam
3001 3153 3170 3210 nobis
3200 3152 3593 3211 obedientiam
3636 3158 3701 3211 et

282 3235 547 3292 omnium
579 3252 612 3291 a
643 3235 903 3293 bonitate
948 3242 1141 3294 vestra
1180 3239 1674 3312 complementum
1708 3258 1939 3313 promo·
2043 3244 2429 3300 reverentiam
2465 3242 2698 3301 vinculo
2751 3243 2960 3314 jurata!
3001 3240 3378 3312 professionis
3426 3249 3691 3299 teneatur

283 3321 464 3380 tionis
491 3324 617 3393 ejus
648 3325 1020 3398 pronioribus
1049 3329 1199 3383 votis
1230 3329 1607 3401 exquirerent
1630 3337 1686 3386 et
1707 3331 1936 3389 obnixis
2044 3331 2342 3390 astrictus.
2375 3331 2453 3388 De
2485 3330 2596 3388 alio
2628 3346 2862 3403 quoque
2892 3330 3169 3402 perjurio,
3202 3331 3354 3401 quod
3388 3333 3517 3402 post
3546 3347 3691 3403 pro-

281 3411 548 3482 precibus
576 3412 974 3484 implorarent.
1011 3414 1294 3472 Videmus
1327 3432 1448 3485 eos,
1482 3417 1771 3475 'rhomam
1816 3419 1935 3476 sci·
2044 3421 2248 3477 stitum
2283 3420 2662 3494 corporaliter
2696 3420 3097 3491 juramentum
3133 3419 3203 3474 de
3229 3416 3558 3475 exhibenda
3617 3418 3695 3476 ad

278 3497 416 3557 licet
470 3500 949 3560 archidiaconum
1011 3508 1070 3561 et
1123 3507 1190 3560 A.
1252 3508 1606 3564 monachum
1673 3509 1933 3567 ecclesia
2041 3509 2385 3566 mandatum
2444 3519 2713 3567 nostrum
2762 3509 3171 3576 satisfactione,
3222 3522 3416 3564 coram
3481 3504 3688 3564 multis

278 3589 460 3659 iilius,
493 3591 792 3663 (quoniam
823 3594 1071 3652 ecelesia
1097 3594 1200 3651 ilia
1224 3600 1573 3654 conventum
1620 3599 1932 3656 monacho·

277 3692 406 3734 ram
432 3679 604 3736 habet
625 3696 739 3738 non
754 3681 1062 3755 collegium
1083 3684 1482 3759 clericorum,)
1506 3691 1564 3742 et
1586 3687 1926 3757 magistrum

276 3767 608 3836 unulfum,
656 3770 811 3829 viros
852 3770 1139 3831 litteratos
1178 3775 1450 3846 equidem
1484 3779 1541 3831 et
1588 3777 1926 3848 prudentes,

275 3860 336 3913 et
364 3860 696 3930 approbata
725 3877 760 3916 a
790 3861 1056 3931 pluribus
1088 3864 1428 3932 honestatis,
1463 3865 1760 3938 negotium
1811 3868 1924 3924 sci·

275 3944 405 4002 iicet
451 3944 612 4004 istud
660 3964 729 4005 ex
786 3949 1144 4022 delegatione
1196 3953 1463 4009 omnium
1512 3955 1670 4028 omni
1727 3956 1925 4015 studio

271 4039 729 4108 prosequentem
788 4038 893 4095 sed
937 4041 1115 4110 viam,
1165 4057 1283 4113 qua
1342 4044 1413 4099 ad
1472 4058 1575 4100 vos
1623 4046 1924 4114 pervenire

269 4125 514 4195 possint,
568 4125 908 4186 nullatenus
951 4129 1210 4186 invenire
1235 4133 1572 4202 potuerunt.
1605 4133 1925 4190 Laboravi-

272 4227 408 4270 mus
436 4229 568 4270 cum
601 4213 672 4270 iis
699 4220 759 4272 et
789 4215 1048 4289 plerique
1078 4218 1197 4285 aiii,
1233 4235 1339 4276 nec
1370 4220 1486 4276 ulla
1507 4222 1794 4279 securitas
1828 4239 1923 4295 pe-

272 4301 539 4356 netrandi
585 4302 654 4359 ad
710 4320 811 4362 vos
856 4307 1044 4376 potuit
1092 4307 1357 4364 inveniri.
1407 4307 1736 4366 Praesertim
1786 4313 1921 4384 quia

270 4389 500 4462 negotio
528 4389 615 4447 iiii
646 4408 747 4449 rex
770 4394 993 4465 junior,
1021 4395 1122 4467 qui
1155 4395 1213 4453 in
1237 4397 1495 4467 partibus
1529 4398 1645 4455 iliis
1667 4416 1919 4457 commo·

270 4486 447 4540 ratur.
482 4480 697 4536 dic-itur
739 4482 1059 4540 adversari.
1104 4486 1186 4540 Ad
1233 4486 1678 4558 suffragandum
1721 4490 1917 4562 itaque
1950 4512 1996 4579 D

264 4568 413 4624 votis
472 4584 695 4638 eorum,
762 4571 989 4629 litteras
1047 4577 1168 4631 tam
1214 4573 1290 4631 ab
1335 4574 1669 4634 humilitate
1718 4582 1920 4637 nostra

266 4672 443 4728 quam
475 4659 549 4714 ab
581 4657 716 4715 aliis
765 4659 1108 4733 diligentius
1139 4664 1464 4735 impetratis
1507 4668 1781 4726 nuntium
1815 4686 1919 4742 per

264 4761 348 4814 se,
380 4762 558 4819 quem
589 4747 826 4805 habitus
855 4753 1125 4809 arctioris
1173 4752 1476 4825 religionis
1506 4762 1562 4813 et
1603 4763 1915 4830 paupertas

263 4835 645 4894 absconderet
675 4838 744 4894 ad
781 4840 1191 4910 proferendum
1226 4844 1543 4914 negotium,
1584 4846 1722 4919 quia
1747 4847 1916 4906 aliter

264 4920 323 4976 id
361 4921 486 4978 fleri
517 4939 633 4980 non
695 4934 935 4998 poterat,
1005 4930 1482 4989 transmiserunt.
1536 4935 1681 4999 Quia
1729 4937 1914 5008 igitur

262 5014 436 5065 tantm
468 5012 548 5068 rei
580 5014 822 5073 effectus
851 5033 966 5073 non
994 5019 1470 5079 nisiinstantium
1488 5023 1775 5082 bellorum
1802 5026 1911 5082 im-

261 5100 621 5171 portunitate
642 5108 700 5160 et
715 5105 951 5165 casibus
973 5108 1232 5167 fortuitis
1255 5110 1595 5184 impeditus,
1616 5113 1909 5172 sanctitati

260 5192 320 5245 et
346 5187 540 5246 officio
591 5197 779 5250 vestro
829 5195 1126 5253 credimus
1170 5199 1500 5268 convenire,
1533 5206 1591 5258 et
1630 5202 1700 5258 ad
1753 5202 1908 5259 idem

257 5279 433 5336 etiam
454 5279 692 5339 devotas
714 5299 910 5355 preces
929 5285 1204 5342 duximus
1222 5288 1293 5344 ad
1291 5288 1651 5362 jungendas,
1672 5294 1736 5347 ut
1751 5293 1908 5364 quod

260 5367 564 5425 residuum
630 5375 740 5441 est,
800 5372 1091 5445 compleat
1148 5380 1207 5430 et
1252 5377 1595 5448 confirmet3
1645 5395 1719 5436 ne
1772 5385 1907 5437 vota

256 5454 514 5513 ecclesia
540 5458 829 5517 ludificari
882 5463 1261 5535 permittatis,
1294 5470 1352 5522 et
1401 5467 1587 5540 ipsius
1618 5468 1904 5527 utilitates

257 5542 515 5616 amplius
540 5545 834 5618 impediri.

2038 3597 2466 3656 venerabilibus
2543 3599 2805 3671 personis
2875 3597 3183 3655 manifeste
3238 3595 3546 3666 contraxit,
3625 3596 3688 3653 in

2035 3702 2105 3744 eo
2136 3688 2359 3744 scilicet
2408 3688 2563 3761 quod
2594 3693 2728 3760 post
2765 3686 3120 3744 sententiam
3164 3683 3574 3757 suspensionis
3627 3688 3688 3743 et

2037 3775 2453 3846 anathematis,
2487 3793 2589 3851 per
2608 3776 3076 3850 quinquennium
3099 3779 3156 3832 et
3176 3791 3244 3832 eo
3270 3773 3525 3846 amplius
3548 3775 3694 3832 mis·

2035 3881 2135 3922 sas
2172 3870 2226 3922 et
2266 3872 2469 3924 caetera
2499 3867 2875 3939 presumpsit
2912 3866 3110 3922 divina
3137 3864 3331 3921 officia
3369 3863 3686 3933 celebrare,

2034 3957 2218 4012 donec
2247 3957 2478 4029 cognita
2511 3971 2706 4013 coram
2747 3955 2956 4029 legatis
2997 3953 3202 4012 vestris
3231 3951 3467 4010 veritate
3500 3968 3687 4025 quam

2034 4044 2287 4102 dicimus
2312 4045 2382 4101 de
2413 4046 2760 4102 necessitate
2792 4044 2997 4117 magis,
3030 4058 3205 4117 quam
3237 4043 3309 4099 de
3341 4040 3687 4114 poenitentia

2034 4135 2204 4191 nobis
2252 4150 2315 4190 se
2366 4135 2631 4207 praestitit
2676 4133 3120 4201 absolvendum,
3157 4133 3354 4205 jurato
3397 4130 3684 4188 nimirum

2032 4224 2186 4296 quod
2203 4225 2274 4279 ad
2300 4225 2638 4281 mandatum
2663 4227 2926 4280 nostrum
2949 4238 3124 4294 super
3142 4221 3331 4278 tribus
3357 4220 3682 4293 expressim

2031 4316 2215 4368 staret
2244 4314 2603 4382 excessibus,
2634 4317 2694 4370 et
2717 4311 2956 4368 modum
2973 4310 3264 4382 impositae
3284 4309 3394 4366 sibi
3417 4308 3687 4366 satisfac-

2028 4399 2208 4456 tionis
2250 4400 2535 4472 impleret.
2571 4402 2650 4456 De
2680 4399 2982 4471 privilegio
3014 4414 3245 4471 quoque
3291 4414 3326 4455 a
3368 4398 3534 4455 vobis
3580 4409 3685 4469 per

2028 4489 2461 4561 subreptionem
2495 4489 2687 4545 elicito
2728 4490 2884 4544 idern
2915 4487 3099 4544 abbas
3129 4486 3292 4545 vobis
3323 4490 3384 4544 et
3418 4484 3676 4543 ecclesio

2032 4580 2246 4631 nostrae
2311 4581 2542 4631 tenetur
2587 4575 2893 4644 obnoxius,
2952 4591 3128 4647 super
3173 4590 3291 4646 quo
3331 4575 3459 4647 jam
3501 4575 3673 4631 tertio

2025 4663 2220 4737 ipsum
2255 4664 2325 4721 ad
2345 4681 2445 4720 vos
2468 4680 2602 4721 cum
2626 4663 2925 4737 privilegio
2960 4665 3112 4721 mitti
3135 4665 3371 4722 inventa
3392 4663 3675 4720 nimirum

2029 4753 2282 4810 falsitate
2313 4752 2592 4825 jussistis.
2646 4754 2726 4811 De
2755 4770 2949 4812 eremo
2980 4755 3154 4811 etiam
3186 4754 3443 4826 quadam
3477 4769 3605 4825 quoe
3641 4770 3677 4810 a

2026 4844 2195 4900 nobis
2217 4848 2273 4899 et
2289 4844 2593 4901 fundatore
2613 4844 2965 4917 quibusdam
2989 4846 3350 4917 regularibus
3362 4848 3420 4901 et
3439 4842 3644 4915 religio
3658 4871 3675 4884 ·

2022 4933 2107 4990 sis
2166 4933 2436 4990 fratribus
2485 4935 2694 4992 collata
2747 4941 2855 5006 est,
2908 4952 2941 4992 a
2996 4936 3271 5007 prodictu
3343 4933 3556 4989 abbate
3617 4935 3677 4989 et

2023 5023 2323 5079 monachis
2350 5032 2477 5096 post
2496 5024 2942 5098 appellationem
2971 5026 3042 5081 ad
3074 5039 3172 5080 vos
3201 5024 3420 5078 factam
3449 5021 3674 5077 noviter

2020 5116 2320 5184 occupata,
2351 5117 2408 5169 et
2437 5112 2564 5170 aliis
2598 5113 2964 5186 quibusdam,
2997 5128 3124 5183 quae
3166 5108 3503 5165 reverentias
3532 5124 3668 5164 ves·
3772 5174 3779 5185 Ι

2019 5207 2118 5255 trae
2149 5199 2207 5257 in
2240 5202 2398 5258 omni
2431 5203 2670 5259 veritate
2697 5200 2842 5258 tides
2869 5203 2926 5256 et
2953 5198 3233 5255 sedulitas
3265 5195 3457 5254 nuntii
3482 5197 3666 5253 nostri

2020 5289 2256 5362 plenius
2285 5290 2620 5365 explicabit.

2686 5376 2989 5435 Lxxxvu.

2248 5490 2321 5530 At>
2360 5487 2651 5530 ntuatcuu
2688 5485 3040 5528 Batocsustu
3078 5485 3428 5527 Episcopum,

2088 5560 2329 5622 Memini
2376 5578 2469 5622 me
2511 5576 2616 5637 pro
2655 5559 2838 5620 latore
2885 5561 3259 5634 presentium
3291 5559 3433 5619 olim
3460 5562 3663 5617 vestrae
