3784 6000
1472 206 1901 270 EPISTOLAE.

3308 208 3390 270 66

137 335 454 405 tellicitavi,
496 353 603 394 nec
658 354 759 395 ave
802 339 996 396 dicere
1044 341 1121 409 (ΙΙ
1168 343 1330 401 Joan.
1379 345 1461 412 x),
1512 359 1619 401 neo
1647 343 1704 411 Α
1736 341 2015 414 mihiipsi
2046 339 2375 398 contrarius
2398 341 2627 413 positus
2655 341 2796 410 sim,
2819 347 2878 401 et
2908 344 3070 403 velut
3099 347 3161 403 in
3192 352 3391 419 partes

137 439 157 480 ι
179 440 426 496 prorsus
446 425 585 482 dare
603 426 786 483 velint
805 441 1171 500 responsum.
1191 429 1412 488 Recens
1432 435 1628 490 noster

137 513 663 587 episcopus,cujus
686 516 1109 587 promotionem
1138 519 1455 590 plurimum
1481 521 1628 579 mibi

144 605 346 657 turam
378 604 711 674 sperabam,
745 604 818 660 ad
865 607 1114 678 gratiam
1163 611 1253 664 sui
1285 611 1440 681 regis
1471 628 1626 667 nun-

137 709 171 757 t,
207 696 275 747 ut
296 693 494 760 audio,
513 693 695 750 tantis
727 694 950 751 viribus
981 695 1316 768 anhelavit3
1359 700 1489 770 eJus
1524 715 1626 757 nec

139 779 317 837 odico
368 781 777 853 promissionis
838 784 1016 841 fidem
1090 784 1272 842 adhuc
1343 788 1624 859 experior.

137 869 462 943 ‘tetigitur
505 877 569 927 nt
608 871 720 927 soli
768 873 881 930 Deo
929 873 1128 931 omnia
1157 877 1626 942 committamus,

138 960 238 1015 tea
267 959 323 1014 ei
358 976 372 1015 τ
428 982 458 1011 α
492 959 763 1027 Domine,
797 961 869 1018 ad
920 967 978 1019 te
1027 969 1172 1021 sunt
1216 965 1370 1022 oculi
1417 968 1625 1036 nostri,

138 1046 332 1103 miei
368 1047 648 1105 auxilium
678 1050 848 1106 nobis
886 1051 1060 1123 (Psal.
1084 1054 1230 1126 cxx).
1267 1054 1476 1112 Judica
1496 1072 1631 1112 cau·

137 1139 418 1207 souti-am,
447 1138 547 1209 qui
580 1136 740 1195 solus
772 1139 939 1196 Pater
968 1143 1360 1212 orphanorum,
1375 1145 1627 1215 etjudex

137 1239 268 1279 rum
302 1241 390 1289 es,
422 1230 482 1282 et
499 1226 781 1298 judicium
810 1228 952 1284 facis
983 1230 1263 1300 injuriam
1290 1231 1630 1304 patientibus

138 1356 141 1366 .
184 1314 384 1386 cxcv).
422 1336 444 1364 ι
477 1315 598 1388 Ego
653 1316 910 1387 quidem,
944 1318 994 1375 si
1036 1320 1270 1378 domino
1317 1337 1462 1392 men,
1494 1337 1630 1380 cum

138 1402 306 1458 abiis
341 1402 789 1461 incircumcisus
820 1409 879 1461 et
897 1409 1089 1475 corde,
1118 1407 1276 1480 loqui
1311 1410 1634 1481 aud00,per

137 1494 303 1566 tulus
326 1511 564 1552 causam
586 1497 757 1567 agitis
784 1513 883 1555 vos
913 1500 1195 1568 obtestor,
1214 1506 1280 1557 ut
1299 1518 1404 1558 vos
1427 1519 1462 1558 a
1485 1501 1633 1559 solio

182 1583 564 1641 eonscientioe
594 1584 794 1642 nullus
844 1603 1104 1660 unquam
1158 1590 1329 1646 turbo
1367 1590 1629 1661 dejiciat.

137 1673 393 1731 moleste
437 1674 637 1730 feratis
702 1676 856 1747 quod
908 1678 1074 1748 quasi
1137 1678 1399 1751 privatus
1448 1680 1628 1736 vitam

138 1784 166 1832 :,
212 1762 365 1819 olim
420 1763 748 1835 frequentia
812 1765 1091 1824 clientelas
1157 1768 1626 1840 circumseptam.

140 1867 358 1925 unque
389 1853 642 1909 mundus
664 1853 908 1926 irrogat,
941 1857 1068 1926 ipso
1099 1855 1272 1913 altior
1316 1859 1627 1925 sustinete,

137 1941 450 2012 lespicite3
483 1941 543 1997 in
574 1943 850 2001 omnibns
879 1945 1094 2017 gratias
1125 1948 1275 2016 agite
1308 1953 1442 2016 Dea,
1462 1952 1633 2023 cujus

137 2030 387 2087 icor-dia
433 2046 536 2087 vos
573 2033 646 2088 ad
696 2049 952 2104 praesens
980 2052 1013 2090 a
1064 2034 1319 2093 tumultu
1372 2039 1632 2096 saeculari

137 2119 322 2192 gavit,
356 2125 419 2176 ut
466 2120 553 2176 vel
585 2121 877 2178 modicum
924 2127 1157 2195 tempus
1185 2125 1244 2180 in
1277 2127 1636 2199 contempla·-

154 2208 398 2265 dncatis
427 2212 486 2264 et
510 2209 801 2282 quiete,'et
830 2228 964 2268 cum
988 2212 1190 2274 Maria,
1216 2231 1343 2287 quai
1368 2219 1636 2288 optimam

137 2315 196 2355 m
224 2299 423 2370 elegit,
443 2299 518 2356 ad
549 2301 723 2371 pedes
750 2302 880 2372 ejus
908 2303 1100 2359 sedens
1132 2305 1360 2360 verbum
1389 2308 1509 2378 ejus
1538 2322 1636 2364 au-

137 2404 155 2444 ι
207 2389 368 2458 (Luc.
398 2389 480 2457 x).
511 2388 806 2460 supplico,
840 2389 1008 2446 Pater
1052 2395 1107 2447 et
1157 2393 1416 2462 domine,
1451 2400 1519 2451 ut
1563 2396 1635 2452 de

137 2492 169 2532 e
198 2479 425 2544 vestra,
449 2476 575 2532 sine
596 2493 713 2549 qua
733 2477 880 2534 nihil
904 2480 1047 2535 mibi
1063 2481 1393 2550 jncundum
1415 2484 1473 2540 in
1496 2484 1634 2553 vita,

137 2582 158 2622 s
212 2568 374 2622 statu
424 2569 637 2634 vestro,
671 2568 840 2638 cuius
886 2568 1262 2628 incolumitas
1304 2573 1522 2629 sufficit
1565 2574 1637 2630 ad

137 2671 458 2724 n,servum
481 2660 741 2712 vestrum
765 2657 1185 2726 certificetis,et
1204 2666 1410 2718 vestrae
1423 2663 1640 2735 scripto

137 2743 375 2800 itndinis
420 2744 711 2802 consolari
756 2745 1098 2819 dignemini,
1139 2752 1207 2804 ut
1244 2750 1643 2809 consolatione

137 2838 607 2906 rapaupertatem
632 2851 822 2892 meam
847 2837 1129 2894 aestimem
1148 2838 1644 2900 divitias.Cbaris·

138 2948 141 2973 ι
166 2923 347 2981 Pater
374 2929 435 2982 et
462 2925 719 2995 domine,
750 2926 899 2982 bene
923 2927 1124 2984 valete.

668 3015 949 3073 XXXVH.

607 3121 692 3161 An
714 3108 1041 3172 jsumnsu.

137 3194 320 3250 >mino
342 3196 399 3250 et
421 3193 573 3250 Patri
595 3210 700 3251 suo
720 3194 1070 3254 charissimo
1089 3197 1436 3266 ‘remansi
1460 3200 1651 3272 gratia

137 3282 411 3340 tuariensi
435 3282 893 3357 archiepiscopo,
909 3286 1212 3343 Ennomus
1239 3288 1496 3345 fidelium
1521 3291 1650 3360 ejus

137 3372 301 3443 imus,
334 3371 395 3428 in
447 3372 655 3444 spiritu
710 3374 1066 3432 tortitudinis
1115 3376 1366 3434 scientias
1407 3377 1652 3436 consilio

137 3550 284 3606 totio
315 3550 607 3608 laborioso
638 3552 1015 3621 constitutus,
1048 3554 1276 3612 nullum
1309 3555 1505 3628 aptius
1535 3572 1656 3613 cre-

164 3638 307 3694 mihi
336 3640 656 3696 remedium
675 3641 794 3697 fore
816 3658 993 3714 quam
1024 3642 1212 3713 vobis,
1246 3644 1433 3712 Pater,
1456 3644 1657 3717 aliqua

137 3728 392 3800 ptitando
441 3732 715 3800 tanquam
767 3731 1039 3803 praesenti
1087 3730 1266 3804 loqui,
1307 3732 1410 3804 qui
1456 3736 1654 3790 tamen

149 3816 543 3885 meditatione,
560 3818 870 3876 dilectione
884 3819 1162 3889 singulari
1177 3837 1455 3893 praesens,
1470 3824 1654 3879 totum

156 3906 352 3963 cordis
379 3906 760 3979 hospitiolum
795 3909 1002 3966 merito
1043 3909 1406 3967 vindicastis.
1428 3909 1658 3968 Placeat

137 4010 189 4051 ar
224 3995 520 4051 serenitati
550 4001 752 4053 vestras
794 4014 829 4054 a
856 3997 1026 4054 seriis
1066 3998 1138 4054 ad
1177 4002 1406 4055 nostras
1437 4000 1659 4057 naenias

137 4098 320 4140 noram
342 4085 686 4156 converti,et
717 4086 806 4143 his
830 4103 934 4159 pro
965 4103 1058 4143 me
1080 4087 1316 4160 scriptis
1347 4087 1652 4160 paululum

138 4174 292 4245 poris
338 4173 660 4247 indulgere,
694 4176 794 4247 qui
845 4191 950 4247 pro
980 4176 1143 4233 vobis
1183 4177 1496 4234 innumera
1526 4176 1658 4234 aliis

137 4259 261 4318 inda
282 4262 538 4334 (utinam
570 4269 684 4320 tam
729 4265 1040 4321 efficaciter
1071 4282 1247 4337 quam
1281 4264 1588 4337 diligenter
1618 4266 1658 4339 l)

137 4350 349 4421 scripsi.
379 4352 491 4409 Sed
533 4369 636 4409 nec
665 4353 910 4410 aestimet
939 4354 1252 4427 quisquam
1298 4356 1414 4410 haec
1445 4354 1518 4411 de
1547 4370 1658 4410 ou-

1730 431 2138 504 divisus,illud
2159 429 2222 487 in
2254 446 2347 487 me
2376 430 2658 502 sapientis
2695 435 3027 507 exaperiar,
3051 436 3193 508 quia
3222 437 3394 497 nulla

1731 540 1925 596 pugna
1971 521 2201 594 gravior
2249 537 2423 593 quam
2457 520 2558 578 illa
2604 523 2664 578 in
2718 538 2834 595 qua
2875 525 3028 582 idem
3077 527 3181 599 qui
3205 527 3394 587 vincit

1727 613 2002 669 vincitur.
2027 612 2172 667 Hinc
2215 626 2307 666 me
2334 610 2631 682 praeteritae
2671 611 2966 671 felicitatis
3007 617 3127 672 urit
3165 633 3393 675 memo·

1731 701 1837 758 ria.
1869 701 2182 757 Summum
2231 698 2386 755 enim
2439 698 2803 757 infelicitatis
2854 717 3043 773 genus
3077 709 3169 763 est
3208 706 3393 763 fuisse

1732 788 1984 846 felicem.
2003 789 2147 846 Hinc
2167 788 2473 860 praesentis
2494 789 2865 847 adversitatis
2887 807 3003 848 non
3030 799 3145 849 tam
3172 794 3392 867 premit

1732 877 2002 950 augustia
2031 893 2205 950 quam
2238 877 2415 933 rubor
2445 876 2771 945 contundit,
2795 880 2869 936 ob
2892 895 3070 953 quam
3092 886 3151 938 et
3175 883 3380 941 fratres

1735 969 1843 1025 tnei
1867 965 2287 1039 elongaverunt
2307 981 2370 1022 se
2389 983 2422 1021 a
2445 982 2558 1036 me,
2581 971 2640 1022 et
2670 967 2789 1024 noti
2820 969 2956 1036 mei,
2982 970 3154 1042 quasi
3176 971 3381 1041 alieni,

1733 1058 2100 1112 recesserunt
2129 1071 2163 1111 a
2194 1070 2305 1112 me.
2336 1055 2614 1127 Quodque
2634 1056 2870 1127 gravius
2898 1061 3003 1126 est,
3024 1059 3163 1130 facti
3180 1076 3379 1118 sumus

1732 1143 2088 1216 opprobrium
2107 1145 2300 1199 vicinis
2327 1145 2554 1210 nostris,
2572 1143 2979 1214 judicantibus
2999 1147 3072 1203 ad
3108 1147 3349 1205 oculum
3365 1191 3381 1217 ,

1732 1231 2089 1288 subsannatio
2116 1237 2172 1288 et
2202 1231 2390 1288 illusio
2417 1231 2501 1288 his
2529 1233 2629 1304 qui
2659 1235 2726 1289 in
2754 1232 2997 1290 circuitu
3022 1239 3209 1294 nostro
3254 1244 3384 1294 suat

1733 1321 1910 1393 (Psal.
1943 1324 2197 1393 nxxvut).
2228 1320 2478 1377 Noverat
2507 1321 2637 1391 hoc,
2668 1323 2770 1394 qui
2809 1323 2957 1380 dixit
2992 1341 3007 1380 ε

1919 1412 2038 1468 Non
2066 1411 2224 1466 habet
2253 1409 2460 1480 infelix
2484 1420 2781 1483 paupertas
2808 1411 3005 1469 dur-ius
3032 1413 3096 1469 in
3123 1430 3200 1484 se,

1915 1503 2099 1573 Quam
2126 1499 2268 1572 quod
2287 1500 2555 1557 ridiculos
2584 1501 2829 1558 homines
2856 1504 3012 1572 facit.

2453 1590 2503 1662 (J
2513 1606 2707 1661 uvmm,
2738 1594 2850 1650 sat.
2891 1592 2944 1659 3,
2978 1607 3131 1650 vers.
3168 1593 3315 1665 152.)

1661 1713 1709 1779 B
1735 1679 1821 1734 Ad
1845 1679 2329 1749 exaggerandam,
2347 1679 2586 1735 demum
2618 1683 2789 1735 tantae
2817 1680 3181 1738 contusionis
3212 1683 3384 1755 igno-

1744 1766 1991 1823 miniam
2013 1766 2325 1838 opponitur
2353 1781 2556 1824 eorum
2580 1784 2694 1825 non
2716 1768 2901 1825 solum
2923 1769 3269 1844 impunitas,
3290 1786 3388 1828 ve-

1745 1870 1875 1911 rum
1905 1858 1963 1911 et
2008 1854 2213 1927 gloria,
2256 1857 2356 1928 qui
2402 1854 2577 1927 hujus
2626 1857 2978 1916 turbationis
3022 1858 3108 1916 vel
3157 1864 3387 1918 actores

1745 1943 2095 2000 exstiterunt
2141 1943 2226 2000 vel
2278 1944 2608 2002 incentores
2662 1946 3072 2004 insultantium
3105 1949 3297 2017 nobis,
3328 1952 3388 2007 et

1748 2031 1916 2105 quasi
1942 2032 2260 2089 dicentium
2294 2049 2308 2088 ι
2336 2053 2360 2085 ι
2383 2034 2451 2088 Ηί
2477 2040 2626 2098 sunt,
2644 2037 2739 2106 qui
2768 2052 2932 2092 suam
2960 2037 3255 2107 justitiam
3276 2042 3393 2094 sta·

1748 2126 1913 2177 tuere
1939 2121 2197 2190 volentes,
2222 2121 2467 2192 justitias
2500 2123 2645 2192 repis
2666 2123 2978 2194 ‚noluerunt
3006 2140 3121 2182 esse
3140 2125 3392 2196 subJecti

1751 2212 1927 2282 (Rom.
1960 2212 2040 2284 x).
2072 2210 2383 2283 Propterea
2429 2212 2551 2268 dati
2604 2217 2744 2269 sunt
2782 2213 2840 2268 in
2890 2212 3305 2285 captivitatem,
3334 2215 3394 2270 et

1753 2297 2157 2371 possessiones
2202 2315 2403 2355 eorum
2435 2298 2494 2355 in
2547 2317 2756 2357 manus
2800 2300 3043 2359 inimici.
3078 2324 3107 2354 n
3129 2301 3215 2358 Ob
3244 2318 3392 2374 quos

1756 2385 2064 2444 mundanae
2082 2388 2469 2460 protervitatis
2485 2393 2675 2445 motus
2692 2391 2803 2447 sub
2823 2391 3109 2462 aequitatis
3121 2406 3392 2448 normam

1754 2476 2123 2549 redigendos,
2138 2494 2274 2534 cum
2292 2481 2553 2534 veterum
2577 2479 2895 2537 auctoritas
2917 2480 3395 2552 exquisitissimis

1751 2565 2177 2624 assertionibus
2195 2565 2541 2624 multimodo
2553 2567 2747 2625 labore
2763 2569 3400 2638 desudaverit,demen-

1754 2655 1846 2711 tiae
1876 2656 2215 2728 arguendus
2260 2660 2433 2723 esset,
2465 2655 2515 2712 si
2545 2656 2680 2729 quis
2726 2673 2926 2715 eorum
2952 2657 3277 2715 rationibus
3307 2657 3394 2716 vel

1754 2745 1995 2800 auderet
2043 2743 2338 2816 refragari,
2372 2744 2489 2802 imo
2532 2745 2619 2802 vel
2652 2746 2974 2818 approbare
3024 2746 3395 2805 detractaret.

1754 2832 2170 2889 Verumtamen
2203 2848 2336 2889 cum
2375 2834 2447 2889 ad
2481 2834 2674 2904 ipsum
2705 2835 2999 2907 passionis
3030 2836 3286 2893 dolorem
3319 2851 3404 2892 re·

1758 2921 2037 2989 curritur,
2072 2939 2283 2979 sensus
2312 2924 2737 2995 ‚praeponderat
2766 2925 3017 2994 auditui,
3046 2923 3405 2982 sensualitas

1762 3011 2102 3082 praejudicat
2146 3011 2379 3080 rationi,
2421 3019 2475 3068 et
2513 3012 2596 3068 sic
2645 3016 2747 3068 aut
2792 3013 3112 3070 incurritur
3158 3012 3402 3070 tedium

1759 3100 1910 3170 vitae,
1943 3104 2005 3157 ut
2032 3099 2389 3174 signipotens
2426 3099 2524 3157 ille
2556 3102 2968 3174 prophetarum
3002 3101 3251 3159 eximius
3281 3102 3398 3158 cla-

1759 3194 1879 3247 met
1909 3207 1923 3246 :
1955 3190 2205 3260 Obsecro,
2236 3192 2484 3259 Domine,
2518 3192 2646 3248 tolle
2691 3195 2936 3249 animam
2976 3209 3156 3251 meam
3205 3193 3397 3264 (Num.

1758 3283 1860 3351 xi).
1893 3283 2005 3337 Aut
2057 3281 2189 3339 boni
2236 3281 2517 3355 propositi
2564 3282 2655 3338 via
2705 3282 2848 3341 forte
2897 3284 3207 3352 deseritur,
3250 3288 3416 3340 utet

1763 3368 1964 3438 David,
1989 3370 2074 3426 vir
2104 3370 2427 3427 secundum
2450 3388 2547 3428 cor
2570 3370 2825 3439 Domini,
2847 3372 3002 3428 dicat
3033 3389 3048 3430 ι
3087 3375 3200 3430 Mei
3219 3380 3407 3429 autem

1758 3475 1895 3532 pene
1940 3462 2074 3515 moti
2120 3468 2251 3515 sunt
2296 3459 2474 3532 pedes,
2503 3477 2640 3533 pene
2663 3460 2823 3533 effusi
2851 3467 2980 3517 sunt
3024 3477 3247 3535 pressus
3276 3461 3409 3527 mei.

1761 3549 1895 3621 quia
1920 3546 2108 3605 zelavi
2135 3565 2300 3621 super
2336 3551 2575 3622 iniquos.
2608 3565 2797 3622 pacem
2830 3561 3182 3623 peccatorum
3217 3550 3410 3608 videm

1761 3640 1935 3711 (Psal.
1968 3639 2164 3711 nxxn).
2189 3640 2348 3706 Quod
2377 3639 2429 3696 si
2460 3640 2519 3695 in
2543 3638 2634 3696 his
2662 3643 2719 3696 et
2748 3637 2879 3696 aliis
2900 3639 3187 3697 viridibus
3208 3638 3406 3708 lignis,

1766 3732 1960 3800 utpote
1988 3744 2160 3785 secus
2191 3745 2475 3800 aquarum
2506 3729 2815 3786 decursum
2838 3728 3120 3800 plantatis
3139 3726 3318 3798 (Psal.
3342 3725 3413 3797 ι),

1766 3817 2087 3874 abundanti
2113 3815 2375 3873 videlicet
2403 3817 2656 3889 Spiritus
2676 3817 2862 3873 sancti
2885 3816 3075 3888 gratia
3106 3814 3409 3882 debriatis,

1768 3907 1947 3978 hujus
2003 3905 2364 3962 confusionis
2402 3906 2555 3963 vices
2621 3902 2999 3976 aliquantulae
3070 3902 3422 3961 turbationis

1764 4011 2005 4054 causam
2064 3995 2358 4051 cernimus
2387 3993 2699 4063 exstitisse,
2731 3991 2873 4050 Jesu
2927 3993 3079 4050 bone
3108 3992 3121 4049 l
3155 3994 3213 4050 in
3250 3990 3420 4051 nobis

1765 4084 1968 4154 aridis,
1991 4082 2100 4154 vel,
2125 4087 2189 4139 ut
2215 4084 2409 4140 verius
2439 4083 2653 4153 dicam,
2679 4084 2929 4156 putridis
2965 4084 3106 4156 quid
3138 4085 3267 4152 fiet,
3288 4085 3421 4158 qui-

1767 4174 1878 4230 bus
1906 4172 2011 4229 illa
2040 4171 2216 4230 tontis
2247 4174 2445 4229 aeterni
2482 4188 2629 4229 vena
2655 4176 2744 4229 tot
2773 4190 3051 4230 saxorum
3086 4174 3417 4231 obstruitur

1766 4262 2134 4335 oppositione
2163 4265 2305 4334 quot
2334 4266 2705 4333 peccatorum
2740 4263 3100 4334 ponderibus
3131 4279 3416 4335 aggrava-

1771 4350 1943 4408 mur?
1967 4351 2260 4418 Nam,etsi
2285 4366 2554 4423 magnam
2576 4367 2644 4408 ex
2674 4350 2990 4423 Scriptura.
3014 4368 3192 4409 sacrm
3223 4352 3422 4419 lectio-

140 4439 294 4498 itatis
321 4441 619 4514 superfluo
657 4458 803 4499 vane
833 4442 1166 4515 procedere,
1198 4460 1325 4515 quoe
1348 4447 1406 4500 et
1430 4441 1655 4500 sollici·
1690 4433 1735 4498 D
1769 4458 1860 4507 ne,
1913 4441 2075 4497 velut
2122 4440 2301 4497 David
2351 4441 2408 4496 in
2468 4439 2698 4497 cithara
2758 4440 3039 4513 psallens,
3088 4440 3306 4498 Christi
3363 4442 3421 4498 in

137 4544 153 4584 ι
181 4528 378 4587 filialis
412 4530 487 4586 de
516 4534 672 4588 statu
698 4532 884 4588 Patris
915 4535 1125 4604 optans
1149 4531 1357 4589 instrui
1379 4533 1656 4602 dictat‚et

137 4618 255 4675 »ria
284 4620 656 4677 necessitatis
686 4637 857 4677 causa
887 4622 1166 4694 suggerit,
1192 4637 1307 4677 non
1342 4621 1652 4679 minimum

141 4714 394 4782 patrono
435 4709 636 4767 saltem
667 4711 926 4783 exposita
966 4715 1328 4783 reportatura
1358 4710 1652 4768 solatium.

137 4799 420 4869 priosum,
449 4798 713 4872 inquam,
748 4799 892 4855 mihi
932 4806 1017 4855 est
1037 4798 1242 4867 otium,
1267 4800 1424 4871 quod
1450 4808 1508 4856 et
1528 4816 1660 4874 gra·

137 4888 267 4946 ibus
286 4888 553 4946 animum
574 4887 856 4946 molestiis
882 4887 1104 4962 pulsat,
1127 4904 1243 4960 quo
1267 4888 1457 4945 minor
1476 4891 1654 4947 rebus

142 4978 288 5037 ndis
338 4978 582 5036 materia
619 4978 844 5048 subest,
870 4983 927 5034 et
958 4978 1142 5034 rarior
1201 4978 1532 5049 negotiandi
1567 4994 1656 5037 me

137 5072 212 5124 tat
259 5067 515 5139 occasio,
547 5075 609 5125 ut
657 5082 793 5123 cum
843 5067 1127 5139 propbeta
1178 5067 1380 5123 merito
1415 5068 1654 5125 dicam:

138 5160 231 5214 in
281 5172 420 5230 pace
463 5160 571 5214 ista
600 5156 915 5214 amaritudo
963 5172 1084 5212 mea
1135 5157 1491 5212 amarissima
1529 5157 1655 5227 (Isa.

137 5246 264 5321 uu).
303 5246 364 5302 ln
415 5246 538 5318 ipso
585 5245 829 5316 etenim,
859 5250 926 5301 ut
975 5244 1060 5301 ita
1106 5244 1319 5312 dicam,
1370 5244 1659 5303 actionum

137 5336 239 5395 itio
292 5334 565 5392 familiari
618 5335 871 5407 quadam
918 5332 1324 5406 inquietudine
1372 5332 1661 5390 tumultus

137 5421 1660 5498 tritnrcogitationum‚longemultipliciusoccupans,

1766 4531 1935 4589 nobis
1953 4531 2413 4589 consolationem
2435 4534 2731 4603 operetur,
2759 4547 2897 4588 cum
2921 4536 3113 4588 tamen
3151 4532 3224 4587 ab
3246 4547 3315 4588 ea
3334 4530 3424 4587 vel

1763 4636 1971 4677 vacare
1993 4618 2321 4677 necessario
2343 4619 2624 4690 cogimur,
2653 4618 2740 4675 vel
2779 4625 3009 4691 torpere
3038 4619 3420 4692 negligenter,

1764 4708 1936 4783 quasi
1984 4708 2205 4766 cithara
2252 4706 2468 4776 reticet,
2510 4714 2565 4763 et
2613 4707 2861 4779 spiritus
2917 4723 3193 4779 nequam,
3242 4722 3419 4779 quem

1763 4797 2059 4856 carnalem
2104 4812 2344 4854 sensum
2399 4812 2514 4852 non
2562 4796 2888 4867 incongrue
2939 4794 3208 4864 dicimus,
3240 4811 3418 4852 suum

1763 4887 1925 4955 Saul,
1974 4887 2033 4942 id
2082 4891 2171 4943 est
2217 4884 2753 4958 concupiscentiam
2809 4888 3095 4951 nostram,
3132 4884 3423 4957 superbio

1765 4976 2110 5047 caeterisque
2178 4975 2336 5031 vitiis
2404 4974 2668 5030 deditum
2736 4989 2937 5030 rursus
2985 4974 3259 5047 exagitat,
3319 4990 3424 5031 nec

1766 5063 2075 5137 exstirpari
2124 5063 2287 5119 facile
2318 5066 2410 5119 est
2455 5063 2528 5119 ad
2566 5061 2833 5136 plenum,
2865 5063 3025 5136 quod
3077 5069 3199 5121 tam
3228 5064 3420 5122 crebis

1765 5153 2088 5213 assultibus
2118 5149 2429 5224 repullulat
2460 5151 2798 5209 redivivum.
2826 5156 2889 5209 In
2916 5153 3023 5210 hac
3044 5168 3188 5211 sane
3207 5152 3418 5225 justis-

1767 5243 1906 5301 simi
1934 5240 2221 5301 Creatoris
2266 5254 2422 5311 area,
2462 5240 2650 5298 multa
2677 5242 2917 5299 confuse
2951 5242 3157 5313 miror,
3187 5246 3248 5299 et
3267 5256 3422 5299 oon-

1770 5348 1984 5407 queror
2025 5329 2301 5397 accidere,
2352 5328 2411 5385 in
2464 5346 2581 5403 qua
2616 5328 2857 5389 libertas
2899 5331 3117 5389 servire
3166 5330 3416 5399 videtur,

1773 5421 2048 5479 tortitudo
2061 5417 2723 5485 succumbere,servitus
2736 5418 3110 5491 dominari,et
3124 5424 3424 5494 postremo

137 5516 288 5575 stin·
308 5513 665 5586 distrahens,
688 5512 864 5571 altius
884 5510 1508 5585 evertens,praesertim
1527 5526 1662 5574 cum
1771 5510 2066 5570 vilissima
2110 5506 2617 5584 pedissequarum,
2669 5525 2776 5569 nec
2825 5509 3087 5570 minimo
3135 5510 3424 5573 virtutum
