3784 6000
185 249 326 310 1087

1605 250 1798 310 LUCII
1831 250 1910 309 m
1940 252 2150 311 PAPAE

173 377 356 434 naldo
383 378 564 436 milite
592 379 667 436 de
706 378 881 446 Guni,
913 379 988 437 de
1026 378 1199 453 cnjus
1226 377 1404 436 feodo
1430 381 1572 443 erat,
1602 392 1823 435 conce·
1859 380 1906 436 Α
1935 379 2221 438 violentia
2243 383 2655 453 praeponatur,
2689 379 2804 436 nisi
2830 396 3014 454 quem
3045 379 3256 438 fratres
3288 395 3439 437 comi

171 466 473 534 dentibus,
520 474 639 525 tam
672 471 733 525 in
791 469 1046 542 terragio
1074 485 1259 542 quam
1302 469 1361 524 in
1391 467 1653 545 vinagio,
1685 467 1825 524 etin

171 572 355 617 censu
377 562 433 612 et
459 557 516 612 in
540 556 670 613 aliis
689 577 701 625 ;
719 558 954 614 vineam
978 566 1238 615 vestram
1271 574 1407 632 quae
1430 557 1826 629 adJacetprae·

171 645 332 702 dicto
361 645 493 702 loco
516 646 839 719 ;quidqui‹l
863 647 989 704 Odo
1003 649 1169 704 miles
1191 648 1265 703 de
1286 647 1534 704 chrosni
1558 646 1826 718 posside-

173 733 277 789 bat
303 735 465 804 apud
480 736 1097 809 Mont-Nantoil,quod
1111 736 1272 792 dedit
1306 734 1479 791 vohis
1500 733 1827 790 ineleemo-

173 839 388 894 synam
421 840 530 893 pro
560 824 736 882 Maria
787 824 911 881 filia
939 841 1049 881 sua
1079 826 1350 896 ejusdem
1392 824 1655 880 ecclesias
1681 838 1824 879 con-

173 927 365 977 versa,
381 911 513 968 filiis
527 914 650 968 suis
673 914 1162 979 concedentih11S‚
1180 913 1376 970 tamin
1389 913 1630 986 vinagio
1642 928 1823 984 quam

171 999 234 1055 in
262 1015 466 1070 censu,
489 1006 540 1056 et
569 1018 754 1058 unum
789 1003 1062 1059 modium
1093 1003 1217 1059 vini
1250 1018 1433 1075 quem
1453 1002 1635 1057 Tesso
1664 1000 1828 1058 dedit

174 1089 470 1161 praedictae
486 1089 745 1148 ecclesias
768 1092 826 1147 in
854 1092 1304 1163 eleemosynam
1335 1093 1396 1147 in
1418 1092 1631 1148 eadem
1651 1089 1824 1157 villa3

173 1177 471 1235 culturam
503 1179 579 1235 de
610 1180 818 1238 Sancei
852 1182 909 1236 in
945 1181 1085 1237 villa
1112 1181 1299 1237 sancti
1340 1180 1609 1236 Audoeni
1658 1179 1826 1235 salvo

173 1268 428 1338 terragio
442 1273 500 1324 et
518 1268 753 1326 decima
766 1271 1036 1340 ejusdem
1048 1271 1329 1333 ecclesiae,
1343 1269 1641 1343 quidquid
1663 1268 1828 1324 Dudo

173 1356 552 1413 Lombardus
579 1358 1004 1430 possidebatin
1028 1362 1187 1416 Nova
1207 1359 1364 1425 villa,
1383 1358 1544 1432 quod
1566 1357 1830 1414 deditec-

171 1445 362 1502 clesiae
390 1452 599 1502 vestrm
628 1449 687 1503 in
714 1448 1164 1521 eleemosynam
1186 1464 1295 1520 pro
1324 1454 1584 1520 quatuor
1608 1446 1826 1503 modiis

173 1550 432 1591 annonae
462 1537 775 1594 annuatim
803 1538 1119 1602 solvendis,
1152 1538 1354 1594 tamin
1382 1537 1612 1607 iustitia
1641 1551 1828 1608 quam

174 1622 232 1679 in
265 1626 617 1695 terragio,et
637 1625 697 1682 in
726 1627 858 1682 aliis
884 1645 898 1693 ;
924 1633 1142 1683 terram
1171 1643 1357 1699 quam
1387 1625 1551 1682 dedit
1578 1624 1749 1681 vobis
1768 1625 1828 1681 in

1936 483 2232 525 consensu
2265 468 2355 525 vel
2385 468 2634 525 fratrum
2668 485 2807 541 pars
2835 468 3066 526 consilii
3096 469 3354 526 sanioris
3379 485 3439 525 se

1935 558 2083 613 dum
2107 557 2205 615 Dei
2237 558 2511 614 timorem
2536 564 2595 614 et
2620 559 2775 616 beati
2800 558 3116 629 Augustini
3140 558 3431 629 Regulam

1935 647 2190 704 viderint
2215 647 2582 718 eligendum.

2006 736 2390 792 Decernimus
2418 751 2562 805 ergo
2593 738 2656 792 ut
2685 734 2829 791 nulli
2870 734 3121 791 omnino
3150 734 3439 791 hominu:

1937 825 2013 880 sit
2038 825 2348 896 praefatam
2373 825 2682 881 ecclesiam
2708 827 2928 880 temere
2959 823 3311 895 perturbare
3333 828 3438 879 aut

1936 913 2347 987 possessiones
2377 912 2629 980 auferre,
2647 912 2738 968 vel
2755 911 2989 969 ablatas
3004 913 3274 978 retinere,
3306 911 3432 967 min

1938 1018 2043 1057 seu
2066 1001 2435 1074 quibuslibet
2476 1001 2892 1057 vexationibus
2929 1001 3196 1073 fatigare,
3231 999 3341 1057 sed
3393 1016 3438 1056 o·

1939 1091 2169 1159 integra
2194 1096 2627 1147 conserventur
2655 1105 2886 1156 eornm,
2934 1106 3044 1162 pro
3073 1105 3341 1163 quorum
3381 1103 3439 1159 gu

1937 1181 2181 1236 natione
2232 1195 2302 1236 ac
2354 1178 2787 1236 sustentatione
2839 1193 3130 1235 concessa
3188 1183 3356 1242 sunt,
3390 1193 3439 1233 us

1937 1270 2303 1327 omnimodis
2334 1270 2663 1340 profutura,
2699 1268 2863 1325 salva
2889 1269 3046 1323 sedis
3086 1268 3438 1339 apostolicas

1940 1359 2168 1416 toritate
2196 1364 2252 1414 et
2283 1358 2610 1416 dioecesani
2638 1357 2904 1428 episcopi
2931 1357 3226 1413 canonica
3247 1356 3439 1427 justiti

1938 1449 2247 1504 Arroensis
2276 1447 2539 1504 ecclesiae
2564 1447 2767 1503 debita
2805 1447 3154 1502 reverentia.
3179 1445 3240 1501 Si
3271 1460 3401 1517 qua
3427 1443 3439 1501 i

1938 1538 1998 1594 in
2026 1538 2289 1592 futurum
2315 1536 2719 1592 ecclesiastica
2747 1534 3124 1591 saecularisve
3161 1549 3439 1607 persona,

2009 1625 2442 1682 Incarnationis
2474 1623 2797 1681 Dominicae
2827 1639 2989 1679 auno
3031 1624 3191 1690 1¹8¹,
3218 1621 3436 1695 pontifi

176 1711 624 1786 eleemosynam
648 1715 1083 1779 Fredessendis,
1114 1715 1233 1771 iilia
1249 1713 1732 1772 Oddonismilitis
1753 1714 1830 1770 de
1861 1734 1904 1790 Β
1941 1731 2077 1771 vero
2108 1715 2335 1771 domini
2363 1714 2523 1771 Lucii
2568 1729 2742 1786 papae
2784 1714 2851 1768 ΙΙΙ
2884 1727 3045 1769 anno
3094 1712 3315 1785 primo.

176 1803 355 1858 Ponte
387 1804 590 1859 Sancti
618 1804 876 1861 medardi
904 1805 965 1860 in
995 1804 1258 1871 valrain,
1289 1806 1584 1860 Warnero
1615 1804 1827 1860 marito

175 1906 286 1947 suo
307 1895 364 1947 et
394 1890 527 1948 filiis
555 1893 685 1962 ejus
715 1893 1185 1951 concedentibus
1205 1910 1220 1959 ;
1244 1893 1544 1951 decimam
1584 1892 1827 1949 culturae

174 1979 423 2036 Lisiardi
454 1981 661 2038 militis
715 1982 790 2038 de
817 1982 986 2049 virzi,
1018 1998 1155 2055 quae
1185 1988 1273 2039 est
1303 1983 1468 2054 apud
1513 1982 1829 2055 antiquam

177 2067 413 2136 villam;
444 2069 744 2127 decimam
778 2075 943 2128 terrae
971 2076 1182 2127 vestrae
1213 2072 1373 2143 apud
1401 2070 1633 2136 Lorval,
1656 2086 1830 2144 paro·

176 2156 374 2215 chiam
392 2159 466 2215 de
492 2160 730 2226 Nancel,
764 2177 902 2217 cum
928 2161 1167 2218 decima
1181 2160 1474 2228 ecclesiae;
1495 2161 1731 2217 vineam
1757 2160 1830 2215 de

178 2248 430 2304 Bordain
458 2264 643 2320 quam
670 2248 836 2306 dedit
864 2250 1035 2307 vobis
1065 2252 1432 2317 Berengerus
1459 2249 1746 2307 l’incerna
1774 2252 1831 2306 et

177 2351 351 2391 soror
377 2337 508 2408 eius
562 2339 881 2404 Ascelina3
927 2346 1145 2396 terram
1171 2339 1247 2395 de
1290 2338 1596 2395 Beneroles
1641 2353 1829 2413 quam

175 2423 339 2480 dedit
366 2426 535 2482 vobis
555 2427 844 2485 Radulfus
864 2427 1022 2485 filius
1054 2428 1384 2498 Engelberti
1419 2427 1749 2485 Faucillons
1775 2431 1832 2483 et

179 2528 352 2569 soror
380 2515 510 2584 ejus
541 2516 601 2571 in
627 2516 1077 2589 eleemosynam
1103 2518 1229 2572 sine
1253 2516 1369 2573 ulla
1396 2515 1828 2585 redemptione,

179 2602 541 2659 concedente
572 2604 833 2661 Gerardo
858 2606 933 2660 de
946 2603 1168 2661 Cherisi
1198 2604 1273 2660 de
1295 2605 1464 2675 cujus
1481 2604 1659 2673 feodo
1682 2609 1828 2671 erat,

178 2690 477 2747 decimam
504 2692 579 2748 de
605 2693 800 2764 Loiri;
852 2698 970 2749 tres
1003 2692 1229 2750 solidos
1259 2708 1477 2749 census
1527 2697 1583 2748 et
1614 2708 1831 2749 novem

179 2795 484 2847 nummos,
518 2787 574 2838 et
607 2798 793 2838 unum
820 2782 1089 2850 obolum,
1118 2786 1177 2838 et
1202 2787 1420 2838 terram
1451 2797 1636 2855 quam
1669 2781 1832 2838 dedit

180 2869 650 2927 Bartholomaeus
673 2870 842 2927 miles
868 2872 943 2928 de
964 2875 1251 2929 Fessoma
1274 2869 1440 2942 apud
1461 2870 1720 2927 Valresis
1741 2887 1832 2927 ec·

177 2959 370 3017 clesiae
400 2966 613 3018 vestrae
643 2961 701 3018 in
732 2960 1528 3034 eleemosynam;quidquid
1553 2959 1704 3031 J’uris
1728 2960 1832 3017 ha-

177 3050 330 3105 betis
358 3050 417 3105 in
445 3050 631 3106 altare
661 3051 735 3107 de
752 3050 1101 3120 Chaveigni,
1128 3066 1311 3106 unum
1337 3048 1607 3105 modium
1630 3050 1752 3106 vini
1774 3054 1830 3106 et

175 3137 512 3204 dimidium,
542 3154 724 3211 quem
746 3139 913 3196 dedit
940 3138 1112 3196 vobis
1137 3137 1428 3195 Raduli'us
1450 3138 1627 3195 Renel
1654 3138 1716 3194 in
1749 3138 1831 3193 vi-

178 3227 372 3295 nagiis
402 3227 526 3283 suis
556 3229 718 3299 apud
751 3230 892 3294 uiui,
928 3229 984 3286 in
1014 3229 1464 3301 eleemosynam
1510 3245 1524 3295 ;
1558 3234 1615 3284 et
1638 3243 1829 3284 unum

180 3314 452 3372 modium
476 3315 592 3372 vini
609 3333 789 3389 quem
803 3318 967 3374 dedit
992 3317 1256 3374 ecclesiae
1282 3321 1491 3373 vestrae
1507 3316 1565 3372 in
1582 3315 1831 3372 eleemo-

177 3419 390 3476 synam
419 3404 571 3460 fllius
622 3406 864 3462 Renaldi
911 3407 988 3462 de
1039 3408 1266 3463 Vassen
1303 3406 1378 3462 de
1410 3404 1662 3475 vinagiis
1705 3406 1830 3460 suis

176 3493 341 3564 apud
372 3493 591 3550 Chuisi.
627 3497 778 3553 Sane
820 3496 1143 3553 novalium
1160 3498 1488 3550 vestrorum
1532 3509 1668 3567 quoe
1696 3508 1832 3566 pro-

175 3580 316 3655 priis
349 3582 634 3641 manibus
663 3588 764 3640 aut
786 3584 1128 3657 sumptibus
1152 3583 1369 3652 colitis,
1394 3582 1513 3638 sive
1545 3582 1620 3639 de
1643 3583 1832 3638 nutri-

176 3670 390 3727 mentis
420 3671 776 3729 animalium
805 3678 1137 3729 vestrorum
1171 3672 1373 3728 nullus
1403 3687 1437 3727 a
1478 3670 1650 3728 vobis
1676 3670 1831 3728 deci-

175 3774 310 3815 mas
322 3758 558 3829 exigere
581 3766 904 3831 praesumat
926 3760 1131 3828 ;liceat
1147 3775 1390 3833 quoque
1413 3758 1574 3815 vobis
1587 3758 1831 3816 clericos

175 3845 269 3903 vel
296 3846 484 3905 laicos
514 3864 550 3905 a
576 3850 797 3907 saeculo
825 3850 1142 3918 fugientes,
1172 3847 1396 3905 liberos
1425 3852 1483 3904 et
1524 3847 1832 3906 absolutos

174 3935 252 3993 ad
282 3938 738 3996 conversionem
784 3940 1071 4010 recipere,
1119 3942 1175 3995 et
1198 3954 1302 3995 eos
1346 3937 1572 4010 absque
1596 3941 1833 3995 contra-

174 4024 437 4082 dictione
461 4027 670 4099 aliqua
696 4029 972 4086 retinere.

245 4149 634 4207 Prohibemus
657 4152 908 4224 insuper
934 4156 999 4210 ut
1026 4152 1171 4209 nulli
1214 4151 1462 4208 fratrum
1494 4154 1831 4207 vestrorum

174 4242 312 4309 post
336 4237 555 4295 factam
591 4240 648 4296 in
702 4241 917 4298 eodem
976 4242 1109 4299 loco
1148 4239 1587 4314 professlonem
1627 4237 1720 4295 fas
1760 4239 1835 4295 sit

175 4325 404 4398 absque
462 4328 704 4385 abbatis
737 4332 826 4387 sui
877 4331 1114 4387 licentia
1142 4331 1219 4386 de
1272 4330 1488 4385 eodem
1521 4328 1672 4394 loco,
1719 4327 1832 4383 nisi

2695 1804 2825 1859 XIV.

1939 1894 2325 1965 Privizeqium
2356 1909 2465 1964 pro
2491 1893 2728 1951 abbatia
2755 1891 2968 1975 Sancti
2988 1889 3275 1948 Germani
3307 1890 3439 1944 Par

2718 1979 2817 2019 scs.

1943 2036 2265 2111 [Bouillart,
2300 2037 2461 2092 Hist.
2496 2037 2567 2092 de
2594 2035 2864 2105 l'abbaye
2900 2034 2973 2091 de
2995 2030 3440 2088 saint-German·

2440 2107 2601 2175 Ρνέε,
2632 2109 2863 2170 Ρτθιιν.,
2886 2121 2946 2178 p.
2979 2104 3091 2176 48.]

2012 2199 2211 2255 Lucius
2240 2197 2582 2269 episcopus,
2616 2212 2821 2251 servus
2861 2208 3172 2250 servorum
3207 2191 3329 2261 Dei,
3377 2189 3438 2246 di

1940 2286 2078 2343 filiis
2132 2289 2345 2343 Hucom
2397 2284 2598 2341 abbati
2649 2285 2845 2341 Sancti
2900 2281 3179 2340 Germani
3230 2280 3439 2336 Parisit

1943 2374 2198 2449 ejusque
2227 2373 2531 2435 fratribus,
2561 2377 2681 2428 tam
2715 2370 3114 2444 praesentibus
3145 2384 3336 2440 quam
3367 2365 3438 2422 fu·

1941 2463 2277 2533 regularem
2327 2462 2515 2518 vitam
2568 2461 2850 2533 professis
2882 2460 2941 2516 in
2973 2463 3362 2531 perpetuum.

2014 2553 2075 2607 ln
2106 2551 2389 2609 eminenti
2422 2550 2579 2607 beati
2613 2550 2765 2606 Petri
2797 2547 3083 2605 cathedra
3112 2546 3189 2602 ad
3223 2546 3345 2601 hoc
3372 2561 3437 2600 su

1942 2640 2074 2697 licet
2125 2639 2426 2706 immeriti,
2460 2638 2816 2709 disponente
2857 2636 3109 2692 Domino
3159 2634 3439 2691 constitut

1939 2731 2133 2802 justas
2156 2728 2464 2800 petitiones
2477 2727 2807 2784 debeamus
2835 2726 3083 2781 libenter
3095 2721 3436 2789 admittere,

1943 2818 2294 2874 studeamus
2324 2816 2604 2874 affectum
2650 2816 2849 2872 utilem
2885 2813 3217 2883 indulgere.
3256 2814 3439 2884 Eaprc

1942 2906 2140 2964 dilecti
2180 2907 2240 2962 in
2276 2905 2526 2962 Domino
2575 2904 2693 2969 tilii,
2725 2903 2935 2960 vestris
2963 2902 3143 2974 Justis
3183 2899 3439 2973 postulat

1941 2995 2057 3053 bus
2072 2995 2298 3052 clemen
2310 2998 2393 3051 ter
2403 2994 2745 3058 annuimus,
2761 2999 2816 3049 et
2832 2989 3271 3048 monasterium
3296 2990 3439 3047 Beat

1868 3086 1911 3145 C
1945 3084 2106 3140 mani
2136 3084 2211 3140 de
2257 3082 2460 3151 PratiS,
2492 3081 2552 3138 in
2581 3098 2704 3155 quo
2734 3081 2938 3137 divino
2965 3080 3104 3135 estis
3139 3080 3439 3151 mancipat

1942 3172 2172 3246 sequio,
2219 3170 2383 3244 quod
2432 3171 2671 3243 proprie
2698 3170 2854 3226 beati
2885 3168 3032 3225 Petri
3079 3167 3237 3240 juris
3271 3166 3440 3224 existi

1943 3262 2251 3332 exemplar
2267 3260 2775 3330 praedecessorum
2793 3263 3136 3314 nostrorum
3158 3254 3347 3312 felicis
3373 3271 3434 3312 m

1942 3352 2042 3406 riae
2073 3348 2391 3414 PaschaliS,
2423 3348 2764 3414 innocentii,
2797 3345 2983 3413 Lucii,
3016 3344 3291 3416 Eugenii,
3350 3346 3436 3400 An

1944 3440 2035 3506 sii,
2068 3438 2310 3495 Adriani
2334 3443 2390 3493 et
2415 3436 2754 3502 Alexandri,
2783 3438 3194 3491 Romanorum
3227 3432 3439 3505 pontifi

1944 3528 2059 3584 sub
2084 3526 2239 3582 beati
2276 3526 2420 3581 Petri
2442 3528 2498 3581 et
2531 3529 2732 3581 nostra
2760 3524 3129 3596 protectione
3156 3521 3439 3595 suscipim

1943 3616 2239 3689 praesentis
2269 3615 2467 3686 scripti
2501 3613 2810 3687 privilegio
2840 3612 3317 3677 communimus,
3353 3615 3439 3667 sta

1944 3711 2028 3762 tes
2059 3708 2122 3761 ut
2145 3718 2541 3776 quascunque
2570 3703 3007 3774 possessioneS,
3033 3715 3426 3773 quaecunque

1942 3794 2099 3852 idem
2128 3792 2559 3848 monasterium
2588 3792 2646 3847 in
2670 3790 3128 3864 praesentiarum
3156 3788 3324 3860 juste
3348 3793 3408 3846 et
3435 3817 3439 3837 ·

1942 3884 2074 3939 nice
2101 3882 2387 3955 possidet,
2426 3881 2607 3936 autin
2637 3879 2903 3936 futurum
2936 3877 3339 3934 concessione
3373 3894 3439 3950 p<

1942 3988 2103 4038 cum,
2133 3969 2482 4026 liberalitate
2524 3984 2731 4041 regum
2767 3967 2858 4023 vel
2907 3966 3278 4039 principum,
3311 3966 3439 4024 oble

1944 4059 2231 4125 fidelium,
2256 4074 2364 4113 seu
2393 4057 2522 4113 aliis
2542 4056 2721 4128 justis
2749 4056 2965 4121 modis,
2988 4060 3318 4127 praestante
3339 4058 3439 4112 Doi

1943 4149 2157 4222 poterit
2184 4147 2454 4219 adipisci,
2492 4145 2664 4202 firma
2688 4144 2858 4201 vobis
2885 4145 3220 4217 vestrisque
3255 4160 3436 4202 succe

1945 4239 2057 4295 bus
2088 4241 2145 4294 et
2199 4236 2427 4292 illibata
2459 4239 2873 4307 permaneant.
2901 4233 3010 4289 Per
3040 4234 3366 4304 praesentis
3417 4234 3434 4290 i

1943 4325 2233 4400 privilegii
2266 4325 2551 4397 paginam
2586 4322 2758 4379 vobis
2788 4323 3121 4393 vestrisque
3154 4338 3439 4379 successe

175 4415 445 4472 arctioris
459 4417 759 4488 religionis
781 4419 1025 4476 obtentu
1052 4418 1393 4475 discedere:
1424 4415 1832 4472 discedentem
1865 4443 1912 4498 D
1944 4416 2004 4472 in
2037 4420 2384 4487 perpetuum
2439 4413 2891 4474 confirmamus,
2925 4414 2989 4466 ut
3023 4425 3417 4484 quaecunque

172 4519 313 4560 vero
344 4506 575 4580 absque
604 4509 913 4564 communi
943 4507 1275 4564 litterarum
1307 4506 1585 4562 cautione
1634 4504 1833 4560 nullus

172 4592 392 4651 audeat
419 4595 689 4652 retinere.
721 4596 866 4652 Cum
895 4602 1095 4653 autem
1123 4595 1408 4666 generale
1455 4592 1833 4650 interdictum

173 4687 340 4740 terrai
370 4683 565 4751 fuerit,
605 4686 781 4742 liceat
822 4685 1017 4752 vobis,
1049 4684 1273 4741 clausis
1313 4683 1537 4756 januis,
1577 4681 1835 4739 exclusis

170 4773 705 4830 excommunicatis
745 4779 801 4829 et
831 4774 1180 4838 interdictis,
1214 4788 1336 4829 non
1392 4771 1646 4843 pulsatis
1674 4787 1836 4827 cam-

169 4862 365 4933 panis,
398 4877 728 4934 suppressa
781 4878 947 4930 voce,
1003 4862 1209 4919 divina
1266 4860 1466 4917 officia
1513 4857 1831 4915 celebrare.

169 4949 548 5023 Sepulturam
573 4967 817 5025 quoque
846 4952 1033 5024 ipsius
1064 4950 1446 5008 lociliberam
1473 4964 1606 5005 esse
1636 4947 1834 5003 decer-

169 5040 392 5103 nimus,
410 5046 695 5097 uteorum
725 5039 1033 5098 devotioni
1060 5045 1408 5096 etextremae
1432 5037 1833 5108 voluntatiqui

169 5145 232 5186 se
263 5128 379 5184 illic
398 5129 631 5203 sepeliri
662 5130 1142 5197 deliberaverint,
1162 5128 1274 5184 nisi
1307 5128 1457 5184 forte
1479 5127 1570 5183 vel
1598 5141 1833 5182 excom·

169 5219 455 5274 municati
487 5220 581 5275 vel
623 5219 919 5276 interdicti
951 5220 1087 5285 sint,
1121 5218 1321 5274 nullus
1366 5216 1631 5281 obsistat,
1667 5215 1834 5271 salva

168 5311 373 5363 tamen
391 5306 627 5380 justitia
653 5307 893 5365 illarum
923 5308 1315 5365 ecclesiarum
1350 5322 1386 5362 a
1414 5306 1639 5378 quibus
1674 5320 1829 5360 mor·

171 5397 410 5451 tuorum
432 5411 683 5466 corpora
697 5404 1108 5453 assumuntur.
1132 5396 1399 5452 Obeunte
1417 5410 1560 5451 vero
1577 5399 1650 5460 te,
1670 5408 1832 5449 nunc

172 5480 439 5550 ejusdem
471 5484 584 5540 loci
609 5485 849 5552 abbate,
880 5486 970 5540 vel
1011 5491 1250 5542 tuorum
1303 5483 1574 5558 quolibet
1603 5497 1833 5539 succes-

174 5580 405 5636 sorum,
432 5570 633 5629 nullus
654 5571 738 5630 ibi
763 5571 1034 5647 qualibet
1062 5571 1480 5647 subreptionis
1492 5571 1687 5630 asutia
1716 5585 1823 5628 seu

1945 4508 2055 4573 tas,
2082 4518 2460 4574 quaecunque
2490 4502 2754 4571 dignitas
2783 4499 3089 4572 privilegio
3119 4499 3282 4557 beati
3313 4503 3439 4558 Geri

1946 4592 2179 4665 scriptis
2210 4590 2591 4658 childeberti,
2624 4588 2860 4646 Clotarii
2894 4593 3074 4660 atque
3104 4587 3379 4646 aliorum
3408 4606 3438 4647 r

1949 4683 2310 4738 Francorum
2341 4684 2536 4736 vestro
2588 4677 2949 4736 monasterio
2979 4676 3201 4733 collata
3231 4684 3350 4743 est,
3387 4695 3439 4751 pe

1945 4775 2081 4827 neat
2104 4768 2350 4826 illibata.
2374 4768 2759 4840 Praecipimus
2783 4774 2983 4823 autem
3017 4771 3080 4821 ut
3097 4765 3439 4835 chrisma,‹

1945 4863 2242 4918 sanctum,
2275 4857 2772 4926 consecrationes,
2798 4853 3218 4911 ordinationes
3245 4861 3303 4912 et
3338 4873 3439 4930 qui

1943 4964 2062 5020 que
2093 4947 2257 5003 vobis
2273 4962 2342 5002 ex
2364 4945 2687 5016 pontificali
2720 4949 2856 4999 sunt
2881 4942 3221 4999 ministerio
3251 4960 3439 5001 neces

1944 5054 1980 5094 a
2009 5036 2176 5093 nullo
2217 5034 2513 5091 catholico
2557 5034 2844 5106 episcopo
2875 5031 3049 5088 vobis
3104 5033 3439 5108 vestrisquc

1944 5125 2281 5183 cessoribus
2312 5124 2658 5194 denegetur.
2697 5124 2849 5180 Sane
2880 5122 3119 5185 missas,
3172 5121 3439 5180 ordinat

1946 5216 2232 5270 stationes
2274 5211 2351 5269 ab
2381 5212 2545 5269 omni
2577 5213 2863 5284 episcopo
2905 5208 2995 5265 vel
3049 5208 3216 5266 clero
3265 5211 3439 5268 Paris

1945 5303 2220 5360 Ecclesiae
2246 5302 2305 5358 in
2338 5301 2548 5358 eodem
2583 5299 2946 5356 monasterio
2978 5303 3200 5370 praeter
3241 5301 3438 5358 volun

1945 5392 2183 5448 abbatis
2238 5390 2328 5447 vel
2358 5389 2839 5460 congregationis
2888 5387 3013 5442 fleri
3047 5388 3433 5459 prohibemu

1944 5481 2208 5538 habeant
2228 5485 2586 5553 potestatem
2615 5477 2698 5533 ibi
2728 5476 2946 5549 aliquid
2971 5476 3353 5547 imperandi,
3385 5495 3439 5535 se

1944 5569 2148 5630 divina
2187 5568 2333 5643 ipsis
2372 5567 2573 5627 officia
2621 5564 2991 5634 interdicere,
3025 5579 3141 5623 nec
3193 5581 3439 5627 excomi
