3784 6000
258 223 404 280 124⁷

1682 210 1880 270 -Lucn
1916 206 1991 266 111
2022 206 2229 265 PAPAE

3557 172 3680 258 M
3780 142 3783 151 ,

256 347 334 405 de
372 347 510 404 villa
531 345 681 403 Vilet
708 360 895 417 prope
932 347 1201 401 montem
1230 341 1537 406 Desiderii‚
1569 338 1755 398 altare
1791 335 1909 392 vil·
1944 332 1990 388 Α
2031 334 2162 406 ejus
2184 333 2599 406 possessiones
2623 331 2874 399 auferre,
2895 334 3000 387 aut
3026 328 3268 388 ablatas
3295 326 3567 384 retinere
3591 326 3676 383 ni-

259 436 424 503 taris,
468 435 677 492 altaria
730 436 802 489 de
856 431 1250 496 Germiniaco,
1301 447 1437 505 quae
1487 445 1594 502 per
1643 425 1912 486 Falconis

261 525 573 599 quondam
602 522 978 579 Ambianesis
998 521 1269 593 episcopi
1285 518 1752 592 chirographum
1774 532 1914 590 pos-

262 613 465 672 sidetis
491 628 627 669 cum
658 612 821 668 omni
845 610 978 681 jure
1011 608 1338 682 parochiali
1364 608 1638 680 ejusdem
1667 606 1823 662 villae
1858 609 1916 662 et

264 702 543 759 decimis,
586 704 646 756 ln
679 700 1026 773 episcopatu
1060 698 1472 756 suessionensi
1499 695 1810 754 ecclesiam
1839 693 1916 751 de

266 790 568 848 Bunoculo
610 806 748 846 cum
790 788 1061 860 grangia,
1114 789 1303 855 terris,
1344 787 1552 856 vineis,
1597 785 1806 858 pratis,
1846 799 1917 840 ac

263 879 534 945 decimis,
548 878 800 950 aliisque
818 876 1476 934 redditibus-Allodium
1499 875 1789 933 Guidonis
1806 873 1922 929 mi-

264 969 383 1025 litis
423 967 587 1040 apud
634 970 1079 1037 meromontem,
1118 966 1410 1025 allodium
1445 964 1710 1022 Leotaldi
1754 961 1922 1036 apud

267 1057 563 1114 Dilucium
593 1073 730 1113 cum
762 1056 891 1113 aliis
915 1072 1053 1129 quae
1085 1057 1163 1114 ibi
1195 1055 1453 1119 habetis,
1480 1054 1684 1111 villam
1715 1052 1918 1121 Vallis,

268 1147 469 1204 villam
496 1150 744 1212 Novam,
763 1145 965 1202 villam
988 1145 1277 1203 Galcherii
1303 1144 1523 1212 militis,
1553 1149 1610 1201 et
1629 1142 1917 1200 allodium

267 1236 343 1293 de
370 1237 671 1292 Frovesta.

339 1342 697 1415 Adjicientes
726 1356 991 1416 quoque,
1022 1340 1363 1414 apostolicae
1391 1340 1549 1398 sedis
1572 1339 1922 1398 auctoritate

269 1433 596 1502 sancimus,
625 1436 690 1488 ut
716 1431 1232 1504 quemadmodum
1254 1435 1470 1488 sanctas
1488 1428 1923 1487 recordationis

270 1521 707 1595 proedecessore
746 1525 952 1577 nostro
976 1522 1209 1578 Joanne
1238 1536 1400 1594 papa
1431 1525 1716 1577 statutum
1744 1523 1924 1592 atque

269 1609 578 1666 firmatum
610 1613 718 1679 est,
747 1609 992 1682 quando
1018 1609 1179 1667 idem
1205 1609 1374 1666 locus
1415 1610 1579 1666 sibia
1606 1609 1735 1681 iam
1762 1608 1925 1664 dicto

270 1699 449 1757 bonai
465 1699 769 1755 memoriae
780 1699 1075 1757 Gualterio
1093 1699 1480 1757 Ambianensi
1495 1698 1711 1757 comite
1724 1697 1786 1755 in
1799 1713 1925 1754 suae

276 1787 644 1845 fundationis
683 1789 931 1845 exordio
962 1788 1202 1846 oblatus
1230 1793 1343 1857 est,
1373 1794 1553 1862 atque
1588 1787 1667 1844 ab
1696 1802 1769 1844 eo
1800 1792 1927 1843 tan-

272 1891 460 1949 quam
490 1875 728 1932 novella
757 1875 1047 1948 plantatio
1080 1876 1139 1933 in
1170 1877 1476 1951 propriam
1507 1881 1565 1933 et
1602 1873 1924 1949 specialem

275 1969 498 2023 sanctae
537 1966 696 2022 sedis
727 1965 1074 2036 apostolicae
1110 1965 1299 2023 filiam
1329 1965 1540 2024 eadem
1576 1965 1798 2022 domus
1840 1967 1931 2020 est

276 2054 587 2128 adoptata,
617 2062 679 2111 ut
707 2054 856 2112 nulli
897 2071 1167 2128 unquam
1197 2055 1794 2129 archiepiscoporum
1836 2052 1930 2110 vel

276 2144 697 2216 episcoporum
728 2142 903 2201 liceat
929 2144 1569 2202 excommunicationis
1607 2160 1712 2201 seu
1749 2143 1929 2200 inter·

277 2231 418 2288 dicti
460 2232 815 2290 sententiam
851 2233 1082 2306 absque
1121 2249 1374 2291 assensu
1400 2239 1456 2290 et
1490 2232 1778 2290 mandato
1815 2235 1931 2289 Ro-

279 2321 444 2378 mani
475 2321 794 2393 pontificis,
820 2321 912 2378 vel
936 2322 1113 2393 legati
1141 2323 1192 2396 ej
1204 2339 1271 2379 us
1303 2339 1340 2379 a
1366 2323 1547 2381 latere
1576 2321 1840 2379 distincti
1867 2321 1929 2378 in

275 2410 438 2467 idem
486 2411 831 2468 coenobium
869 2410 1273 2486 promulgare,
1315 2428 1420 2469 seu
1467 2397 1932 2469 consuetudines

278 2500 516 2573 aliquas
546 2500 628 2557 ibi
658 2502 911 2572 exigere,
937 2502 1031 2558 vel
1059 2503 1275 2558 missas
1294 2502 1564 2575 publicas
1589 2507 1797 2558 contra
1831 2516 1931 2557 vo·

278 2589 570 2646 luntatem
600 2596 856 2646 vestram
883 2589 1200 2656 celebrare,
1217 2591 1605 2663 autalicujus,
1629 2589 1928 2662 gravami-

282 2679 377 2734 nis
406 2692 594 2735 causa
624 2694 871 2735 manum
902 2695 1227 2752 apponere.
1256 2682 1457 2753 Neque
1486 2680 1645 2737 enim
1680 2680 1931 2752 dignum

282 2771 371 2824 est
399 2767 590 2840 utqui
632 2768 708 2825 ad
753 2769 852 2840 jus
900 2785 1085 2826 sacroe
1140 2772 1423 2826 Romanas
1475 2770 1763 2836 Ecclesioe‚
1796 2785 1933 2842 quoe

283 2857 557 2914 omnium
580 2857 974 2915 Ecclesiarum
1005 2864 1185 2931 caput
1213 2865 1271 2916 et
1302 2865 1488 2917 mater
1513 2865 1620 2930 est,
1640 2859 1934 2931 pertinere

284 2952 634 3015 noscuntur,
647 2947 1058 3022 quorumlibet
1079 2949 1575 3021 oppressionibus
1589 2952 1932 3021 graventur,

284 3036 379 3093 vel
403 3037 848 3094 incursionibus
871 3038 1398 3108 agitentur.Liceat
1423 3054 1667 3113 quoque
1682 3038 1853 3096 vobis
1873 3038 1936 3099 in

284 3124 547 3183 ecclesiis
578 3126 789 3183 vestris
830 3128 1209 3200 presbyteros
1245 3127 1459 3201 eligere
1497 3132 1554 3185 et
1589 3128 1937 3185 dioecesano

286 3214 571 3288 episcopo
596 3220 972 3286 praesentare,
1005 3215 1229 3288 quibus
1262 3217 1311 3273 si
1339 3216 1538 3273 idonei
1566 3216 1788 3273 inventi
1817 3216 1940 3273 fue-

283 3304 423 3372 rint,
453 3303 772 3376 episcopus
811 3305 1152 3362 animarum
1201 3321 1407 3362 curam
1464 3304 1818 3371 committat,
1857 3306 1942 3364 ita

282 3392 531 3465 quidem
558 3393 722 3466 quod
747 3393 800 3450 ei
824 3393 896 3450 de
917 3393 1348 3467 spiritualibus,
1364 3394 1622 3451 vobisde
1645 3401 1942 3467 tempora·

284 3481 443 3539 libus
467 3483 592 3538 sine
616 3481 824 3556 aliqua
852 3483 1319 3540 contradictione
1344 3484 1765 3557 respondeant.
1790 3485 1944 3541 Sane

288 3571 334 3628 si
367 3573 784 3646 presbyterum
832 3573 1091 3647 aliquem
1148 3574 1226 3629 ad
1280 3574 1488 3630 divina
1538 3574 1736 3630 officia
1790 3574 1944 3630 cele-

287 3660 545 3730 branda,
574 3662 633 3718 in
655 3677 778 3733 quo
791 3662 993 3718 divino
1005 3663 1332 3736 mancipati
1355 3662 1499 3719 estis
1521 3663 1814 3736 obsequio
1835 3663 1942 3720 du·

291 3752 487 3807 xeritis
516 3751 915 3817 retinendum,
939 3751 1014 3808 de
1056 3752 1225 3809 altari
1266 3753 1486 3818 Crucis,
1519 3752 1685 3825 quod
1721 3753 1799 3809 ad
1841 3769 1943 3810 vos

291 3841 563 3914 pertinet,
590 3840 736 3897 nulli
779 3841 1016 3897 interim
1054 3846 1325 3899 teneatur
1355 3842 1747 3916 respondere.
1780 3841 1945 3899 Deci-

295 3946 427 3986 mas
452 3944 692 4003 quoque
716 3929 1026 3987 novalium
1050 3936 1381 3987 vestrorum
1401 3947 1537 4004 quae
1551 3923 1806 4004 propriis
1822 3946 1943 3989 ma-

293 4018 476 4076 nibus
518 4024 622 4075 aut
662 4019 1007 4093 sumptibus
1049 4019 1241 4078 colitis
1271 4022 1393 4077 sive
1440 4020 1515 4078 de
1567 4019 1943 4077 nutrimentis

294 4116 633 4166 vestrorum
658 4109 1009 4166 animalium
1024 4109 1222 4166 nullus
1249 4110 1469 4167 avobis
1483 4109 1943 4185 praesumatexi·

298 4214 456 4269 gere,
481 4198 585 4254 sed
617 4198 743 4254 sine
759 4200 922 4256 omni
950 4199 1423 4256 contradictione
1447 4201 1948 4274 episcoporumet

297 4285 734 4359 episcopalium
766 4288 1172 4345 ministrorum
1186 4304 1289 4346 eas
1302 4289 1582 4362 deinceps
1594 4289 1792 4364 quiete
1813 4304 1949 4362 pos·

2021 438 2297 490 nuereve‚
2320 438 2427 480 seu
2447 420 2815 496 quibuslibet
2830 417 3249 478 exactionibus
3267 416 3575 487 fatigar&
3589 415 3674 473 ssd

2022 511 2228 569 omnia
2254 512 2486 583 integra
2532 514 2957 568 conserventur
3002 522 3236 579 eorum,
3269 521 3396 580 pro
3432 520 3676 580 quorun

2025 600 2459 675 gubernatione
2470 599 2965 657 etsustentatione
2980 611 3274 655 concessa
3288 598 3465 665 sunt,
3488 592 3676 651 usibus

2026 690 2310 747 omnibus
2338 688 2669 763 profutura,
2684 687 2849 746 salva
2866 688 2926 744 in
2952 686 3238 744 omnibus
3257 681 3435 742 sedis
3458 688 3679 755 aposto-

2026 779 2155 837 licae
2182 778 2487 849 dignitate,
2514 783 2570 834 et
2598 777 2661 834 in
2688 776 3048 850 supradictis
3081 773 3363 832 ecclesiis
3407 772 3678 830 dioecess·

2030 884 2245 925 norum
2273 869 2695 941 episcoporum
2720 866 3011 924 canonica
3015 865 3038 938 j
3049 863 3272 922 ustitia.
3290 862 3353 921 Si
3371 861 3677 937 quaigitur

2029 958 2089 1015 in
2121 957 2388 1015 futurum
2412 955 2816 1014 ecclesiastica
2844 953 3224 1011 saecularisve
3249 965 3557 1026 persona,
3582 955 3675 1011 ete.

2100 1048 2221 1120 Ego
2254 1047 2469 1103 Lucius
2498 1045 2808 1103 catholicas
2837 1043 3107 1100 Ecclesiae
3136 1040 3335 1116 episc.

2099 1139 2221 1208 Ego
2244 1134 2583 1195 Theodinus
2614 1132 2952 1193 portuensis
2965 1130 3274 1190 etSanctoe
3299 1127 3548 1188 Rufino
3563 1128 3672 1203 epi·

2028 1242 2272 1299 scopus.

2102 1317 2225 1386 Ego
2272 1315 2533 1373 loannes
2579 1313 2890 1387 presbyter
2929 1306 3256 1369 cardinalis
3303 1307 3466 1366 tituli
3497 1307 3680 1366 Sancti

2031 1404 2228 1463 Marci.

2102 1496 2224 1565 Ego
2268 1493 2471 1549 Petrus
2521 1491 2838 1565 presbyter
2884 1486 3208 1548 cardinalis
3247 1486 3407 1547 tituli
3462 1487 3680 1545 Sancta

2036 1584 2346 1641 Susannoe.

1955 1686 2002 1744 Β
2105 1674 2227 1743 Ego
2249 1670 2556 1728 Laborans
2575 1669 2888 1743 presbyter
2900 1665 3220 1725 cardinalis
3244 1666 3492 1725 Sancto
3502 1662 3682 1722 Uaria

2036 1767 2199 1818 trans
2226 1757 2501 1827 Tiberim,
2533 1757 2688 1815 tituli
2728 1757 2925 1815 Sancti
2954 1755 3186 1813 calixti.

2109 1852 2231 1922 Ego
2276 1848 2490 1905 Paulus
2536 1845 2844 1920 presbyter
2879 1842 3202 1904 cardinalis
3229 1842 3391 1902 tituli
3420 1840 3685 1900 Basilica

2035 1939 2392 1996 Sanctorum
2420 1936 2861 2010 Apostolorum.

2110 2029 2230 2099 Ego
2251 2026 2512 2084 lacobus
2537 2025 2695 2083 diac.
2728 2023 2892 2083 card.
2927 2024 2987 2082 S.
3017 2021 3231 2082 uariis·

2111 2118 2233 2187 Ego
2273 2114 2592 2172 Gratianus
2639 2112 2995 2170 Sanctorum
3042 2113 3270 2171 Cosmoe
3308 2112 3372 2168 et
3417 2108 3691 2171 Damiani

2038 2206 2332 2264 diaconus
2361 2203 2708 2262 cardinalis.

2111 2294 2234 2366 Ego
2266 2295 2567 2352 Laborans
2589 2295 2646 2351 S.
2666 2291 2871 2364 Angeli
2901 2289 3056 2348 diac.
3084 2287 3436 2347 cardinalis.

2111 2385 2233 2456 Ego
2260 2381 2576 2440 Goffredus
2616 2383 2848 2438 Sanctus
2876 2379 3070 2437 Marias
3097 2377 3159 2434 in
3186 2376 3297 2434 Via
3321 2376 3473 2435 Lata
3500 2376 3694 2434 diaco·

2038 2483 2154 2531 nus
2184 2470 2528 2530 cardinalis.

2112 2564 2328 2621 Datum
2354 2561 2546 2618 verul.
2586 2575 2695 2632 per
2720 2573 2966 2616 manum
2992 2554 3211 2615 Alberti
3240 2559 3471 2613 sanetas
3491 2557 3694 2613 Roma-

2042 2668 2134 2709 nas
2156 2650 2426 2709 Ecclesiae
2452 2648 2778 2723 presbyteri
2799 2644 3118 2705 cardinalis
3135 2650 3191 2702 et
3208 2643 3582 2709 cancellarii,
3619 2658 3691 2699 ιιι

2042 2740 2338 2798 Kalendas
2398 2738 2555 2803 Maii,
2605 2737 2927 2794 indictione
2980 2753 3038 2803 ιι,
3099 2732 3546 2792 incarnationis
3595 2733 3693 2789 Do-

2044 2830 2276 2888 minicoe
2340 2843 2500 2886 anno
2553 2825 2871 2884 millesimo
2939 2824 3266 2882 centesimo
3325 2821 3692 2894 octogesimo

2043 2926 2279 2994 quarto,
2313 2916 2692 2992 pontificatus
2726 2930 2872 2973 vero
2898 2913 3101 2973 domni
3127 2912 3295 2970 Lucii
3333 2927 3520 2986 papas
3553 2908 3695 2968 tertii

1974 3043 2014 3101 C
2047 3025 2208 3069 anno
2248 3010 2438 3067 tertie.

2728 3094 2989 3154 CXXXVI.

2052 3192 2117 3249 R.
2140 3189 2365 3247 decano
2397 3193 2453 3246 et
2482 3187 2747 3256 capituto
2772 3182 3229 3256 Rothomaaensi
3251 3180 3535 3247 mandat,
3571 3193 3697 3238 eun

2119 3268 2388 3319 mortuus
2410 3258 2884 3328 archiepiscopus
2908 3257 3001 3322 sit,
3029 3261 3097 3312 ut
3131 3249 3701 3327 er‘llelmumlele·

2120 3340 2277 3391 ctum
2293 3330 2801 3393 constantiensem,
2819 3344 2859 3385 a
2871 3326 3269 3399 suffraganeis
3291 3323 3584 3382 Ecclesia
3601 3324 3701 3381 Rc·

2120 3402 2513 3476 thomaqensis
2533 3400 2806 3474 episcopis
2826 3398 3288 3457 consecrandum
3321 3401 3568 3455 curent.

2564 3489 2840 3562 (Verulis,
2872 3487 3056 3561 April.
3081 3487 3200 3560 24.)

2408 3580 2706 3656 [Masi-nn„
2727 3578 3034 3645 Thesaur.,
3065 3575 3158 3643 111,
3182 3574 3336 3647 987]

2122 3671 2324 3730 Lucius
2358 3671 2701 3743 episcopus,
2734 3684 2941 3725 servus
2973 3679 3280 3724 servorum
3315 3662 3440 3736 Dei,
3475 3661 3710 3722 dilectis

2051 3762 2185 3820 filiis
2213 3764 2275 3818 R.
2328 3761 2558 3818 decano
2592 3763 2649 3817 et
2691 3755 2952 3832 capitulo
2994 3754 3296 3822 Rothom„
3347 3751 3618 3810 salutem
3659 3754 3710 3808 et

2052 3849 2446 3926 apostolicam
2479 3846 2975 3907 benedictionem.

2124 3938 2609 4014 significantibus
2627 3936 2854 3994 dilectis
2884 3934 3019 3992 filiis
3035 3932 3253 3991 nostris
3276 3929 3556 4004 capitulo
3573 3932 3711 3987 Con·

2053 4030 2394 4088 stantiensis
2426 4027 2721 4092 Ecclesiae,
2753 4022 3154 4082 intelleximus
3190 4020 3361 4095 quod
3391 4034 3543 4078 cum
3577 4017 3710 4076 dile-

2053 4126 2219 4179 ctum
2246 4118 2441 4177 filium
2472 4122 2741 4174 nostrum
2783 4114 2901 4182 W„
2929 4113 3227 4170 decanum
3255 4108 3585 4184 quondam
3617 4109 3712 4165 Ba·

2051 4206 2381 4283 jocensem,
2403 4205 2690 4265 canonice
2726 4207 2785 4261 et
2814 4200 3187 4261 concorditer
3209 4198 3494 4270 elegisset
3514 4198 3577 4255 in
3601 4195 3715 4272 epi-

2059 4314 2315 4375 scopum
2340 4314 2376 4355 a
2404 4295 2580 4354 bonae
2602 4293 2907 4352 memoriae
2919 4295 2984 4350 R.
3008 4287 3476 4364 archiepiscopo
3499 4292 3711 4352 vestro,

299 4373 563 4439 uideatis·
590 4375 694 4447 qui
721 4381 912 4432 vestra
933 4378 1260 4449 peregrinis
1281 4377 1951 4450 etpauperibuserosa-
1982 4402 2028 4457 n
2059 4390 2267 4451 eiectio
2294 4387 2403 4445 ruit
2430 4382 3163 4446 solemniterconfirmata,
3185 4381 3243 4436 et
3269 4373 3714 4435 consecrationi

299 4464 390 4521 tis.
418 4465 619 4537 Neque
648 4464 886 4522 cuilibet
914 4465 1164 4522 facultas
1195 4466 1268 4523 sit
1291 4483 1394 4524 vos
1427 4483 1532 4540 pro
1555 4468 1951 4525 vivorumseu

299 4551 718 4611 defunctorum
762 4554 1160 4628 eleemosynis
1202 4556 1283 4615 ob
1322 4556 1574 4614 salutem
1610 4557 1953 4614 animarum

302 4640 473 4700 vobis
503 4643 791 4700 canonice
815 4644 971 4701 datis
1000 4646 1349 4719 inquietare.
1386 4646 1499 4705 Sed
1529 4652 1650 4704 tam
1678 4646 1954 4704 vivorum

301 4733 1013 4806 quam-defunctorumin
1043 4735 1205 4793 dona
1235 4741 1293 4791 et
1316 4734 1649 4793 oblationes
1699 4751 1830 4809 quas
1874 4734 1955 4793 ad

302 4837 412 4878 vos
439 4820 800 4889 deferentur,
827 4824 886 4879 in
912 4839 1052 4879 usus
1080 4839 1384 4881 servorum
1415 4825 1512 4881 Dei
1535 4829 1590 4882 et
1617 4838 1954 4897 pauperum

305 4910 674 4983 profuturas,
706 4910 877 4969 salva
905 4912 1138 4984 justitia
1182 4913 1443 4971 matricis
1479 4913 1741 4971 ecclesiae
1784 4913 1955 4970 vobis

306 5000 556 5057 retinere
586 5000 761 5058 liceat
789 5005 847 5058 et
864 5001 1108 5079 habere.
1134 5006 1312 5060 Porro
1336 5002 1497 5060 idem
1522 5003 1957 5060 monasterium

304 5104 443 5146 cum
467 5091 749 5148 omuibus
778 5091 1145 5163 pertinentiis
1171 5092 1317 5162 suis,
1348 5092 1503 5150 sicut
1545 5092 1836 5150 hactenus
1884 5106 1959 5149 ex

307 5180 692 5236 concessione
720 5186 943 5238 sanctoe
972 5180 1131 5237 sedis
1159 5181 1503 5254 apostolicae
1533 5182 1718 5239 suissa
1751 5180 1962 5251 digno·

310 5270 515 5338 scitur,
540 5269 656 5327 sub
685 5270 1088 5328 cluniacensis
1131 5271 1475 5328 monasterii
1506 5270 1694 5328 libera
1723 5269 1963 5327 ordina·
1991 5319 1998 5326 .

309 5362 466 5420 tione
495 5363 554 5417 et
580 5358 974 5432 dispositione
1004 5360 1311 5418 consistat.

382 5468 769 5525 Decernimus
795 5482 939 5539 ergo
957 5471 1022 5525 ut
1054 5466 1198 5524 nulli
1223 5465 1474 5524 omnino
1521 5466 1829 5525 bominum
1872 5465 1965 5525 fas

312 5552 390 5613 sit
416 5554 737 5631 praeiatum‘
754 5553 1188 5616 monasterium
1213 5560 1437 5615 temere
1464 5555 1832 5632 perturbare,
1858 5554 1969 5616 'aut

2061 4478 2352 4540 terminus
2385 4476 2743 4547 assignatus.
2785 4472 2900 4531 Sed
2930 4468 3165 4528 interim
3194 4463 3714 4539 archiepiscopus.

2062 4571 2216 4627 sicut
2241 4565 2494 4625 Domino
2514 4560 2929 4637 placuit,diem
2950 4557 3166 4617 clausit
3184 4558 3622 4624 extremum,et
3642 4551 3717 4609 ita

2063 4657 2179 4716 sub
2211 4671 2432 4714 occasu
2458 4654 2592 4720 isto,
2621 4667 2743 4710 non
2769 4649 2898 4708 sine
2925 4647 3092 4721 gravi
3131 4642 3477 4717 dispendio,
3519 4655 3717 4699 eonse-

2064 4738 2867 4812 cratiohactenusestdilata,
2889 4754 3026 4795 cum
3044 4751 3148 4794 sex
3176 4732 3356 4793 annis
3377 4729 3716 4806 etamplius

2059 4839 2188 4912 jam
2208 4836 2370 4893 dicta
2393 4832 2651 4891 Ecclesia
2689 4827 2972 4903 pastorali
3011 4821 3301 4884 manserit
3330 4818 3717 4896 providentia

2064 4925 2365 4986 destituta.
2399 4921 2565 4979 Unde
2593 4917 2882 4994 quoniam
2905 4929 3078 4973 mora
3097 4911 3274 4971 trahit
3294 4909 3378 4967 ad
3396 4924 3466 4966 se
3487 4907 3714 4983 pericu·

2065 5018 2214 5085 lum,
2230 5010 2571 5070 discretioni
2589 5011 2799 5067 vestris
2824 5021 2929 5080 per
2950 5000 3283 5077 apostolica
3306 4998 3537 5072 scripta
3550 5011 3717 5055 man-

2068 5107 2289 5162 damus
2320 5106 2500 5171 atque
2524 5095 2929 5173 proecipimus,
2959 5095 3280 5166 quatenus,
3318 5086 3372 5144 si
3400 5102 3503 5144 res
3541 5086 3627 5143 ita
3656 5098 3719 5139 se

2068 5192 2270 5259 babet,
2283 5186 2678 5261 suffraganeis
2694 5182 2992 5258 episcopis
3012 5179 3089 5236 ad
3113 5179 3375 5235 vestram
3393 5173 3718 5231 Ecclesiam

2069 5280 2439 5348 convocatis,
2474 5276 2722 5352 praefato
2748 5272 2957 5341 electo,
2989 5268 3119 5327 sine
3160 5261 3540 5331 difficultate,
3583 5261 3724 5318 dila·

2073 5373 2232 5431 tione
2249 5374 2307 5428 et
2324 5366 2726 5443 appellatione
2744 5366 2996 5427 remota,
3019 5371 3238 5416 manus
3260 5350 3506 5410 faciatis
3520 5365 3730 5409 conse-

2074 5460 2355 5520 crationis
2385 5454 2674 5530 impendi,
2718 5451 2800 5510 ita
2846 5446 3013 5525 quod
3056 5439 3501 5521 plenitudinem
3547 5437 3730 5498 officii

2075 5535 2435 5629 pontificalis
2446 5537 3038 5620 adeptu-,commisso
3048 5530 3340 5607 sibigregi
3351 5531 3742 5589 sacramenta·
