3784 6000
245 224 371 301 3⁸1¹.

1311 224 1742 290 GUILLELMI
1784 225 2172 290 TYRENSIS
2218 226 2581 290 AROHIEP.

3533 226 3655 291 2¹12

243 365 632 422 cohibendum
647 365 1090 422 nostriscxitum
1106 363 1584 429 convenerant,in
1598 379 1664 419 eo
1679 379 1891 435 propo·
1919 365 1973 431 A
2002 362 2225 418 aditum
2256 362 2331 418 ad
2362 362 2565 419 urbem
2588 359 2972 418 intercludere
3030 360 3415 434 fugientibus.
3444 362 3657 420 Proce-

243 454 356 512 sito
380 455 583 512 fortius
600 455 970 520 desudarent,
997 454 1270 510 dominus
1302 456 1467 525 liugn
1490 454 1759 525 Magnus,
1783 453 1879 524 qui

242 545 443 616 primae
475 548 735 616 praeerat,
769 552 829 598 ut
851 544 1266 615 praemisimus,
1287 543 1530 608 cohorti,
1565 541 1882 614 praemissis

241 634 433 691 turbis
463 633 828 706 pedestribus
858 636 915 687 et
931 633 1266 706 sagittariis,
1288 633 1345 687 in
1368 649 1467 688 eos
1498 631 1729 690 irruens
1761 632 1883 688 ani-

242 723 488 794 mosius,
520 722 708 794 primo
738 726 1028 779 tentantes
1061 723 1353 790 resistere,
1388 723 1489 778 sed
1522 721 1760 778 tandem
1779 736 1887 777 no-

244 815 499 869 strorum
531 812 812 884 impetum
840 812 986 869 ferre
1011 828 1124 868 non
1156 813 1438 880 valentes,
1464 811 1743 869 violenter
1764 811 1887 867 dis-

240 900 464 958 solutos
479 901 664 971 adegit
688 901 745 956 in
776 901 993 971 fugam,
1028 905 1188 958 tanta
1227 901 1452 957 instans
1484 899 1884 966 animositate,

244 992 310 1044 ut
338 988 431 1045 vix
450 1005 634 1061 equos
660 1007 728 1046 ex
761 992 972 1062 quibus
993 991 1432 1058 descenderant,
1468 990 1722 1060 recipere
1754 1005 1887 1059 pos-

247 1080 379 1133 sent
404 1095 417 1133 ε
452 1077 670 1149 quibus
700 1081 895 1151 sugam
917 1079 1218 1150 ingressis,
1247 1078 1335 1135 vir
1367 1078 1648 1134 memoria
1675 1078 1887 1149 dignus

246 1167 564 1222 Anselmus
590 1168 660 1223 de
693 1169 1188 1239 Riburgismonte,
1222 1169 1321 1240 qui
1352 1169 1412 1224 in
1446 1167 1631 1238 prima
1670 1167 1890 1223 consti-

246 1257 409 1309 tutus
439 1262 557 1309 erat
587 1254 730 1321 acie,
764 1257 1029 1325 protinus
1061 1256 1310 1316 irruens.
1335 1255 1558 1312 saeculis
1598 1271 1886 1311 memora·

245 1341 362 1399 bile
392 1342 621 1398 virtutis
651 1359 769 1409 suae
797 1345 954 1400 dedit
977 1345 1468 1416 experimentum3
1502 1360 1637 1401 nam
1669 1343 1729 1400 in
1760 1359 1890 1400 me-

244 1429 357 1486 diis
387 1445 586 1487 eorum
605 1433 803 1488 euneis
825 1432 1033 1490 salutis
1061 1437 1392 1501 immemor,
1415 1433 1709 1490 audaciter
1731 1433 1889 1488 invo-

241 1517 421 1587 lutus,
455 1521 597 1576 dum
627 1520 735 1577 hos
768 1522 990 1593 dejicit,
1020 1522 1152 1578 illos
1185 1523 1456 1595 perforat,
1488 1526 1549 1579 et
1577 1523 1635 1578 in
1685 1538 1887 1578 eorum

239 1613 430 1683 strage
458 1611 1066 1680 desudatanimosius‚
1100 1613 1504 1668 universorum
1535 1612 1804 1668 ordinum
1826 1611 1886 1665 in

243 1713 305 1756 se
327 1702 661 1771 provocavit
691 1707 748 1757 et
777 1701 979 1759 oculos
1003 1708 1062 1759 et
1092 1703 1367 1759 favorem.
1410 1703 1574 1768 Quod
1623 1701 1893 1758 videntes

244 1786 409 1860 Hugo
438 1789 702 1860 Magnus,
750 1794 807 1845 et
862 1792 1150 1847 Robertus
1195 1807 1385 1847 comes
1416 1790 1890 1859 Flandrensium,

247 1874 535 1933 Robertus
555 1879 975 1949 quoqueNortb
987 1896 1561 1945 mannorumcomes,
1582 1883 1639 1936 et
1654 1879 1893 1935 Baldui-

244 1978 360 2021 nus
388 1980 586 2021 comes
615 1966 1070 2034 Hemaucorum,
1093 1973 1151 2023 et
1175 1968 1527 2025 Eustachius
1567 1969 1731 2024 ducis
1778 1969 1892 2023 t’ra-

249 2062 352 2124 ter,
388 2056 656 2126 praedicto
688 2058 868 2115 nobili
893 2059 1010 2115 viro
1034 2064 1097 2114 ut
1117 2059 1444 2116 subsidium
1457 2058 1891 2126 administrent,

246 2142 519 2201 advolant
548 2145 815 2211 celerius,
851 2147 952 2202 viri
983 2148 1384 2204 strenuitatem
1408 2148 1803 2214 admirantes;
1837 2151 1896 2204 et

247 2231 477 2289 collatis
518 2234 736 2292 viribus
761 2237 1069 2306 irruentes,
1105 2237 1152 2291 si
1185 2236 1319 2307 quid
1354 2236 1546 2292 adhuc
1576 2241 1698 2290 erat
1717 2238 1893 2292 robo-

246 2321 346 2393 ris,
379 2326 640 2392 potenter
657 2324 1058 2396 confringunt,
1088 2329 1145 2380 et
1165 2329 1421 2396 stragem
1443 2341 1513 2380 ex
1541 2325 1625 2380 eis
1646 2339 1892 2396 operan-

242 2414 330 2465 tes
358 2409 752 2481 innumeram,
779 2428 926 2484 pene
955 2428 1139 2484 usque
1159 2413 1231 2468 ad
1263 2427 1466 2469 eorum
1509 2417 1703 2469 castra
1733 2414 1893 2470 inse-

245 2497 381 2555 ctati
411 2503 550 2555 sunt
587 2500 902 2571 fugientes.

856 2607 1088 2665 CAPUT
1127 2609 1270 2666 XIX.

243 2693 457 2751 Nostris
485 2695 894 2764 eoredicntihas
927 2713 1018 2754 ros
1064 2699 1133 2754 de
1161 2698 1413 2769 supernis
1454 2698 1796 2769 infunditur,
1831 2700 1889 2755 in

467 2783 571 2838 quo
599 2769 1032 2825 consolationem
1064 2775 1387 2841 receperunt
1415 2770 1664 2827 universi
1674 2813 1686 2825 .

272 2909 289 2920 ,
317 2852 540 2912 Accidit
569 2860 762 2913 autem
795 2858 855 2914 in
885 2858 1040 2914 exitu
1069 2862 1398 2916 nostrorum
1440 2859 1513 2915 ab
1563 2859 1704 2915 urbe
1760 2860 1892 2931 qui·

245 2942 380 2998 dam
416 2945 693 3003 memoria
714 2946 983 3020 dignum,
1015 2948 1195 3020 quod,
1228 2949 1370 3006 dum
1416 2953 1613 3006 essent
1666 2949 1726 3005 io
1758 2965 1889 3023 pro-

244 3033 464 3104 cinctu,
496 3043 548 3091 et
570 3036 694 3107 jam
712 3041 876 3093 extra
904 3042 1133 3109 portam
1166 3037 1320 3095 acies
1354 3038 1690 3111 dirigerent,
1715 3038 1892 3096 bosti-

1997 450 2211 507 debant
2238 454 2431 507 autem
2466 450 2643 523 gradu
2666 450 2840 520 lento,
2873 449 2950 506 ita
2973 456 3165 507 tamen
3197 454 3263 506 ut
3283 467 3399 507 non
3434 450 3652 522 permi-

1994 543 2291 595 scerentur
2357 538 2532 606 acies,
2592 553 2782 610 neque
2831 538 3067 594 ordines
3124 539 3651 597 confunderentur.

1996 628 2354 699 Factumque
2376 631 2465 683 est
2483 626 2690 682 divinae
2716 626 2954 683 virtutis
2981 626 3316 699 operatione
3338 627 3529 701 utqui
3556 627 3657 684 in-

1995 723 2082 772 tra
2113 717 2315 772 urbem
2346 715 2617 772 hostibus
2648 716 2971 787 pauciores,
3003 717 3110 773 imo
3150 731 3297 789 pene
3345 715 3495 772 nulli
3540 733 3652 774 eo-

1995 819 2128 860 rum
2177 805 2609 876 comparatione
2656 803 3046 872 crederentur,
3078 806 3165 861 tot
3193 807 3251 860 et
3299 804 3472 871 tanti,
3504 807 3656 876 quot

1996 896 2054 948 et
2079 893 2283 964 quanti
2315 898 2476 948 extra
2499 891 2724 959 urbem,
2751 897 2849 948 aut
2877 892 3077 965 plures
3107 894 3212 947 aut
3241 907 3358 949 non
3413 892 3652 964 paucio·

1997 996 2090 1038 res
2119 998 2248 1037 esse
2265 981 2613 1038 viderentur.
2646 979 2755 1045 Qui
2784 981 2940 1037 enim
2988 980 3245 1052 quinque
3291 997 3471 1053 panes
3520 985 3656 1054 post

1997 1070 2259 1143 quinque
2281 1071 2508 1127 milium
2540 1070 2812 1128 refectam
2836 1070 3087 1126 esuriem
3118 1070 3175 1125 ln
3225 1073 3450 1126 tantam
3487 1070 3657 1143 trag-

2000 1163 2331 1215 mentorum
2378 1160 2762 1231 quantitatem
2818 1158 2976 1214 novit
3045 1156 3208 1230 prius
3257 1157 3657 1230 multiplicare

1996 1247 2209 1318 (natta.
2241 1263 2359 1312 xiv,
2392 1247 2514 1317 17);
2547 1247 2701 1302 idem
2734 1245 3014 1318 populum
3064 1244 3176 1301 sibi
3224 1244 3642 1318 acceptabilem

1998 1341 2056 1393 et
2088 1341 2434 1393 sectatorem
2468 1335 2752 1391 bonorum
2806 1349 3070 1406 operum,
3114 1333 3186 1391 ad
3245 1334 3500 1391 nominis
3560 1333 3653 1391 sui

1998 1424 2263 1496 gloriam,
2296 1441 2410 1482 non
2433 1424 2685 1482 inferiori
2722 1422 3001 1480 miraculo
3024 1423 3202 1480 voluit
3218 1438 3451 1495 augere.
3471 1423 3657 1480 Erant

2001 1522 2195 1574 autem
2230 1515 2467 1572 immisti
2489 1514 2934 1586 procedentibus
2964 1513 3032 1569 ad
3069 1513 3349 1584 praelium,
3375 1514 3494 1570 Deo
3543 1513 3654 1569 de·

2000 1607 2116 1663 voti
2146 1605 2476 1662 sacerdotes
2497 1607 2555 1659 et
2584 1603 2765 1659 levitae
2795 1603 2964 1659 stolis
2994 1602 3195 1658 amicti
3216 1602 3387 1670 albis,
3416 1602 3652 1673 signum

2003 1694 2191 1752 crucis
2223 1693 2491 1750 mirabile
2520 1693 2841 1749 deserentes
2873 1693 2930 1747 in
2967 1692 3259 1748 manibus.
3292 1690 3402 1758 Qui
3434 1691 3653 1748 veroin

2004 1785 2145 1844 urbe
2177 1787 2581 1840 remanserant
2610 1798 2787 1855 super
2817 1799 3015 1839 muros
3046 1782 3447 1852 ascendentes,
3476 1781 3652 1838 vesti·

2003 1874 2114 1930 bus
2143 1873 2331 1929 induti
2362 1873 2843 1942 sacerdotalibus,
2865 1871 2925 1926 in
2959 1872 3231 1945 lacrymis
3279 1875 3337 1928 et
3387 1870 3652 1927 oratione

2000 1963 2748 2035 perseverantes,expansis
2795 1963 3072 2019 manibus
3110 1978 3216 2034 pro
3235 1962 3392 2019 fideli
3433 1962 3652 2035 populo

2001 2053 2129 2110 sine
2150 2052 2579 2109 intermissione
2597 2052 2846 2108 orabant
2878 2050 2951 2107 ad
2980 2050 3320 2120 Dominum,
3344 2055 3410 2107 ut
3439 2067 3651 2123 parce-

2002 2146 2091 2199 ret
2116 2141 2328 2214 populo
2361 2158 2487 2209 suo,
2522 2147 2579 2198 et
2602 2158 2673 2198 ne
2694 2141 2857 2198 daret
2882 2140 3155 2212 gentibus
3189 2140 3249 2197 in
3265 2140 3646 2213 opprobrium

2001 2230 2401 2288 haereditatem
2434 2247 2624 2287 suam.

2625 2335 2860 2394 CAPUT
2900 2335 3019 2394 XX.

2002 2444 2312 2516 Garbaqatk
2339 2462 2467 2502 suas
2521 2445 2753 2501 instruit
2799 2447 2942 2502 acin
2961 2464 2985 2512 ,·
3042 2453 3322 2515 paonatus
3370 2446 3641 2502 cominus.

2071 2517 2424 2574 Solimannus
2447 2534 2480 2572 a
2508 2520 2658 2587 ter-qo
2679 2519 2918 2583 irruens,
2950 2519 3125 2573 aciem
3154 2516 3471 2573 Boamundi
3513 2533 3647 2586 qra-

2073 2590 2489 2660 vitcr'opprimit
2500 2607 2519 2653 ,·
2538 2588 2875 2644 subveniant
2887 2590 3185 2661 principes.
3215 2589 3378 2644 Turci
3395 2588 3651 2660 deficien-

2073 2670 2153 2715 tes
2183 2662 2364 2731 ionem
2391 2659 2712 2729 subjiciunt,
2744 2664 2805 2716 ut
2830 2662 3053 2731 samam
3072 2658 3335 2716 excitent.

2074 2768 2297 2824 Interea
2327 2768 2593 2839 princeps
2633 2765 2889 2823 hostium
2951 2766 3239 2822 intellecto
3298 2770 3641 2824 nostrorum

1999 2872 2259 2930 egressu,
2292 2861 2416 2913 tum
2448 2872 2517 2912 ex
2546 2856 2713 2928 signo
2746 2857 2897 2928 quod
2933 2857 2990 2911 in
3013 2856 3283 2928 praesidio
3315 2857 3482 2914 urbis
3501 2871 3651 2914 con·-

2000 2950 2291 3020 spexerat,
2318 2951 2443 3003 tum
2465 2961 2541 3003 ex
2568 2961 2770 3004 eorum
2819 2945 3169 3003 relationum
3220 2945 3320 3018 qui
3361 2946 3433 3003 ab
3486 2961 3650 3020 egre-

1999 3037 2293 3094 dientibus
2322 3037 2529 3093 devicti
2560 3035 2928 3108 aufugerant,
2960 3036 3292 3092 convocatis
3320 3036 3653 3093 senioribus

251 3122 362 3180 bus
401 3124 498 3195 qui
545 3126 768 3181 aditum
817 3128 1137 3198 praepedire
1188 3132 1629 3199 proposuerant,
1681 3133 1892 3200 partim
1927 3123 1969 3190 C
2008 3127 2511 3197 etexpeditionum
2530 3124 3257 3197 primeceriis,jamincipit
3287 3123 3501 3183 habere
3545 3142 3647 3197 pro

253 3209 878 3284 interemptis,partim
909 3214 968 3270 in
1002 3215 1196 3287 fugam
1257 3215 1460 3282 versis,
1511 3232 1604 3272 ros
1654 3217 1891 3288 quidam

254 3299 639 3358 suavissimus
666 3301 937 3359 immistis
993 3304 1066 3359 de
1111 3305 1400 3376 supernis,
1453 3305 1734 3367 modicus.
1794 3306 1893 3362 sed

251 3388 648 3459 gratissimus,
679 3407 854 3463 super
879 3399 1139 3448 nostrum
1158 3394 1472 3450 exercitum
1496 3394 1798 3451 descendit
1814 3394 1898 3450 ita

248 3475 530 3548 placidus,
564 3485 628 3534 ut
657 3480 829 3550 quasi
861 3479 919 3535 in
952 3496 1018 3536 eo
1050 3482 1514 3539 benedictionem
1548 3488 1603 3538 et
1645 3485 1893 3555 gratiam

243 3581 412 3623 suam
441 3566 732 3625 videretur
760 3568 1007 3626 Domino
1030 3570 1335 3628 infudisse.
1362 3573 1707 3645 Quicunque
1736 3574 1892 3629 enim

239 3668 306 3710 eo
336 3653 525 3712 imbre
553 3657 784 3714 coelitus
805 3658 1071 3715 immisso
1102 3676 1457 3730 conspersus
1479 3666 1588 3731 est,
1651 3661 1732 3718 ita
1782 3660 1898 3732 ple-

243 3759 378 3800 nam
405 3745 618 3802 mentis
651 3750 707 3802 et
737 3748 1019 3820 corporis,
1053 3750 1308 3820 suscepit
1339 3750 1691 3806 bilaritatem
1715 3755 1773 3807 et
1803 3750 1897 3805 in-

237 3835 564 3904 tegritatem
597 3838 922 3907 sospitatis,
961 3841 1243 3909 tanquam
1280 3837 1426 3893 nihil
1460 3838 1702 3909 laboris,
1746 3837 1895 3895 nihil

243 3922 520 3979 molestias
550 3927 672 3980 tota
703 3924 804 3981 illa
820 3927 1185 3998 expeditione
1205 3942 1414 3998 passus
1444 3932 1601 3984 esset
1629 3948 1644 3997 ς
1671 3944 1775 3984 nec
1806 3944 1898 3985 so-

242 4006 361 4063 lum
384 4009 746 4078 bominibuS,
778 4030 976 4071 verum
1010 4017 1186 4072 etiam
1218 4016 1390 4087 equis
1421 4016 1581 4088 vigor
1612 4016 1895 4088 pristinus

242 4110 277 4150 a
306 4096 422 4153 Deo
454 4100 760 4157 restitutus
783 4107 872 4158 est
902 4102 1294 4175 inintegrum,
1331 4105 1512 4177 utqui
1547 4122 1648 4177 per
1680 4106 1895 4162 multes

246 4189 380 4239 ante
408 4186 532 4242 dies
552 4203 669 4243 non
700 4188 810 4243 nisi
842 4190 979 4246 folia
1008 4195 1064 4245 et
1093 4193 1335 4248 cortices
1367 4194 1641 4249 arborum
1673 4195 1893 4252 habue-

245 4276 372 4327 rant
403 4288 502 4341 pro
536 4273 767 4343 pabulo,
799 4276 1058 4334 hostium
1108 4294 1288 4351 equos
1336 4288 1390 4337 et
1435 4281 1651 4339 hordeo
1695 4288 1896 4355 pastos

244 4361 304 4414 et
333 4358 519 4431 palea,
552 4365 669 4418 tota
699 4362 798 4419 illa
826 4366 917 4423 die
936 4372 992 4422 et
1022 4368 1314 4425 celeritate
1336 4370 1631 4426 vincerent
1660 4379 1713 4427 et
1735 4372 1893 4429 labo-

2003 3216 2193 3284 seriis‚
2242 3232 2369 3285 quae
2418 3215 2582 3286 prius
2622 3212 2789 3286 quasi
2831 3213 3056 3269 ludicra
3124 3217 3489 3286 reputaverat
3519 3230 3535 3283 ;
3594 3218 3654 3271 et

2004 3319 2249 3375 quorum
2273 3305 2434 3375 prius
2464 3319 2629 3360 arma
2647 3307 2705 3359 et
2734 3302 3077 3359 tenuitatem
3091 3301 3382 3375 negligere
3409 3303 3647 3360 videba-

2002 3397 2121 3460 tur,
2145 3394 2271 3464 jam
2304 3392 2512 3464 incipit
2532 3392 2746 3448 babere
2777 3395 3069 3464 suspecta.
3104 3396 3181 3448 De
3201 3391 3500 3448 communi
3530 3391 3648 3466 igi·

2001 3486 2100 3539 tur
2129 3481 2390 3548 consilio,
2424 3480 2915 3540 Antiochenorum
2964 3484 3159 3538 tamen
3199 3481 3451 3538 maxime
3504 3498 3650 3539 usus

2002 3572 2375 3645 experientia,
2407 3572 2561 3628 acies
2591 3570 2846 3638 instruit,
2871 3569 3130 3641 disponit
3150 3570 3388 3642 agmina
3415 3587 3431 3639 3
3462 3573 3650 3643 etqui

2005 3662 2342 3732 praecedere,
2366 3660 2467 3732 qui
2498 3659 2771 3730 subsequi
2822 3660 3091 3730 debeant,
3152 3658 3411 3731 diligenti
3458 3660 3654 3717 studio

2003 3748 2331 3821 distinguit,
2362 3753 2420 3804 et
2448 3749 2642 3804 debila
2671 3748 2883 3819 digerit
2902 3748 3312 3805 sollicitudine.
3349 3750 3505 3805 Inter
3533 3764 3650 3805 οω-

2004 3842 2127 3896 tera
2158 3855 2289 3895 vero
2319 3842 2631 3910 antequam
2658 3839 2839 3895 nostri
2869 3838 3130 3895 universa
3160 3838 3311 3893 inter
3361 3839 3560 3895 urbem
3596 3844 3654 3895 et
3685 3850 3690 3856 ·

2005 3931 2233 3985 montes
2259 3932 2645 3999 occupassent
2673 3927 3043 3999 campestria,
3062 3927 3245 3982 aciem
3278 3942 3479 3995 unam,
3502 3927 3649 3984 viris

2005 4017 2392 4091 prudentibus
2417 4021 2474 4072 et
2496 4018 2746 4074 robustis
2768 4016 3078 4088 insignem,
3097 4017 3189 4074 cui
3217 4032 3466 4088 praeesse
3487 4016 3645 4073 dice-

2004 4107 2176 4164 batur
2197 4105 2540 4162 virillustris
2561 4106 2939 4161 solimannus
2958 4105 3324 4162 Nicaenorum
3348 4104 3644 4178 princeps,

2004 4196 2075 4252 de
2105 4211 2220 4269 quo
2245 4196 2513 4268 superius
2555 4194 2905 4252 mentionem
2957 4194 3201 4249 fecimus
3232 4193 3641 4266 soepissimam,

2002 4299 2200 4341 versus
2232 4300 2392 4341 mare
2421 4284 2642 4357 dirigit,
2673 4299 2739 4339 eo
2765 4282 2985 4339 intuitu
3020 4291 3100 4352 ut,
3143 4282 3354 4338 nostris
3393 4283 3638 4340 devictis

2004 4378 2061 4430 et
2089 4374 2385 4430 conversis
2406 4373 2466 4431 in
2498 4374 2710 4444 fugam,
2750 4371 3077 4429 volentibus
3107 4372 3179 4428 ad
3221 4385 3381 4428 mare
3410 4373 3646 4429 descen-

245 4448 324 4507 ris
373 4449 673 4522 patientia.
732 4453 916 4512 Tanta
965 4471 1100 4528 ergo
1156 4473 1223 4513 ex
1267 4457 1426 4514 illius
1470 4459 1890 4518 benedictionis
1921 4447 1966 4511 D
1998 4462 2315 4520 derevelin
2358 4464 2557 4520 urbem
2600 4462 2847 4536 ingredi,
2902 4461 2983 4518 illi
3016 4465 3411 4533 occurrerent,
3456 4465 3515 4519 et
3562 4461 3648 4518 ita

242 4555 369 4595 rore
398 4540 612 4597 nostris
643 4544 967 4615 legionibus
996 4547 1255 4603 victoriae
1287 4564 1422 4620 spes
1450 4556 1504 4605 et
1529 4549 1890 4608 fortitudinis

236 4627 425 4698 gratia
445 4629 752 4689 videbatur
781 4634 1086 4696 accessise.
1122 4641 1188 4692 ut
1218 4638 1291 4695 de
1320 4636 1403 4694 eis
1437 4638 1732 4695 videretur
1761 4656 1889 4697 esse

236 4717 457 4776 dictum
486 4736 500 4775 :
535 4721 792 4780 Pluviam
819 4725 1083 4782 voluntar-
1096 4728 1532 4801 iamseqreqabit
1554 4730 1690 4784 Deus
1717 4729 1890 4788 haere-

235 4806 402 4864 ditati
426 4812 929 4881 suae(Psat.1.xv11,
965 4815 1161 4886 10),et
1205 4816 1454 4886 Spiritus
1512 4818 1698 4874 sancti
1759 4833 1887 4887 gra-

240 4894 384 4951 tiam
407 4900 711 4957 manil'este
732 4917 794 4958 se
827 4919 940 4959 non
972 4904 1306 4962 dubitarent
1325 4908 1635 4978 accepisse.
1654 4907 1891 4964 Eductis

247 4991 440 5039 autem
473 4992 632 5042 extra
664 4990 862 5047 urbem
896 4991 1246 5065 legionibus,
1271 4994 1588 5051 decernunt
1615 5012 1743 5052 esse
1774 4998 1889 5053 uti·

244 5070 364 5129 lius
395 5088 598 5132 versus
629 5085 902 5135 montana
932 5082 1087 5138 acies
1116 5081 1388 5155 dirigere,
1423 5100 1549 5155 quse
1580 5085 1652 5141 ab
1682 5085 1887 5143 eadem

245 5161 389 5218 urbe
410 5163 579 5235 quasi
610 5164 903 5223 distabant
922 5169 1153 5225 duabus
1183 5172 1538 5229 milliaribus
1570 5177 1628 5229 et
1655 5173 1735 5229 ita
1757 5174 1889 5229 uni-

240 5265 470 5308 versam
493 5269 777 5327 occupare
805 5256 1126 5328 planitiem,
1159 5276 1231 5316 ne
1268 5261 1410 5317 sorte
1462 5262 1659 5319 hostes
1688 5261 1893 5319 infini-

241 5344 327 5393 tas
358 5337 637 5398 habentes
653 5346 851 5416 copias
875 5345 1146 5404 intereos
1166 5351 1224 5405 et
1246 5351 1446 5407 urbem
1472 5351 1623 5408 elam
1641 5351 1727 5408 vel
1767 5352 1888 5409 vio·

236 5421 424 5483 lenter
452 5436 847 5503 transeuntes,
871 5436 1040 5493 sicuti
1104 5437 1292 5496 faeere
1353 5446 1778 5500 consueverant
1828 5445 1888 5499 in

241 5513 483 5586 preliis,
517 5525 749 5580 nostros
779 5530 1013 5596 possent
1044 5541 1114 5583 ex
1146 5528 1309 5584 omni
1338 5533 1504 5600 parte
1559 5531 1798 5594 vallare.
1829 5535 1889 5589 st

1999 4553 2149 4609 inter
2179 4553 2423 4610 molares
2451 4551 2616 4618 duos,
2648 4550 2914 4608 videlicet
2942 4551 3093 4608 inter
3129 4551 3558 4624 subsequentes
3580 4555 3644 4608 et

1998 4646 2367 4698 occurrentes
2395 4658 2427 4696 a
2482 4640 2687 4707 fronte,
2740 4641 2838 4696 Dei
2914 4640 3167 4713 populus
3221 4642 3641 4697 contereretur.

2000 4731 2269 4802 Reliquas
2290 4746 2359 4786 au
2373 4733 2487 4785 tem
2519 4746 2551 4785 a
2572 4730 2784 4786 dextris
2816 4730 3012 4787 locans
3039 4733 3097 4785 et
3137 4746 3171 4785 a
3203 4728 3482 4800 sinistris,
3531 4730 3646 4788 sub

1997 4818 2246 4891 singulis
2276 4818 2658 4890 principibus,
2691 4819 2801 4875 sub
2831 4820 3074 4875 obtentu
3105 4818 3306 4891 gratiae
3358 4834 3499 4889 suas,
3550 4819 3648 4875 di-

1998 4908 2197 4963 stricte
2219 4908 2497 4979 praecipit,
2530 4916 2792 4981 quatenus
2818 4910 3073 4980 pristine,
3101 4908 3323 4964 virtutis
3356 4922 3650 4978 memores,

1997 4998 2215 5051 strenue
2241 5002 2297 5050 et
2327 4995 2563 5052 viriliter
2606 4995 2891 5052 decertare
2942 4993 3299 5064 contendant,
3365 4994 3643 5063 [rivolum

1998 5090 2317 5156 reputantes
2355 5085 2622 5158 quidquid
2670 5089 2789 5141 tam
2841 5083 3080 5141 imbellis
3138 5082 3394 5155 populus,
3449 5083 3649 5155 vulqus

1994 5174 2339 5248 famelicum,
2392 5176 2544 5246 plebs
2600 5175 2829 5231 inermis
2878 5179 2929 5231 ct
2976 5173 3313 5244 inconsulta,
3367 5172 3655 5230 niteretur

1995 5265 2203 5322 moliri.
2237 5266 2527 5336 Occupata
2555 5264 2735 5335 igitur
2765 5264 3044 5321 universa
3100 5261 3367 5336 planitie,
3397 5265 3455 5318 et
3509 5279 3652 5335 pro-

1995 5354 2150 5411 visos
2171 5353 2508 5427 diligentius
2531 5369 2601 5409 ne
2618 5353 2687 5409 ab
2713 5351 2982 5409 hostibus
2998 5356 3234 5422 possent
3250 5350 3639 5422 circumdari,

1996 5445 2370 5500 monentibus
2399 5441 3123 5515 lituis,etpraecedentibus
3154 5440 3648 5513 legionumvoxil-

1994 5531 2196 5603 literis,
2230 5532 2415 5591 nostri
2444 5548 2644 5591 versus
2668 5532 2824 5591 acies
2854 5532 3113 5590 bostium
3161 5528 3459 5603 gradatim
3509 5546 3645 5603 pro-
