3784 6000
299 198 405 255 867

301 414 467 487 quod
493 430 565 470 ex
598 416 848 486 utroque
876 413 1133 468 exercitu
1170 426 1287 467 non
1318 410 1630 483 pauciores
1660 407 1954 465 caumatis

302 501 1104 572 cecideruntimportunitate
1132 515 1317 572 quarn
1346 498 1566 569 gladio.
1598 498 1680 554 De
1700 511 1954 553 numero

301 598 502 649 autem
532 592 1025 664 interemptorum
1054 588 1341 657 hostium,
1363 587 1510 644 nihil
1530 593 1758 645 certum
1789 586 1956 643 oolli-

299 696 437 754 gere
460 681 764 752 potuimus
790 694 804 745 ;
836 694 1005 748 nam,
1029 683 1090 733 ut
1108 693 1358 734 suorum
1383 692 1595 734 casum
1620 676 1840 733 nostris
1857 691 1955 732 oc·

300 769 614 835 cultarent,
636 784 738 825 eos
762 767 947 840 quiin
976 767 1103 823 acie
1124 766 1478 832 ceciderant,
1503 781 1707 824 secum
1739 767 1952 836 depor-

301 859 509 914 tabant
536 876 551 926 ;
582 873 737 931 quos
767 857 1034 929 sequenti
1067 862 1242 912 nocte
1273 856 1331 911 in
1364 855 1572 912 castris
1612 854 1840 911 occulte
1867 868 1955 909 se·

297 946 609 1019 pelierunt,
635 962 709 1003 ne
726 962 934 1002 eorum
967 944 1378 1001 manifestatus
1404 944 1695 1009 interitus,
1714 946 1953 1000 nostros

296 1035 571 1093 redderet
594 1035 885 1093 fortiores.
924 1035 1181 1091 Dicimus
1212 1039 1431 1101 tamen,
1466 1039 1718 1106 utroque
1748 1046 1955 1105 supra·

296 1124 457 1183 dicto
488 1141 656 1191 casu,
688 1123 763 1181 de
794 1123 880 1180 eis
927 1123 1105 1196 quasi
1150 1123 1228 1180 ad
1269 1123 1426 1179 mille
1464 1122 1772 1179 cecidisse.
1824 1123 1954 1188 Quo

295 1214 476 1280 facto,
497 1215 707 1270 videns
731 1213 1147 1279 SalahadinuS,
1172 1214 1337 1284 quod
1362 1216 1756 1285 praeterspem
1781 1212 1831 1268 ei
1854 1227 1956 1269 ac-

296 1304 542 1373 ciderat,
567 1308 624 1359 et
641 1302 805 1375 quod
829 1302 1120 1367 duriores,
1143 1318 1327 1374 quam
1354 1301 1844 1358 essetarbitratus
1867 1302 1956 1358 in·

297 1393 559 1449 venisset
581 1392 977 1458 adversarios,
999 1390 1310 1455 contusus,
1337 1389 1582 1447 transito
1598 1391 1809 1447 iterum
1824 1392 1956 1447 Jor-

298 1480 477 1545 dane,
504 1497 783 1538 reversus
804 1481 989 1537 estad
1008 1480 1274 1553 propria,
1298 1480 1359 1535 in
1380 1479 1594 1536 eodem
1616 1479 1770 1545 loco,
1793 1480 1953 1536 unde

297 1586 583 1642 egressus
605 1569 817 1636 fuerat,
844 1571 956 1626 den
969 1585 1044 1627 uo
1073 1574 1548 1627 castrametatus.
1571 1569 1766 1625 Nostri
1788 1584 1949 1637 ver0,

1418 192 1811 253 GUILLELMI
1848 168 2208 249 TYREN'sis
2249 186 2614 251 Another.

300 340 409 399 per
422 338 527 383 eos
544 325 668 383 dies
685 326 898 398 praeter
922 321 1157 379 solitum
1185 320 1289 378 fuit
1311 319 1526 377 caloris
1551 318 1951 389 inclementia,
1987 320 2034 377 A
2063 317 2216 375 illius
2241 324 2599 394 conceptum
2632 324 2689 376 et
2739 318 3011 377 mandati
3061 318 3346 379 formam.
3371 322 3530 379 Nam
3571 320 3714 381 infra
3771 286 3784 419 ἢ

3783 100 3784 115 l

3771 122 3784 139 -J

3537 190 3542 195 .
3612 190 3667 255 ΕΕ
3779 178 3784 197 l

3781 272 3784 283 ι

2063 423 2290 481 paucos
2306 409 2433 465 dies
2463 413 2520 466 et
2542 408 2749 466 classis
2775 409 3022 468 navium
3052 413 3448 467 rostratarum
3485 408 3715 483 triginta
3781 422 3784 455 ⁴

2064 498 2231 570 iuxta
2259 498 2600 557 condictum
2622 497 2820 556 adfuit
2849 516 2864 567 ;
2897 502 2955 555 et
2974 496 3149 567 frater
3168 513 3325 571 quas
3349 498 3412 556 in
3441 498 3714 559 universa

2061 591 2317 661 AEgypto
2339 588 2685 645 contrahere
2715 587 2927 660 potuit,
2962 587 3121 644 eirca
3135 588 3362 647 Darum
3391 587 3712 649 introduxit

2061 676 2283 748 copias.
2324 676 2452 750 Ipse
2479 682 2677 734 autem
2737 680 2802 733 ut
2833 676 3191 734 adveniente
3231 677 3427 735 classe
3458 676 3710 751 paratior

2060 765 2519 831 inveniretur,in
2543 782 2679 823 eam
2708 765 3016 838 regionem
3044 781 3181 840 quae
3202 766 3432 838 vulgari
3458 767 3712 841 appella-

2063 854 2221 913 tione
2250 855 2465 912 dicitur
2485 854 2657 912 vallis
2687 855 2896 917 Bacar.
2913 855 3324 928 expeditiones
3343 855 3710 930 dirigincoa·

2062 944 2277 1003 stitutis
2296 944 2769 1017 exploratoribus
2799 960 2980 1018 super
2999 949 3234 1002 montes
3253 945 3388 1003 illos
3415 946 3530 1020 qui
3543 948 3708 1005 medii

2062 1038 2202 1090 sunt
2255 1034 2408 1092 inter
2448 1033 2756 1107 regionem
2796 1034 3142 1106 proedictam
3184 1039 3241 1092 et
3268 1050 3494 1107 agrum
3550 1036 3709 1110 Bery-

2064 1122 2386 1188 thensium,
2408 1123 2468 1180 in
2482 1139 2647 1181 mare
2661 1123 3206 1197 prominentes,qui
3230 1123 3306 1181 de
3338 1125 3609 1183 adventu
3619 1140 3709 1197 ga·

2062 1208 2289 1267 learum
2307 1212 2505 1284 ipsum
2523 1212 2841 1269 redderent
2861 1212 3329 1270 instructiorem.
3349 1212 3480 1285 Ipse
3493 1220 3704 1281 autem,

2063 1299 2178 1355 hoc
2200 1299 2531 1367 intervallo,
2559 1316 2633 1357 ex
2657 1300 2802 1359 locis
2819 1299 3242 1373 adjacentibus
3256 1300 3561 1372 pedestria
3581 1318 3704 1361 con·

2063 1391 2312 1446 vocabat
2335 1389 2578 1455 auxilia,
2605 1394 2662 1446 et
2675 1405 2812 1463 qum
2831 1389 2910 1447 ad
2935 1389 3197 1447 futuram
3219 1389 3606 1449 obsidionem
3625 1408 3706 1449 ar-

2061 1476 2392 1534 bitrabatur
2437 1479 2776 1535 necessaria
2823 1477 3116 1537 sollicitus
3162 1478 3560 1552 procurabat.
3603 1483 3708 1539 Neo

2063 1583 2251 1634 mora,
2278 1567 2441 1624 circa
2470 1567 2820 1640 Augustales
2865 1566 2993 1625 Kal.
3026 1568 3348 1640 smpedicta
3388 1568 3604 1627 classis
3653 1571 3709 1627 in

3779 478 3784 541 ι’

297 1660 589 1717 revocatis
607 1659 971 1730 agminibuS,
1002 1659 1075 1715 ad
1103 1659 1329 1715 fontem
1350 1657 1766 1725 seforitanum,
1794 1659 1952 1715 unde
1984 1668 2027 1723 Β
2058 1655 2248 1712 littore
2280 1654 2512 1729 appulit
2539 1655 2986 1728 Berythensium
3010 1656 3206 1729 ;quod
3232 1660 3296 1715 ut
3316 1657 3710 1731 pradictoSa-
3781 1662 3784 1729 l

2061 1744 2368 1814 lahadino,
2399 1760 2504 1817 per
2532 1744 2851 1817 deputatos
2877 1745 2954 1802 ad
2968 1745 3454 1817 hocspecialiter,
3485 1747 3710 1805 nuntia·
3783 1754 3784 1807 ζ

299 1749 466 1822 prius
485 1749 706 1819 egressi
739 1747 990 1814 fuerant,
1022 1748 1236 1804 reversi
1268 1746 1796 1815 sunt-Quoitinere
1823 1748 1950 1821 qui-

296 1838 462 1895 dam.
496 1837 794 1894 Dominici
827 1836 1090 1909 Sepulcri
1120 1837 1464 1904 canonicus,
1496 1836 1823 1893 Balduinus
1852 1853 1954 1893 no·

296 1927 478 1992 mine,
529 1927 791 1983 ecclesias
830 1925 1100 2000 ejusdem
1150 1926 1556 1982 thesaurarius
1600 1930 1656 1982 et
1704 1926 1952 1983 vivificoe

295 2015 489 2072 erucis
537 2014 798 2086 bajulus,
839 2014 1051 2071 caloris
1081 2014 1546 2071 immensitatem
1577 2030 1699 2071 non
1732 2016 1948 2083 serens,

294 2102 531 2161 delatus
552 2104 613 2160 in
644 2104 870 2169 lectica,
897 2103 1226 2159 submonte
1247 2103 1509 2170 Thabor,
1531 2105 1705 2174 juxta
1726 2111 1952 2161 torren-

294 2197 415 2249 tem
434 2194 652 2265 Cyson,
676 2193 1018 2265 exspiravit.
1044 2193 1155 2249 Sed
1174 2197 1230 2248 et
1249 2192 1396 2248 alter
1410 2193 1659 2264 quidam
1677 2194 1951 2265 ejusdem

292 2282 560 2340 ecclesioe
583 2281 767 2339 frater
792 2287 849 2338 et
873 2282 1217 2347 canonicus,
1242 2281 1567 2340 Gaul'ridus
1589 2282 1855 2341 videlicet
1875 2285 1950 2342 de

292 2372 459 2429 Novo
488 2372 640 2441 vicO,
661 2371 764 2444 qui
797 2371 1085 2443 praedicto
1110 2371 1393 2426 Batduino
1420 2371 1477 2427 in
1509 2387 1580 2428 eo
1607 2372 1814 2429 itinere
1844 2374 1948 2430 de-

293 2464 535 2533 putatus
568 2466 692 2516 erat
720 2459 799 2515 ad
828 2458 1124 2524 solatium,
1156 2459 1305 2515 dum
1336 2459 1546 2516 alienis
1580 2462 1808 2535 rapitur
1833 2468 1950 2518 stu-

291 2548 424 2615 diis,
452 2549 509 2604 in
541 2547 829 2621 praedicto
860 2548 1137 2603 conflicta
1178 2549 1392 2617 sagitta
1429 2550 1744 2606 confossus
1773 2551 1950 2609 inter-

288 2634 359 2692 iit
383 2652 397 2702 ;
437 2636 685 2706 monum
714 2642 797 2693 est
822 2636 1000 2704 enim,
1023 2643 1086 2691 ut
1107 2637 1207 2706 qui
1224 2636 1495 2706 alodium
1517 2639 1755 2708 accipit,
1774 2639 1949 2711 juxta

289 2724 544 2782 verbum
571 2725 830 2792 Domini,
853 2724 1059 2796 alodio
1084 2725 1291 2782 debeat
1311 2728 1508 2795 perire
1529 2726 1759 2799 (Metili.
1783 2745 1944 2797 xxvi,

290 2814 398 2886 52).

912 2904 1133 2960 CAPUT
1171 2905 1327 2960 XVII.

288 2990 449 3049 Idem
507 2992 696 3051 classe
744 2997 952 3050 vocata
994 3008 1070 3049 ex
1124 2993 1424 3064 AE'qypto,
1464 2994 1671 3052 urbem
1721 2994 2019 3078 obsidete

868 3065 1347 3134 Ber-ymensmm.

363 3170 618 3228 Domino
649 3171 824 3243 igitur
854 3186 987 3244 rege
1017 3187 1154 3227 cum
1186 3172 1313 3228 suis
1345 3172 1822 3245 expeditionibus
1864 3176 1945 3232 acl

286 3258 489 3317 locum
521 3260 937 3333 supradictum
966 3276 1219 3327 reverso,
1248 3260 1649 3319 Salahadinus
1680 3278 1835 3335 aegre
1866 3264 1945 3320 fe-

285 3363 424 3406 rens
453 3349 730 3415 nimium,
771 3350 936 3422 quod
968 3350 1044 3406 ita
1075 3350 1203 3420 ejus
1250 3356 1306 3407 et
1341 3366 1587 3408 suorum
1616 3359 1942 3411 evacuatus

285 3442 730 3504 essetconatus,
756 3439 965 3494 iterum
990 3444 1281 3495 convocat
1307 3439 1513 3511 copias
1541 3457 1555 3507 ;
1581 3441 1794 3498 iterum
1816 3459 1945 3499 om-

284 3527 387 3584 nia
431 3528 721 3601 percurrit
748 3534 1246 3598 argumentorum
1286 3543 1528 3601 genera,
1579 3532 1755 3588 anxie
1802 3548 1941 3588 cum

283 3618 409 3673 suis
439 3617 798 3682 deliberanS,
831 3616 1141 3688 quomodo
1181 3618 1392 3673 iterum
1428 3620 1647 3675 nostris
1678 3621 1944 3678 recidiva

283 3706 713 3780 possetinIerre
726 3707 1103 3776 gravamina.
1123 3706 1345 3763 videus
1363 3714 1565 3764 autem
1579 3710 1746 3781 quod
1778 3710 1944 3767 nulla

282 3795 379 3851 via
411 3796 793 3852 commodius
835 3799 1066 3851 nostros
1121 3800 1318 3867 posset
1349 3798 1710 3868 opprimere,
1753 3814 1939 3869 quam

281 3883 331 3941 si
369 3900 441 3941 ex
485 3884 759 3955 pluribus
798 3885 1071 3957 partibus
1118 3890 1357 3940 nostros
1409 3890 1723 3943 attentaret
1761 3888 1941 3945 mole·

280 3977 456 4040 stare,
490 3973 657 4030 fratri
688 3988 871 4046 quem
902 3989 1154 4029 suorum
1187 3979 1638 4045 procuratorem
1669 3978 1940 4048 negotio-

280 4078 416 4119 rum
447 4061 767 4135 reliquerat
797 4063 852 4117 in
886 4063 1405 4134 AEgyptomandat
1437 4063 1777 4121 etdistricte
1791 4083 1941 4139 prae·

281 4151 442 4224 cipit,
471 4156 769 4222 quatenus
811 4151 927 4206 sub
957 4150 1253 4207 celeritate
1283 4152 1535 4208 classem
1563 4154 1642 4210 ab
1683 4154 1938 4213 Alexan·

279 4239 411 4296 dria
435 4244 492 4294 et
518 4240 795 4294 universa
816 4238 1070 4310 AEgypto
1100 4239 1315 4309 dirigat
1340 4240 1398 4296 in
1429 4241 1687 4314 Syriam,
1714 4244 1934 4316 signifi·

279 4342 425 4385 cans
453 4327 507 4382 ei
536 4327 936 4399 propositum,
966 4327 1129 4398 quod
1166 4327 1225 4383 in
1266 4330 1420 4384 votis
1445 4330 1711 4400 haberet,
1742 4332 1934 4391 classe

275 4419 537 4488 recepta,
566 4415 1022 4489 Berythensium
1047 4416 1417 4482 urbem,tam
1447 4434 1551 4490 per
1566 4434 1729 4478 mare
1745 4438 1932 4495 quam

278 4519 387 4579 per
418 4509 605 4562 terras
621 4504 938 4561 obsidione
964 4505 1185 4562 vallare
1202 4522 1216 4572 ;
1235 4512 1375 4563 etne
1393 4508 1556 4579 regni
1572 4510 1831 4582 populus
1853 4511 1932 4569 ad

278 4598 408 4666 ejus
456 4594 872 4652 liberationem
905 4611 1043 4652 cum
1071 4610 1208 4666 rege
1238 4602 1445 4667 posset
1468 4598 1820 4666 accelerare,
1852 4602 1931 4658 ei·

276 4684 417 4742 dem
447 4684 717 4757 praecipit
738 4687 820 4751 ut,
847 4683 1108 4741 collectis
1138 4685 1407 4757 equitum
1439 4686 1684 4753 viribus,
1712 4704 1847 4761 quoe
1866 4690 1929 4745 in

277 4774 531 4847 AEgypto
556 4778 722 4831 erant
748 4773 1021 4841 residuas,
1045 4774 1175 4846 ipse
1205 4774 1384 4831 etiam
1405 4777 1483 4832 ab
1513 4782 1716 4834 austro
1736 4780 1930 4850 ingre-

275 4863 468 4933 diens,
499 4878 744 4921 omnem
780 4863 935 4920 circa
956 4862 1200 4930 Gazam,
1224 4869 1278 4921 et
1314 4866 1693 4933 Ascalonam,
1733 4874 1789 4926 et
1812 4868 1928 4925 Da-

272 4968 432 5020 rum‚
480 4969 617 5026 quae
657 4958 797 5008 sunt
849 4952 1017 5023 regni
1070 4952 1256 5008 nostri
1297 4954 1525 5026 oppida
1571 4956 1923 5025 novissima,

272 5041 682 5115 Egyptiacam
708 5043 1091 5114 respicientes
1131 5042 1460 5109 dioecesim,
1494 5045 1800 5115 regionem
1829 5048 1926 5103 de-

272 5130 673 5204 populaturus
704 5131 1091 5201 ingrediatur.
1136 5134 1270 5188 Hoec
1301 5138 1503 5189 autem
1533 5148 1605 5189 eo
1636 5135 1927 5193 tractabat

273 5221 492 5286 studio,
532 5229 593 5278 ut
620 5221 767 5276 dum
796 5220 962 5290 regni
1004 5235 1144 5293 pars
1176 5220 1288 5277 illis
1316 5221 1421 5293 qui
1454 5223 1532 5279 ab
1560 5223 1819 5297 AEgypto
1847 5225 1930 5281 ir-

272 5315 641 5384 rumperent,
670 5313 965 5366 tentarent
986 5324 1321 5380 occurrere,
1351 5310 1670 5368 debilitatis
1697 5314 1924 5370 caeteris

272 5402 332 5456 et
359 5398 530 5457 iactis
558 5398 960 5473 paucioribus,
991 5397 1119 5471 ipse
1146 5399 1358 5456 urbem
1388 5400 1700 5459 obsessam
1727 5403 1926 5459 acrius

273 5489 331 5546 et
360 5486 606 5546 liberius
617 5489 1022 5562 impugnaret.
1034 5489 1402 5563 Factumque
1414 5493 1503 5548 est
1524 5490 1699 5563 iuxta
1710 5491 1927 5551 mentis

2061 1840 2190 1890 tum
2201 1834 2728 1905 estexploratores‚
2755 1834 2909 1890 illico
2924 1835 3053 1891 sine
3067 1850 3256 1901 mora,
3271 1836 3580 1908 superat}
3593 1852 3710 1895 me-

2060 1922 2173 1978 diis
2203 1923 2531 1989 montibuS,
2579 1922 2655 1979 de
2693 1922 2916 1995 quibus
2943 1923 3368 1996 proemisimus,
3403 1925 3718 1985 universas
3783 1998 3784 2013 χ

2062 2012 2468 2084 expeditiones
2493 2028 2636 2068 suas
2661 2011 2901 2068 demisit
2929 2012 2985 2068 in
3004 2013 3396 2085 campestria;
3425 2020 3486 2071 et
3507 2014 3714 2075 urbem

2062 2116 2220 2174 saepe
2241 2100 2635 2166 nominatam,
2656 2106 2833 2173 prout
2856 2100 2961 2157 diu
2991 2106 3128 2158 ante
3154 2101 3585 2169 destinaverat,
3613 2120 3712 2161 un·

2063 2189 2245 2263 dique
2267 2189 2447 2247 vallat
2461 2188 2801 2246 obsidione.
2817 2190 3043 2246 Nostris
3060 2195 3261 2247 autem
3279 2191 3385 2264 qui
3401 2191 3482 2248 ad
3499 2192 3714 2265 Sepho·

2062 2295 2194 2336 rum
2232 2280 2293 2335 in
2320 2279 2529 2337 castris
2555 2284 2740 2350 erant,
2778 2280 2978 2336 varius
3005 2279 3079 2335 de
3120 2280 3473 2338 salahadini
3502 2297 3712 2354 propo·

2060 2369 2172 2425 sito
2204 2384 2413 2427 rumor,
2436 2366 2759 2433 ferebatur,
2786 2367 3121 2424 dicentibus
3147 2368 3279 2425 aliis
3298 2368 3468 2442 quod
3507 2368 3708 2427 urbem

2059 2458 2513 2530 Berythensium
2536 2456 2689 2513 sicut
2713 2471 2822 2529 pro
2870 2461 3030 2514 certo
3068 2459 3276 2531 patuit,
3305 2458 3590 2516 obsidere
3617 2459 3708 2516 de-

2058 2548 2331 2603 crevisset
2365 2564 2380 2614 ;
2436 2545 2568 2602 aliis
2614 2561 2754 2602 vero
2796 2546 3302 2615 asseverantibus,
3348 2549 3521 2621 quod
3557 2548 3708 2607 circa

2057 2634 2448 2693 obtinendam
2464 2635 2797 2708 Halapiam,
2815 2639 2934 2692 tota
2946 2636 3077 2706 eJ'us
3092 2635 3415 2694 anhelabat
3435 2638 3703 2707 intentio;

2057 2724 2363 2781 nonnullis
2376 2724 2549 2780 etiam
2566 2723 2969 2781 astruentibus
2979 2724 3141 2798 quod
3154 2725 3703 2794 dominoltussuloe,

2059 2813 2381 2885 magnifico
2411 2818 2469 2869 et
2495 2812 2724 2886 potenti
2753 2816 3079 2871 Turcorum
3122 2819 3401 2888 satrapae,
3435 2816 3542 2890 qui
3585 2816 3706 2890 ejus

2054 2903 2338 2976 quaedam
2354 2902 2581 2975 oppida
2606 2902 2765 2958 circa
2789 2902 3150 2976 Euphratem
3162 2903 3447 2962 obsidere
3473 2905 3705 2963 diceba-

2056 2997 2170 3060 tur,
2204 2992 2468 3051 tentabat
2488 3008 2819 3050 occurrere.
2839 2992 3076 3058 Verum,
3091 2993 3237 3050 dum
3251 2992 3350 3051 hic
3362 3011 3566 3054 sermo
3588 3000 3704 3054 tam

2055 3082 2277 3139 dubius
2304 3084 2364 3140 in
2391 3083 2598 3139 castris
2629 3082 3193 3153 verteretur,'adl'uit
3222 3085 3496 3153 nuntius,
3541 3084 3704 3143 verbi

2054 3171 2510 3243 ambiguitatem
2547 3171 2855 3238 dirimens,
2883 3172 2986 3244 qui
3013 3174 3221 3229 urbem
3246 3172 3702 3247 Berythensium

2054 3262 2262 3335 procul
2283 3262 2449 3318 omni
2475 3261 2656 3318 dubio
2677 3260 2982 3318 asserebat
3008 3261 3345 3320 obsessam.
3377 3263 3588 3322 Adfuit
3616 3265 3704 3322 ni·

2052 3349 2377 3407 hilominus
2403 3356 2459 3406 et
2487 3368 2525 3408 a
2555 3357 2719 3424 parte
2741 3350 3268 3419 australinuntius,
3297 3353 3401 3424 qui
3432 3353 3700 3425 ejusdem

2055 3439 2398 3498 Salahadini
2431 3439 2694 3505 tratrem,
2724 3456 2862 3496 cum
2921 3440 3271 3512 ingentibus
3306 3442 3519 3514 copiis,
3557 3442 3704 3501 fines

2052 3535 2291 3586 nostros
2318 3529 2473 3586 circa
2500 3532 2717 3586 Darum
2740 3529 3056 3592 invasisse,
3086 3531 3395 3600 ettriginta
3421 3548 3528 3588 sex
3559 3532 3702 3590 levis

2053 3623 2375 3675 armaturoe
2407 3618 2639 3685 milites,
2677 3634 2831 3690 quos
2861 3618 3227 3691 Turcopulos
3257 3622 3589 3693 appellant,
3619 3624 3706 3680 in·

2053 3707 2371 3774 terfecisse,
2391 3714 2446 3763 et
2475 3708 2760 3779 quasdam
2791 3708 3542 3769 succendissesuburbana
3557 3727 3706 3770 nun·

2052 3796 2222 3852 tiaret
2259 3810 2369 3867 pro
2405 3801 2582 3852 certo.
2611 3793 2740 3863 Quo
2793 3801 3123 3867 comperto,
3167 3812 3270 3853 rex
3321 3797 3530 3856 habita
3567 3816 3704 3857 cum

2049 3883 2419 3956 principibus
2435 3882 2884 3952 deliberatione,
2899 3883 3057 3954 eligit
3070 3884 3284 3941 morbo
3296 3886 3708 3958 periculosiori

2047 3976 2440 4038 occurrere,et
2456 3971 2664 4028 urbem
2681 3971 2994 4029 obsessam
3007 3972 3085 4030 ab
3101 3973 3413 4045 ingruente
3430 3975 3704 4034 molestia

2046 4060 2301 4118 liberare
2327 4079 2346 4133 3
2373 4076 2513 4116 nam
2533 4060 2587 4116 ei
2613 4077 2736 4117 suae
2770 4061 3042 4117 snt'licere
3071 4077 3192 4118 non
3225 4062 3593 4122 videbantur
3611 4081 3705 4124 co·

2048 4150 2180 4224 piae,
2235 4154 2299 4207 ut
2345 4156 2663 4222 utrumque
2694 4150 2927 4206 hostem
2977 4166 3014 4206 a
3046 4151 3170 4207 suis
3212 4150 3435 4210 finibus
3484 4153 3704 4213 eodem

2047 4246 2354 4298 momento
2386 4245 2587 4313 posset
2603 4256 2824 4296 arcere.

2648 4347 2875 4405 CAPUT
2907 4351 3091 4406 XVlll.

2041 4441 2170 4497 Rex
2198 4439 2280 4497 ad
2306 4440 2434 4509 ejtes
2458 4437 2865 4495 liberationem
2893 4453 3239 4508 properans,
3265 4453 3454 4511 usque
3475 4440 3702 4512 Tyrum

2184 4510 2478 4581 pervenit.
2518 4509 2930 4566 salahadinus
2955 4510 3310 4568 obsidionem
3348 4512 3553 4569 solvit.

2108 4599 2460 4658 Convocatis
2490 4597 3156 4670 igiturexpeditionibus
3172 4603 3229 4656 et
3255 4600 3548 4658 translato
3572 4602 3699 4660 uni·

2039 4706 2211 4747 verso
2241 4689 2520 4754 exercitu,
2547 4703 2651 4743 rex
2670 4702 2859 4760 usque
2878 4689 3091 4760 Tyrum
3107 4689 3397 4759 pervenit.
3425 4691 3696 4749 Classem

2037 4794 2281 4853 quoque
2314 4776 2700 4834 nihilominus
2729 4791 2915 4850 quam
2948 4784 3071 4832 tum
3102 4777 3162 4832 in
3187 4780 3538 4846 Acconensi,
3571 4787 3698 4839 tum

2036 4868 2096 4924 in
2121 4867 2366 4940 Tyrensi
2406 4871 2580 4938 portu
2611 4866 2826 4937 reperit
2855 4867 3051 4938 parari
3082 4866 3464 4939 proecipiens,
3495 4868 3697 4928 subito

2035 4962 2091 5014 et
2129 4961 2344 5028 praeter
2372 4971 2541 5027 spem
2563 4956 2857 5021 omnium,
2892 4956 3047 5013 intra
3067 4955 3193 5012 dies
3217 4962 3469 5028 septem,
3490 4974 3692 5017 arma-

2037 5051 2158 5104 tam
2187 5046 2433 5118 optime‚
2467 5050 2525 5100 et
2547 5044 2685 5100 viris
2717 5045 2969 5102 fortibus
2996 5046 3350 5102 instructam
3381 5047 3692 5117 galearum

2037 5136 2280 5206 triginta
2310 5134 2489 5191 trium
2507 5133 2828 5191 ordinavit.
2853 5134 3090 5191 interim
3128 5140 3349 5202 tamen,
3377 5135 3525 5193 dum
3563 5137 3694 5195 haec

2035 5224 2197 5298 apud
2228 5239 2339 5280 nos
2369 5221 2634 5280 studiose
2656 5222 2836 5280 nimis
2857 5227 2915 5280 et
2927 5223 3073 5281 votis
3093 5223 3446 5280 ardentibus
3461 5241 3694 5300 praepa·

2034 5318 2258 5379 rantur,
2293 5312 2712 5377 salahadinus,
2743 5312 2974 5380 urbem,
3007 5317 3070 5370 ut
3095 5312 3498 5386 praediximus,
3530 5315 3690 5373 obsi·

2034 5404 2203 5469 dens,
2235 5406 2493 5474 quantas
2521 5404 2750 5474 poterat
2780 5400 3104 5468 molestias,
3133 5407 3388 5475 utroque
3423 5402 3588 5462 cirea
3631 5403 3690 5462 id

2034 5491 2370 5552 desudante
2399 5490 2680 5557 exercitu,
2721 5490 2954 5550 civibus
2980 5490 3306 5563 interebat;
3345 5506 3494 5552 nam
3533 5493 3694 5554 ordi-
