3784 6000
214 207 293 266 33
1722 204 2153 269 EPISTOLAE.
3568 215 3650 275 34

214 337 474 398 rentiam
491 353 701 396 eorum
712 336 1061 410 simplicitas
1081 335 1271 395 fidelis
1287 338 1623 412 excusat,in
1635 354 1737 398 ves
1756 344 1875 399 tam
1906 342 1961 408 Λ
1991 337 2150 395 sicut
2173 336 2360 395 visum
2382 340 2489 405 est,
2514 337 2826 396 securitate
2854 339 3164 397 commisit.
3186 341 3412 400 Placuit
3445 345 3646 419 itaque

214 436 415 486 vestra
442 444 624 502 quam
656 443 725 485 ea
758 444 889 501 quoe
920 443 1119 485 eorum
1154 428 1347 486 futura
1376 435 1550 499 esset,
1578 429 1628 486 si
1662 429 1876 487 rescis-
1978 427 2169 496 nobis,
2202 425 2447 484 consilio
2474 443 2820 500 magnorum
2849 429 3108 486 virorum
3134 430 3236 504 qui
3268 432 3534 501 aderant,
3560 435 3643 505 ip-

216 523 373 588 eent,
393 519 531 590 jure
551 519 731 589 culpa
756 517 1126 585 transfertur,
1146 519 1513 591 duplicisque
1540 524 1734 577 reatus
1763 520 1871 577 du·
1981 531 2112 572 sum
2136 518 2194 572 et
2215 514 2518 589 religiosas
2542 515 2615 571 ad
2638 515 2968 589 capitulum
2985 517 3110 574 vice
3133 523 3330 575 nostra
3352 520 3644 580 destinare

217 606 350 679 plex
377 622 484 664 vos
514 605 824 663 constituit
843 606 1199 680 negligentia
1226 612 1742 680 transgressorem.
1769 614 1874 666 Ae·
1980 621 2280 676 personas,
2314 621 2416 677 per
2446 621 2597 678 quas
2632 605 2803 661 nobis
2833 607 3184 678 exquisitam
3219 608 3537 667 remitteret
3561 616 3644 669 at-

214 696 371 752 cedit
400 697 565 769 quod
614 695 987 769 prudentiam
1017 701 1269 755 vestram
1321 697 1499 754 semel
1538 697 1874 773 iterumque
1984 694 2216 752 testatio
2246 694 2482 767 publica
2523 695 2844 752 veritatem.
2879 696 2968 751 Tu
2999 701 3198 753 autem
3230 698 3289 754 in
3339 699 3641 758 absentem

212 786 561 844 commonui
603 791 671 844 ut
718 786 1033 845 creditores
1076 803 1334 855 exorare,
1381 786 1646 845 adbibita
1694 788 1873 845 etiam
1979 786 2386 843 testimonium
2411 786 2525 842 dici
2549 784 2737 843 multa
2769 786 3049 842 instantia
3073 787 3435 858 postulabas,
3459 794 3642 848 necte

212 883 419 932 uestra
447 875 928 948 intercessionue,
951 875 1213 934 velletis:
1240 876 1392 950 quod
1425 876 1594 934 facile
1624 876 1750 934 fieri
1771 894 1875 949 po·
1980 876 2397 947 permissurum
2423 892 2522 949 pro
2548 875 2715 931 nobis
2739 875 2930 947 ipsum
2961 875 3047 932 vel
3071 877 3396 949 capitulum
3421 880 3641 938 intrare

212 968 386 1036 terat,
411 969 477 1021 nt
507 964 652 1022 solis
679 965 952 1038 precibus
981 965 1143 1023 salva
1173 965 1334 1023 vobis
1361 966 1554 1023 adbuc
1585 983 1714 1024 esse
1744 983 1873 1039 pos·
1977 963 2065 1020 vel
2087 964 2305 1037 aliquid
2330 963 2582 1035 quodibi
2604 965 2891 1020 diceretur
2910 965 3137 1030 audire,
3157 983 3290 1022 cum
3312 966 3370 1023 ln
3394 967 3634 1039 inquisi-

213 1055 301 1109 set
330 1056 391 1108 et
425 1052 655 1111 utilitas
690 1059 748 1110 et
775 1053 1073 1113 honestas.
1110 1055 1311 1112 Redite
1354 1054 1534 1129 igitur
1564 1057 1634 1112 ad
1667 1073 1786 1126 cor,
1816 1060 1875 1113 et

212 1149 626 1218 contemptum
653 1145 807 1203 hunc
837 1146 1083 1204 consilio
1114 1146 1350 1204 meliore
1380 1147 1670 1220 deponite,
1696 1148 1872 1204 fldem

213 1238 480 1292 nostram
510 1239 573 1293 et
609 1238 863 1293 vestram
893 1238 950 1292 et
977 1234 1225 1293 fratrum
1279 1240 1605 1293 vestrorum
1637 1237 1710 1293 ab
1742 1237 1872 1310 hac,

211 1325 261 1380 ai
309 1325 495 1381 etiam
527 1329 621 1381 est
665 1324 984 1394 calumnia,
1017 1324 1278 1395 liberate,
1311 1326 1595 1398 quoniam
1639 1327 1875 1384 resista

209 1413 538 1487 plurimam
560 1415 817 1487 opinioni
829 1419 1037 1473 vestrae
1052 1416 1178 1488 J'am
1196 1415 1396 1473 intulit
1414 1415 1732 1484 laesionem,
1754 1415 1871 1473 etsi

210 1504 487 1561 fortassis
499 1520 620 1560 non
640 1503 1334 1563 abstuleritconscientiae
1354 1504 1689 1579 puritatem.
1707 1505 1871 1572 Quod

210 1594 259 1650 si
291 1592 487 1650 veteri
509 1594 801 1667 proposito
830 1595 1168 1652 decrevistis
1199 1595 1492 1665 insistere,
1517 1610 1609 1653 me
1634 1596 1872 1668 quidem

210 1683 572 1739 mendacem
602 1683 1006 1755 promissionis
1044 1684 1295 1741 existere
1326 1701 1442 1742 non
1480 1689 1708 1755 oportet
1731 1702 1745 1740 :
1770 1685 1872 1742 sed
1906 1720 1951 1786 B

210 1772 310 1828 ubi
332 1773 575 1830 consilii
604 1774 996 1833 mansuetudo
1021 1791 1135 1831 non
1168 1775 1418 1846 proiicit,
1444 1791 1686 1832 manum
1708 1776 1871 1833 forti-

208 1863 443 1920 tudinis
472 1864 749 1921 convenit
792 1864 1089 1921 adhibere.
1123 1865 1315 1922 Studii
1366 1865 1563 1938 itaque
1592 1865 1768 1922 vestri
1798 1866 1874 1924 sit

209 1952 369 2009 infra
411 1952 753 2024 proximum
800 1959 1181 2012 Pentecosten
1230 1954 1588 2027 satisfacere,
1619 1955 1766 2012 sicut
1808 1956 1869 2013 in

212 2047 417 2099 nestra
444 2042 564 2100 fuit
604 2043 908 2113 prasentia
942 2043 1347 2101 constitutum.
1373 2044 1649 2118 Alioquin
1697 2062 1766 2101 ex
1805 2060 1872 2103 ea

208 2132 306 2188 die
333 2131 761 2190 fraternitatem
782 2137 1034 2190 vestram
1068 2133 1140 2191 ab
1161 2132 1350 2191 officio
1371 2133 1572 2192 altaris
1593 2136 1870 2192 noveritis

206 2238 279 2280 ea
305 2238 432 2296 qua
459 2223 918 2295 praeemincmus
947 2223 1296 2281 auctoritate
1325 2240 1677 2296 suspensam
1704 2241 1719 2293 ;
1754 2225 1868 2282 fra·

206 2320 363 2371 trum
384 2330 527 2371 vero
547 2318 879 2372 vestrorum
900 2313 1268 2370 conscientias
1292 2313 1555 2386 relinquo
1572 2317 1867 2387 quomodo

202 2419 436 2460 munus
465 2404 711 2460 offerant
740 2405 813 2461 ad
837 2404 1039 2472 altare,
1070 2403 1119 2461 si
1145 2420 1259 2460 non
1294 2403 1466 2460 fuerit
1484 2403 1867 2461 creditoribus

201 2493 604 2562 satisfactum,
638 2493 848 2566 quibus
880 2492 991 2566 ipsi
1021 2509 1105 2561 se,
1137 2493 1241 2549 etsi
1272 2510 1387 2550 non
1424 2494 1695 2566 propriis,
1718 2494 1864 2551 vica-

192 2583 305 2640 riis
334 2592 545 2640 tamen
574 2583 845 2641 manibus
872 2584 1293 2640 astrinxerunt.

990 2671 1106 2728 XX.

845 2779 920 2819 ao
960 2771 1230 2819 sunnam.

266 2857 386 2912 Pro
423 2852 717 2910 willelmo
740 2853 1031 2911 monacho
1060 2851 1200 2909 olim
1226 2868 1333 2908 nos
1364 2851 1718 2909 fraternitati
1750 2861 1860 2910 tuoe

186 2943 379 3003 semel
432 2947 493 3002 et
528 2943 734 2999 iterum
758 2942 1068 3016 scripsisse
1110 2941 1515 3010 meminimus,
1540 2945 1604 2997 ut
1631 2957 1765 2998 eum
1797 2941 1857 2999 in

1981 1053 2138 1109 tione
2159 1053 2425 1110 criminis
2445 1071 2573 1110 reos
2586 1057 2902 1126 praesentes
2923 1069 3051 1110 esse
3069 1059 3332 1126 oporteat
3348 1064 3401 1112 et
3416 1073 3642 1115 omnem

1980 1142 2066 1199 eis
2088 1142 2360 1200 audiendi
2383 1150 2435 1199 et
2459 1143 2851 1216 respondendi
2876 1143 3101 1213 copiam
3126 1143 3426 1212 indulgeri.
3453 1146 3643 1219 Super

1980 1232 2276 1304 qu0,quia
2304 1234 2374 1289 de
2399 1248 2554 1306 saepe
2582 1232 2722 1289 dicti
2756 1232 2952 1288 fratris
2987 1233 3235 1289 crimine
3267 1234 3503 1291 noluisti
3537 1251 3642 1294 nes

1982 1321 2169 1379 facere
2188 1323 2492 1392 certiores,
2516 1339 2752 1381 necesse
2769 1324 3056 1381 babemus
3075 1324 3269 1396 ipsum
3298 1326 3533 1384 interim
3555 1327 3640 1385 ln·

1984 1415 2285 1468 nocentem
2317 1417 2580 1485 reputare
2608 1430 2779 1486 quem
2814 1429 2918 1469 nec
2940 1414 3177 1487 propria
3208 1415 3499 1472 confessio
3531 1432 3638 1475 nec

1983 1500 2275 1557 attestatio
2297 1501 2567 1574 quaelibet
2589 1501 2779 1560 aliena
2801 1501 3109 1559 convincit.
3134 1503 3334 1576 Neque
3363 1504 3522 1562 enim
3553 1505 3634 1579 ip·

1982 1605 2111 1645 sum
2144 1607 2246 1662 pro
2271 1591 2522 1664 simplici
2552 1591 2840 1648 delatione
2866 1597 2965 1648 tua
2989 1592 3371 1650 condemnari
3397 1595 3634 1653 canoni-

1982 1680 2239 1736 cusordo
2254 1681 2560 1753 permittit,
2580 1680 2898 1754 praesertim
2919 1698 3052 1738 cum
3078 1685 3132 1738 te
3153 1697 3287 1738 eum
3311 1681 3630 1756 aliquando

1982 1782 2223 1824 exosum
2249 1768 2523 1825 habuisse
2546 1774 2792 1837 constet,
2819 1786 2923 1825 nec
2946 1770 3135 1826 adbuc
3159 1787 3458 1828 rancorem
3480 1776 3635 1830 vete·

1981 1856 2062 1912 ris
2083 1855 2392 1913 iracundiae
2414 1858 2713 1931 sepelisse.
2739 1858 2846 1913 Per
2866 1858 3174 1930 praesentia
3197 1859 3393 1931 itaque
3414 1861 3629 1934 scripta

1979 1944 2086 2002 Ubi
2120 1948 2468 2003 mandamus
2491 1952 2556 2004 ut
2586 1964 2717 2004 eum
2742 1947 2799 2004 in
2824 1945 3083 2004 claustro
3107 1965 3240 2004 cum
3266 1949 3490 2007 caeteris
3512 1950 3633 2008 fra·

1978 2035 2160 2091 tribus
2199 2037 2320 2093 sine
2354 2036 2651 2105 dilatione,
2677 2036 2837 2092 salva
2870 2038 3029 2093 omni
3059 2037 3290 2109 pristini
3324 2043 3507 2095 status
3539 2039 3629 2097 sui

1976 2124 2323 2195 integritate,
2369 2126 2639 2198 recipias,
2674 2142 2777 2182 nec
2824 2125 2959 2181 ullis
3009 2141 3142 2182 eum
3192 2125 3479 2184 molestiis
3526 2128 3630 2185 in-

1976 2216 2223 2286 quietes,
2258 2216 2358 2271 sed
2392 2219 2547 2271 tanto
2582 2232 2715 2271 eum
2747 2215 3076 2286 benigniori
3109 2215 3393 2273 charitate
3426 2218 3623 2276 confo-

1975 2318 2107 2359 veas
2127 2308 2346 2375 quanto
2370 2305 2563 2376 ipsum
2582 2319 2645 2360 es
2668 2303 2938 2360 severiori
2961 2304 3332 2361 vehementia
3356 2322 3627 2378 persecu·

1975 2400 2081 2448 tus.
2114 2394 2197 2450 Ad
2233 2393 2466 2467 benigni
2514 2394 2800 2466 siquidem
2845 2393 3030 2450 Patris
3063 2395 3392 2466 amplexum
3427 2395 3626 2456 filialis

1973 2482 2196 2538 devotio
2226 2483 2597 2550 convalescit,
2631 2489 2688 2541 et
2714 2483 2862 2540 sicut
2894 2483 3025 2538 odia
3057 2489 3443 2557 provocantur
3467 2486 3626 2559 inju-

1973 2571 2096 2632 riis.
2130 2571 2213 2628 sic
2243 2573 2600 2644 benignitate
2621 2572 2807 2645 gratia
2832 2578 3228 2645 comparatur.
3254 2574 3416 2639 Quod
3439 2575 3489 2631 si
3514 2576 3627 2633 fra·

1971 2661 2214 2718 ternitas
2237 2666 2337 2718 tua
2369 2663 2752 2734 praesentibus
2772 2662 3178 2718 detrectaverit
3199 2662 3434 2720 obedire
3457 2682 3625 2722 man-

1972 2750 2144 2822 datis,
2177 2752 2247 2807 ab
2280 2750 2477 2808 altaris
2509 2751 2696 2809 officio
2730 2756 2785 2809 te
2815 2753 3042 2808 noveris
3091 2767 3157 2807 ea
3189 2769 3305 2824 qua
3336 2753 3438 2808 tibi
3472 2771 3619 2828 prae-

1969 2839 2295 2898 eminemus
2313 2841 2652 2897 auctoritato
2674 2857 3057 2913 suspensum,
3082 2841 3267 2898 donec
3286 2845 3344 2897 et
3363 2842 3527 2900 fratri
3550 2846 3621 2902 de

1967 2930 2203 3004 injuria,
2228 2938 2280 2986 et
2311 2930 2480 2987 nobis
2510 2931 2586 2987 sit
2615 2932 2684 2987 de
2715 2935 3048 3004 contemptu
3082 2931 3283 2987 ordine
3306 2932 3617 3004 judiciario

189 3035 565 3093 monasterio
598 3038 721 3105 tuo,
750 3032 809 3090 in
843 3049 958 3105 quo
1002 3033 1295 3104 professus
1323 3036 1431 3100 est,
1465 3032 1772 3105 reciperes,
1805 3041 1859 3090 οι
1970 3019 2349 3077 satisfactum.
2374 3020 2557 3077 Nosse
2582 3022 2870 3091 siquidem
2894 3021 3069 3076 debes
3093 3022 3150 3076 in
3173 3038 3241 3077 eo
3267 3022 3365 3093 qui
3389 3023 3620 3094 religio-

190 3130 479 3200 paratum
494 3126 567 3182 ad
596 3141 831 3182 omnem
856 3122 1250 3181 humilitatem
1273 3128 1327 3179 et
1346 3123 1739 3180 obedientiam
1764 3124 1860 3181 be·
1889 3097 1933 3164 C
1975 3127 2103 3167 nem
2137 3112 2436 3182 PPOfssSSUS
2466 3114 2573 3177 θεῖ’
2606 3110 3064 3166 iflObssdlssmissm
3100 3110 3320 3167 crimen
3345 3128 3495 3174 0⁸⁸⁶·
3527 3114 3618 3186 ip-

189 3216 495 3288 nignitate
525 3214 723 3272 debita
749 3214 1107 3272 confoveres.
1148 3211 1311 3279 Quod
1340 3213 1391 3268 si
1422 3214 1698 3269 adversus
1729 3229 1862 3270 eum

192 3306 544 3363 fraternitas
566 3310 667 3364 tua
684 3303 912 3378 aliquid
946 3303 1202 3372 haberet,
1223 3303 1560 3375 quomimus
1582 3303 1864 3375 reeipien-

194 3397 343 3453 dum
366 3410 501 3454 esse
530 3395 895 3456 decerneres,
920 3393 980 3451 id
1008 3392 1207 3466 ipsum
1230 3390 1399 3450 nobis
1433 3392 1730 3465 assignato
1752 3392 1860 3450 tibi

194 3483 327 3540 loco
356 3487 421 3541 et
447 3488 716 3556 tempore
744 3496 1003 3555 congruo
1034 3480 1478 3549 demonstrares,
1503 3496 1574 3537 ne
1604 3485 1704 3538 aut
1735 3480 1861 3554 ipse

196 3573 330 3631 sine
376 3571 555 3646 culpa
604 3571 884 3630 societate
934 3569 1159 3642 collegii
1192 3570 1529 3643 privaretur,
1561 3572 1662 3626 aut
1693 3570 1861 3644 quies

196 3662 455 3718 fratrum
486 3660 822 3733 importuno
844 3658 1221 3731 reprobandae
1241 3672 1497 3730 personas
1531 3657 1860 3715 turbaretur

196 3767 467 3810 accessu.
499 3750 637 3808 Ovis
669 3750 827 3808 enim
859 3750 932 3806 ad
962 3747 1108 3806 ovile
1137 3747 1336 3820 potius
1367 3746 1626 3804 humeris
1655 3752 1745 3804 est
1773 3764 1860 3805 re-

196 3840 495 3915 portanda
526 3840 772 3913 pastoris
821 3855 1001 3911 quam
1037 3836 1305 3910 luporum
1348 3838 1641 3894 morsibus
1683 3854 1858 3908 expo·

198 3932 422 3996 nenda,
452 3929 531 3987 ad
559 3930 732 4002 cujus
763 3927 1017 3985 salutern
1066 3925 1477 3999 impretiabilis
1506 3925 1623 3982 illis
1652 3926 1861 3983 Christi

196 4019 450 4095 sanguis
480 4019 701 4076 effusus
750 4021 839 4076 est
868 4022 926 4075 et
952 4013 1338 4074 institutionis
1369 4015 1712 4087 evangelicas
1757 4017 1858 4072 do·

198 4111 393 4166 ctrina
415 4109 735 4166 concurrit.
760 4106 875 4165 Nos
906 4122 1060 4173 vere,
1094 4121 1227 4162 cum
1261 4110 1320 4161 tu
1349 4120 1452 4161 nec
1492 4106 1847 4162 monachum

191 4201 364 4272 juxta
401 4199 677 4256 mandata
714 4199 1015 4272 recipereS,
1040 4213 1145 4254 nec
1176 4199 1308 4270 post
1333 4198 1657 4253 secundam
1688 4198 1860 4254 etiam

200 4288 564 4347 vocationem
586 4292 867 4346 unstrote
896 4286 1231 4359 conspectui
1264 4290 1673 4359 praesentares,
1696 4303 1769 4343 ne
1801 4287 1858 4344 in

204 4382 605 4452 contemptum
655 4374 1010 4449 episcopalis
1059 4374 1385 4433 reverentia
1415 4379 1757 4445 verteretur,
1788 4376 1859 4432 ad

1976 3217 2220 3274 sumque
2269 3201 2340 3256 ad
2387 3200 2813 3256 exactissimam
2865 3199 3229 3272 diligentiam
3279 3201 3483 3273 teneri,
3526 3202 3624 3275 qul

1974 3290 2365 3346 obedientiam
2399 3288 2633 3361 praelato
2664 3305 2767 3346 suo
2790 3289 2918 3345 viva
2946 3306 3079 3346 voce
3110 3295 3167 3345 et
3195 3291 3619 3363 scripto,jura-

1973 3384 2169 3437 mento
2212 3380 2386 3436 etiam
2440 3378 2820 3452 corporaliter
2866 3379 3304 3448 interveniente,
3355 3379 3622 3437 adbibita

1972 3470 2283 3528 salutiferae
2314 3470 2507 3527 crucis
2537 3469 2915 3543 impressione
2945 3470 3213 3540 signavit.

2721 3558 2872 3615 XXI.

1973 3670 2047 3707 An
2078 3667 2345 3707 newsum
2378 3666 2562 3706 ravin
2590 3666 2967 3706 aasumensi
2999 3665 3068 3705 m:
3099 3667 3457 3708 rnoxorross
3482 3666 3615 3708 sus.

2045 3741 2389 3798 Benedictus
2437 3741 2590 3795 Deus
2638 3743 2695 3795 et
2741 3739 2909 3794 Pater
2975 3739 3202 3795 Domini
3255 3740 3434 3795 nostri
3478 3740 3625 3796 Jesu

1972 3830 2209 3900 Christi,
2234 3830 2335 3903 qui
2369 3828 2684 3886 Ecclesiam
2720 3843 2912 3896 suam,
2937 3826 3372 3881 immaculatam
3402 3828 3627 3884 scilieet

1972 3937 2249 3993 sponsam
2284 3918 2476 3974 dilecti
2511 3917 2637 3971 Filii
2670 3917 2778 3983 sui,
2815 3914 3065 3970 mirabili
3100 3930 3329 3986 semper
3358 3916 3623 3989 benigni-

1971 4015 2088 4066 tate
2110 4010 2297 4081 diligit
2321 4012 2377 4063 et
2397 4008 2719 4062 conservat.
2747 4004 2902 4060 Licet
2922 4004 3077 4059 enim
3103 4003 3293 4076 ipsam
3320 4004 3619 4079 aliquibus

1973 4097 2320 4169 quandoque
2344 4093 2535 4150 vexari
2560 4093 2811 4164 patiatur
2829 4092 3081 4164 injuriis,
3108 4092 3242 4149 facit
3263 4098 3456 4151 tamen
3480 4112 3614 4153 cum

1975 4186 2291 4245 tentatione
2318 4187 2683 4257 proventum,
2710 4186 2775 4239 ut
2804 4182 2984 4254 possit
3009 4184 3290 4240 sustinere
3318 4185 3365 4257 (1
3396 4184 3516 4240 Cor.
3539 4187 3625 4258 x),

1974 4293 2077 4333 nec
2110 4292 2369 4348 unquam
2404 4278 2601 4346 portas
2635 4272 2805 4329 inferi
2838 4273 3118 4328 adversus
3150 4289 3278 4328 eam
3313 4272 3621 4344 praevalere

1972 4367 2249 4439 permittit
2271 4364 2485 4438 (Manli.
2519 4366 2653 4437 xvi).
2686 4367 2877 4433 Neque
2908 4362 3064 4418 enim
3119 4362 3347 4434 expedit
3379 4369 3444 4420 ut
3475 4381 3621 4422 con-

198 4468 551 4524 veniendum
574 4469 628 4523 te
659 4465 936 4523 mandato
962 4463 1246 4521 severiore
1277 4462 1694 4537 compulimus,
1719 4480 1859 4536 prae-
1891 4476 1939 4542 D
1974 4456 2147 4512 tinum
2181 4453 2584 4528 prosperItatis
2616 4457 2801 4510 status
2846 4467 2969 4507 eam
3015 4450 3366 4508 insolentem
3421 4455 3626 4514 reddat

195 4556 355 4615 dicto
382 4556 545 4612 fratri
566 4555 639 4612 de
667 4554 1025 4624 exclusione,
1049 4552 1218 4610 nobis
1241 4553 1312 4608 de
1345 4551 1743 4610 inobedientia
1765 4569 1857 4609 re·
1972 4544 2052 4602 vel
2079 4542 2772 4616 otiositasnegligentem,
2790 4541 2890 4597 sed
2909 4540 3299 4597 humilitatem
3324 4545 3628 4599 conservet

194 4659 576 4718 sponsorum.
607 4643 988 4702 Postmodum
1014 4646 1229 4710 tamen,
1260 4658 1331 4697 ne
1363 4640 1504 4714 quid
1528 4645 1690 4697 motu
1724 4657 1861 4714 quo·

190 4735 339 4791 libet
371 4733 561 4791 facere
587 4735 979 4800 crederemur,
1013 4730 1170 4789 nosti
1200 4734 1419 4803 quanta
1448 4729 1724 4801 injuriam
1758 4749 1859 4788 no-

189 4830 385 4882 stram
408 4821 685 4880 facilitate
713 4821 1078 4888 remisimus,
1102 4824 1165 4876 ut
1195 4825 1252 4877 et
1273 4825 1336 4877 tu
1366 4821 1630 4892 exemplo
1656 4827 1857 4881 nostro

186 4930 402 4988 posses
448 4913 521 4969 ad
569 4911 1032 4970 misericordiam
1082 4909 1338 4967 invitari.
1371 4911 1453 4966 Tu
1505 4926 1640 4967 vero
1680 4929 1855 4984 quam

188 5006 414 5062 durum
437 5009 498 5059 te
518 5007 574 5058 et
598 5002 1011 5059 inexorabilem
1035 5001 1370 5073 praestiteris
1396 5000 1738 5068 meministi,
1763 5018 1854 5057 as-

190 5111 401 5154 serens
430 5110 581 5166 saepe
610 5094 827 5149 dictum
855 5093 1090 5149 fratrem
1124 5090 1358 5165 publiea
1406 5092 1585 5149 totius
1619 5090 1855 5163 capituli

186 5183 962 5244 sententiaceudemaatum
985 5182 1195 5250 exisse,
1213 5198 1317 5254 pro
1338 5181 1550 5239 delicto
1573 5182 1854 5255 quodam,

186 5277 368 5349 quod,
401 5272 551 5330 sicut
576 5273 795 5342 aiebas,
827 5273 1148 5329 seeundum
1173 5271 1424 5343 privatas
1457 5271 1854 5329 institutiones

188 5371 417 5423 vestras
442 5363 669 5420 veniam
690 5378 808 5419 non
834 5365 1103 5418 meretur.
1127 5361 1231 5418 Ille
1254 5377 1390 5418 vero
1415 5377 1547 5417 eum
1573 5359 1855 5419 dilectum

188 5456 384 5514 modis
402 5452 682 5512 omnibus
706 5451 1159 5525 sententiamque
1184 5450 1424 5525 capituli
1455 5461 1848 5525 pernegasset,

186 5544 586 5605 innocentiam
627 5556 804 5602 suam
837 5541 1174 5601 testimonio
1207 5539 1455 5615 capituli
1499 5556 1634 5600 cum
1664 5542 1848 5615 omni,

1968 4637 2208 4694 alssictio
2237 4640 2294 4693 et
2315 4636 2532 4692 vexatio
2560 4633 2774 4690 tribuat
2805 4634 3189 4689 intellectum.
3215 4636 3283 4688 Et
3307 4632 3358 4689 ei
3392 4633 3625 4705 quidem

1968 4726 2169 4785 omnia
2199 4724 2662 4799 cooperanturin
2693 4722 2904 4780 bonum
2938 4723 3113 4796 (Rom.
3137 4723 3291 4793 vm),
3324 4721 3464 4777 dum
3489 4723 3621 4794 ipsa

1969 4825 2245 4888 tanquam
2284 4831 2492 4871 aurum
2526 4812 2586 4869 in
2638 4812 2866 4868 fornace
2900 4812 3176 4881 probatur
3217 4809 3369 4881 (Sap.
3405 4813 3531 4882 111);
3567 4816 3626 4867 et

1968 4907 2038 4963 ad
2068 4909 2446 4977 augmentum
2478 4920 2705 4960 coronze
2727 4904 2930 4957 cuncta
2961 4898 3291 4970 proliciunt.
3324 4899 3466 4955 dum
3490 4915 3620 4958 eam

1967 4995 2053 5051 vis
2084 4994 2445 5051 adversitatis
2478 4992 2770 5049 fortiorem
2804 4989 2993 5044 reddit
3020 4992 3076 5045 et
3117 4989 3493 5062 malignitatis
3525 4989 3620 5047 in-

1968 5084 2198 5138 festatio
2222 5082 2558 5139 cautiorem.
2576 5080 2706 5150 Ipse
2730 5094 2862 5134 vero
2886 5077 3191 5136 miserator
3211 5083 3267 5135 et
3291 5078 3622 5137 misericors

1967 5172 2247 5229 Dominus
2273 5172 2339 5227 ad
2372 5176 2633 5243 tempora
2680 5168 3079 5226 tribulationis
3113 5168 3264 5224 viros
3296 5168 3537 5225 virtutis
3563 5171 3623 5227 et

1966 5262 2193 5320 consilii
2227 5261 2486 5334 providet
2514 5265 2572 5317 et
2601 5261 2952 5333 proeformat,
2986 5259 3086 5331 qui
3119 5257 3470 5314 temeritatis
3503 5273 3618 5314 au-

1966 5356 2192 5412 daciam
2224 5350 2498 5425 repellere
2535 5349 2760 5407 valeant
2808 5355 2866 5405 et
2915 5348 3300 5421 malignitatis
3335 5347 3617 5408 astutiam

1964 5444 2229 5501 noverint
2257 5441 2569 5498 declinare.
2602 5439 2759 5506 Quod
2790 5437 2849 5494 in
2894 5440 3106 5494 sanctas
3138 5440 3195 5492 et
3224 5435 3485 5509 gloriosae
3517 5452 3614 5496 rc-

1961 5532 2317 5593 cordatienis
2344 5530 2681 5588 Innocentio
2729 5544 2874 5601 papa
2917 5528 3060 5586 satis
3091 5526 3388 5586 evidenter
3429 5544 3617 5604 appas
