3784 6000
105 209 244 268 1007
1093 214 1457 273 EPISTOLAE
1497 214 1581 272 ET
1619 213 2073 275 PRIVILEGIA.
2117 244 2189 262 -
2223 215 2341 275 AN.
2385 217 2549 277 ¹182.

181 338 300 407 ago
316 336 652 407 Gratianus,
673 338 966 397 diaconus
988 340 1310 399 cardinalis
1329 341 1429 398 SS.
1445 341 1679 399 Cosmoe
1697 344 1759 398 et
1786 343 1833 397 Α

2590 343 2794 400 xxvll.

0 415 44 520 J
102 425 399 483 Damiani.
1875 432 2356 489 Transeo-tionem
2392 433 2602 490 initam
2632 436 2790 490 inter
2818 435 3084 493 comitem
3129 437 3427 509 Joiqmacae·
3467 447 3523 499 et

0 565 42 610 ἑ,
175 517 297 616 ligo
331 516 659 590 Baium-ius,
685 518 980 578 diaconus
1009 520 1331 579 cardinalis
1362 520 1562 578 Sancti
1591 520 1757 579 Adri·
2008 503 2364 562 ⁰⁶⁶⁰⁸5⁸⁸⁰m
2377 501 3016 665 ῗιζῖέζὲξῄζξδῗξῗ·
3040 508 3377 577 confirmat·

23 643 42 670 .·.
101 617 226 664 8111.
2697 636 2715 660 ,
2841 636 2856 650 .
2947 634 2960 648 .

0 295 24 306 -
3382 223 3523 284 1098

0 301 68 346 -2.

0 753 43 788 ὦ
175 696 390 752 Datum
422 695 691 755 Laterani
722 714 829 771 per
880 714 1129 756 manum
1168 700 1409 766 Alberti,
1479 700 1539 757 S.
1581 702 1645 756 R.
1689 702 1753 757 E.

14 837 40 852 ,,
95 783 427 858 presbyteri
459 786 778 844 cardinalis
807 792 866 845 et
896 789 1259 856 cancellarii,
1293 805 1422 846 xvui
1454 788 1754 847 Kalendas

0 859 42 962 {f
93 870 419 940 Februarii,
450 875 777 934 indictione
818 894 916 949 xv,
952 880 1384 936 lncarnationis
1425 878 1752 936 Dominicae

0 949 39 1060 :J
96 973 262 1060 anno
288 962 446 1031 118¹,
479 963 861 1035 pontificatus
894 980 1032 1023 vero
1063 965 1227 1023 Lucii
1256 982 1431 1039 papoe
1476 968 1545 1023 ΙΙΙ
1591 981 1754 1023 anno

15 1109 28 1118 „
95 1063 320 1122 primo.

851 1189 1028 1246 XXVI.

89 1331 401 1402 Deleqatis
428 1332 766 1401 apostolicis
789 1334 1056 1398 mandat,
1078 1334 1457 1406 nunquit-ant
1474 1334 1752 1392 deinobe·

2117 680 2306 755 [Gall.
2328 682 2548 738 Christ.
2575 698 2730 748 nov„
2752 685 2862 748 Xll,
2888 684 3086 754 lustr„
3118 686 3269 761 138.]

1934 770 2135 827 Lucius
2176 771 2514 843 episcopuS,
2544 787 2752 827 servus
2796 787 3106 830 servorum
3140 775 3261 843 Dei,
3291 775 3522 835 dilectis

1861 857 1926 915 in
1974 859 2198 915 Christo
2231 858 2470 916 filiabus
2511 862 2640 916 Hei..
2690 859 3038 929 abbatissas,
3100 868 3155 920 et
3210 866 3518 923 sororibus

1862 944 1924 1002 S.
1946 948 1974 1002 J
1984 947 2737 1014 ulianiAntissiodorensis,
2764 949 3019 1007 salutem
3043 959 3098 1007 et.
3121 954 3515 1025 apostolicam

1863 1034 2366 1093 benedictionem.

1935 1127 2017 1180 Ex
2045 1130 2245 1182 tenore
2267 1126 2468 1199 scripti
2501 1126 2823 1183 authentici
2850 1127 3022 1184 nobis
3048 1129 3306 1187 innotuit
3329 1132 3519 1204 quod,

1864 1229 2001 1271 cum
2022 1214 2176 1271 inter
2191 1216 2479 1285 Agnetem
2493 1214 2869 1272 abbatissam
2882 1216 2933 1289 ej
2945 1216 3156 1273 usdem
3170 1221 3520 1276 monasterii

1859 1304 2062 1370 vestri,
2085 1307 2143 1360 et
2169 1303 2235 1359 R.
2269 1304 2551 1361 comitem
2575 1303 2890 1376 Joigniaci,
2923 1321 3103 1379 super
3126 1312 3388 1380 quatuor
3415 1308 3521 1366 ho-

169 1403 394 1460 dieneia
421 1404 925 1473 plebanigcctesiae
952 1406 1012 1464 s,
1034 1405 1481 1476 Bartholomoe2·‚
1512 1421 1752 1478 eamque
1861 1392 2152 1456 minibus,
2179 1394 2466 1450 Gosberto
2490 1393 2783 1458 videlicet,
2811 1393 3117 1466 Anulph0,
3139 1396 3438 1455 Rainardo
3462 1402 3520 1455 et

169 1474 597 1542 siinvenerinc,
624 1478 907 1545 puniant.

596 1600 916 1674 (Lateran.,
948 1600 1080 1658 Jan.
1114 1602 1228 1674 16.)

341 1726 693 1797 [Consanum
724 1727 886 1783 Eccl.
925 1725 1144 1797 Venet.‚
1171 1726 1317 1790 xw,
1348 1726 1501 1800 1064

171 1851 375 1908 Luctus
400 1852 739 1925 episcopus,
773 1868 983 1908 servus
1004 1868 1314 1909 servorum
1343 1852 1467 1918 Dei,
1502 1867 1747 1908 venera·

86 1939 203 1997 bili
228 1940 409 1996 fratri.
437 1981 451 1994 .
488 1983 500 1995 .
533 1979 547 1993 .
578 1940 924 1996 Fon-cellano
966 1941 1046 2012 (3)
1094 1941 1400 2013 episcope,
1441 1946 1498 1998 et
1535 1940 1752 1996 dilecto

88 2028 240 2086 filio.
278 2068 289 2082 .
317 2072 329 2085 .
366 2071 379 2084 .
414 2028 593 2102 priori
626 2029 885 2086 ecclesiae
917 2032 972 2086 S.
1002 2032 1194 2087 Mariae
1224 2031 1299 2086 de
1325 2029 1619 2086 Charitate
1645 2030 1749 2101 (4),

92 2117 351 2176 salutem
385 2124 440 2173 et
466 2118 856 2190 apostolicam
882 2118 1387 2176 benedictionem.

173 2209 319 2264 Cum
351 2208 503 2262 inter
527 2206 841 2263 ecclesiam
865 2210 921 2264 S.
953 2207 1267 2266 Salvatoris
1292 2209 1367 2264 de
1407 2208 1671 2264 Rivoalto
1699 2213 1753 2264 et

97 2296 158 2353 S.
181 2296 595 2352 Bartholomaei
628 2297 827 2366 gravis
851 2298 1258 2354 controversia
1282 2297 1358 2354 de
1387 2297 1752 2371 quibusdam

95 2383 484 2458 parochianis
502 2385 839 2455 haberetur,
858 2387 1186 2442 commissa
1204 2386 1309 2443 fuit
1326 2404 1363 2443 a
1378 2386 1754 2456 delegatione

97 2476 352 2531 Romani
380 2475 676 2547 pontificis
699 2476 1021 2531 venerabili
1051 2475 1215 2532 fratri
1246 2475 1756 2533 nostroGradensi

100 2563 527 2637 patriarchoeet
549 2563 722 2620 bonae
743 2565 1046 2621 memoriae
1062 2568 1125 2636 l.,
1146 2566 1456 2637 quondam
1495 2564 1755 2622 basilicas

99 2654 186 2710 xil
199 2655 609 2724 Apostolorum
627 2654 977 2727 presbytero
992 2653 1422 2721 cardinali,fine
1433 2653 1636 2710 debito
1651 2659 1758 2709 ter·

103 2741 405 2808 minando,
423 2743 525 2815 qui
544 2741 761 2799 auditis
778 2742 1090 2813 etcognitis
1104 2743 1433 2800 rationibus
1452 2744 1757 2816 utriusque

105 2830 291 2903 partis
318 2830 632 2902 praedictas
650 2831 1022 2903 parochiales
1043 2831 1305 2888 ecclesiae
1340 2832 1396 2887 S.
1427 2831 1757 2888 Salvator-is

107 2919 555 2991 adjudicarunt,
586 2936 771 2992 quam
804 2920 1006 2992 utique
1043 2921 1402 2977 sententiam
1425 2920 1609 2977 felicis
1640 2936 1759 2975 me·

109 3010 313 3067 moria·
342 3010 748 3082 praedecessor
778 3016 978 3068 noster
1017 3010 1350 3068 Alexander
1385 3027 1566 3084 papa,
1610 3011 1761 3066 sicut

105 3115 178 3155 ex
211 3100 416 3155 litteris
449 3099 580 3172 ejus
626 3100 941 3156 manifeste
981 3106 1366 3161 monstratur.
1414 3101 1760 3156 auctoritate

106 3188 438 3261 apostolica
475 3188 799 3258 roboravit,
840 3194 896 3244 et
933 3188 1232 3261 quosdam
1280 3189 1355 3244 de
1395 3188 1760 3261 presbyteris

107 3277 300 3352 ipsius
323 3282 380 3333 et
395 3275 681 3343 ecclesiis,
700 3276 846 3349 quia
867 3286 1077 3333 contra
1099 3277 1454 3334 sententiam
1477 3276 1756 3343 fecerant,

109 3365 396 3439 suspendi
436 3383 473 3423 a
507 3366 707 3422 officio
759 3365 912 3422 fecit.
955 3366 1102 3433 Quia
1140 3366 1322 3436 igitur
1352 3366 1404 3423 J.
1448 3369 1760 3422 Praemare·

104 3456 242 3512 inus
269 3456 350 3527 (ὃ)
375 3462 509 3529 post
537 3455 1023 3529 appellationem,
1051 3461 1106 3511 et
1138 3457 1334 3510 minus
1364 3456 1648 3511 canonice
1670 3454 1762 3510 di·

106 3546 256 3602 citur
285 3544 868 3602 administrationem
911 3544 1238 3616 praelibatae
1286 3543 1549 3600 ecclesias
1606 3559 1763 3600 rece-

106 3635 291 3708 pisse,
320 3639 373 3691 et
400 3639 536 3708 post
567 3634 1031 3707 appellationem
1064 3649 1168 3706 per
1201 3628 1599 3690 conductitios
1635 3648 1762 3705 pre·

108 3725 382 3796 sbyteros
411 3723 705 3796 praedictis
737 3723 1119 3796 parochianis
1149 3723 1356 3780 divina
1387 3722 1521 3779 fecit
1565 3722 1765 3779 officia

108 3814 410 3870 celebrare
443 3829 455 3869 ε
491 3829 564 3869 ne
595 3813 669 3868 de
695 3813 1052 3885 impunitate
1080 3818 1259 3869 tantae
1279 3813 1764 3885 proesumptionis

108 3903 301 3960 valeat
323 3903 583 3975 gloriari,
599 3908 654 3958 et
675 3901 772 3958 alii
791 3901 1067 3974 exemplo
1081 3902 1208 3974 ejus
1225 3902 1545 3958 audaciam
1574 3901 1762 3957 susci·

107 3990 697 4065 piantdeliuquendi,
723 3991 1062 4047 discretioni
1079 3996 1281 4047 vestrae
1305 4006 1409 4062 per
1439 3991 1765 4063 apostolica

107 4080 329 4153 scripta
341 4082 599 4136 districte
615 4079 997 4148 mandamus,
1020 4089 1240 4154 quaten
1252 4097 1318 4135 us
1350 4079 1435 4135 rei
1458 4080 1764 4136 veritatem

108 4171 455 4240 diligentius
494 4170 807 4241 inquiratis
844 4177 921 4234 et,
980 4169 1027 4224 si
1073 4168 1243 4225 vobis
1289 4168 1373 4225 ita
1423 4167 1764 4237 constiterit,

110 4260 462 4334 preadictum
494 4259 545 4313 J.
587 4266 641 4314 et
698 4259 1078 4331 presbyteros
1131 4258 1548 4324 conductitios,
1610 4275 1766 4332 quos

108 4348 246 4404 fecit
272 4345 562 4419 praedictis
594 4345 974 4418 parochianis
1009 4347 1214 4404 divina
1244 4346 1444 4403 officia
1482 4345 1767 4404 celebrari

1781 1700 1826 1756 B

1862 1481 2098 1549 Hurico,
2130 1498 2287 1555 quos
2314 1480 2631 1538 abbatissa
2658 1482 2718 1537 in
2745 1487 3037 1553 potestate
3070 1484 3335 1553 Miganiae
3375 1502 3517 1543 suos

1860 1572 2250 1628 constituerat
2269 1572 2614 1640 servientes,
2647 1573 3055 1627 controversia
3086 1578 3250 1629 mota
3281 1589 3388 1646 per
3414 1590 3523 1648 ap·

1860 1660 2244 1733 pellationem
2275 1659 2352 1716 ad
2374 1665 2590 1716 sanctoe
2614 1658 3048 1716 recordationis
3067 1661 3158 1716 Al.
3175 1677 3348 1735 papae
3368 1679 3521 1735 prae·

1860 1748 2196 1805 decessoris
2228 1750 2432 1814 nostri,
2478 1748 2583 1821 qui
2637 1754 2775 1804 tunc
2806 1754 2928 1804 erat
2959 1749 3230 1816 Senonis,
3272 1751 3520 1809 audien·

1861 1838 2006 1894 tiam
2025 1838 2557 1911 pervenisset,eam
2579 1836 2829 1893 nobiset
2848 1837 3023 1894 bonoe
3047 1839 3352 1897 memoriae
3365 1842 3519 1899 Odo-

1860 1926 2240 1992 ni,S.Nicolai
2263 1927 2324 1982 in
2359 1928 2603 1982 carcere
2628 1925 2898 1982 Tulliano
2919 1926 3178 1983 diacono
3203 1928 3514 1998 cardinali,

1861 2014 2308 2073 terminandam
2338 2014 2657 2070 commisit.
2692 2016 2822 2070 Post
2879 2014 3172 2071 diutinam
3230 2022 3433 2073 autem
3462 2024 3521 2076 et

1860 2105 2153 2177 prolixam
2182 2103 2625 2160 ventilationem
2651 2103 2839 2176 ipsius
2866 2118 3085 2169 causas,
3116 2104 3192 2160 de
3217 2105 3520 2165 voluntate

1862 2194 2146 2266 partium,
2183 2192 2590 2249 mediantibus
2614 2191 2807 2259 nobis,
2837 2192 3018 2247 tinem
3042 2208 3148 2264 per
3167 2194 3518 2265 hujusmodi

1864 2283 2332 2339 transactionem
2349 2281 2578 2352 accepit
2596 2303 2609 2346 ;
2630 2280 2797 2354 quod
2814 2296 3018 2337 comes
3042 2281 3359 2353 praedictos
3374 2299 3522 2357 qua·

1863 2376 2001 2428 tuor
2050 2370 2349 2436 homines,
2385 2385 2594 2426 uxores
2650 2385 2859 2425 eorum
2892 2375 2945 2424 et
2975 2368 3195 2427 liberos
3221 2371 3523 2445 imperpe-

1864 2464 2033 2517 tuum
2064 2459 2372 2516 absolutos
2391 2458 2501 2530 ipsi
2516 2457 2839 2515 abbatissas
2873 2462 3306 2518 etmonasterio
3327 2467 3525 2519 vestro

1864 2549 2112 2614 dimisit,
2132 2549 2209 2605 ita
2241 2548 2381 2604 utin
2406 2548 2492 2603 eis
2522 2546 2748 2603 nullam
2775 2547 3067 2618 justitiam
3095 2548 3529 2622 habeatgexac·

1869 2638 2091 2694 tionem
2125 2637 2402 2694 videlicet
2430 2636 3091 2709 requisitam,quandiu
3118 2640 3448 2695 servientes
3475 2645 3533 2697 et

1868 2725 2290 2783 ministeriales
2322 2723 2668 2781 monasterii
2699 2723 2967 2797 praedicti
2989 2726 3320 2783 exstiterint
3353 2743 3529 2785 :cum

1869 2832 2011 2872 vero
2037 2816 2360 2873 servientes
2406 2816 2534 2870 sive
2576 2814 2996 2871 ministeriales
3045 2831 3177 2872 esse
3223 2816 3527 2890 desierint,

1867 2904 2133 2962 habeant
2160 2905 2217 2961 in
2249 2904 2337 2961 eis
2370 2903 2597 2960 sicutin
2622 2902 2878 2976 propriis
2907 2903 3257 2961 hominibus
3286 2921 3529 2964 monas-

1868 2995 1999 3051 terii
2030 2994 2227 3051 vestri.
2263 2992 2578 3050 Confessus
2596 2995 2685 3049 est
2711 2991 2890 3049 etiam
2920 2997 2978 3049 et
3007 2998 3368 3066 protestatus
3396 2995 3527 3069 ipse

1869 3100 2073 3141 comes
2104 3083 2250 3139 nihil
2275 3082 2499 3139 habere
2530 3082 2590 3138 in
2618 3098 2863 3138 nemore
2896 3082 3211 3152 S.Juliani,
3235 3084 3400 3157 quod
3438 3090 3527 3145 est

1868 3175 1931 3230 in
1953 3173 2123 3239 Otha,
2156 3177 2405 3245 excepta
2428 3171 2691 3245 gruaria.
2736 3171 2846 3229 Sed
2870 3171 3034 3245 quod
3054 3189 3091 3229 a
3120 3175 3526 3235 controversia

1869 3262 2187 3321 hominum
2222 3266 2278 3319 et
2309 3262 2570 3318 nemoris
2596 3261 2841 3317 omnino
2885 3262 3175 3331 discessit,
3209 3279 3320 3337 pro
3366 3280 3525 3324 reve-

1869 3352 2063 3408 rentia
2096 3356 2433 3408 nostrarum
2463 3366 2713 3423 precum
2768 3354 2826 3405 et
2872 3350 3091 3407 intuitu
3148 3354 3370 3410 sororis
3400 3371 3525 3413 suoe

1869 3456 2009 3513 quoe
2036 3441 2094 3496 in
2124 3439 2492 3496 monasterio
2523 3446 2721 3495 vestro
2743 3443 2889 3506 erat,
2919 3444 2976 3495 et
2997 3445 3239 3513 propter
3268 3443 3526 3502 abbatis-

1872 3545 2002 3584 sam
2031 3528 2145 3584 hoc
2175 3529 2314 3598 egit.
2349 3529 2544 3594 Quam
2575 3527 3074 3598 compositionem
3092 3533 3529 3606 praescriptam,

1875 3623 1939 3674 ut
1967 3620 2259 3688 majorem
2280 3615 2500 3672 habeat
2524 3614 2871 3671 firmitatem
2901 3617 3121 3689 scripto
3150 3623 3348 3675 nostro
3369 3636 3531 3694 quae-

1873 3706 1999 3763 ritis
2032 3705 2398 3763 confirmari.
2454 3707 2569 3761 Nos
2621 3705 2832 3760 vestris
2885 3706 3387 3778 postulationibus
3427 3725 3531 3767 an-

1875 3800 2126 3854 nuentes
2156 3810 2288 3851 eam
2316 3794 2468 3850 sicut
2497 3809 2533 3849 a
2558 3792 2831 3867 partibus
2858 3802 3068 3867 sponte
3097 3803 3335 3869 recepta
3365 3804 3534 3858 estet

1875 3891 2127 3949 servata,
2183 3882 2526 3940 auctoritate
2574 3881 2902 3955 apostolica
2971 3883 3420 3956 confirmamus,
3477 3899 3534 3946 et

1876 3974 2191 4047 proesentis
2223 3972 2427 4043 scripti
2486 3971 2820 4045 patrocinio
2879 3975 3376 4038 communimus:
3415 3982 3533 4035 sta·

1876 4067 2112 4119 tuentes
2136 4061 2362 4132 utinulli
2385 4060 2634 4117 omniuo
2657 4060 2972 4118 hominum
2995 4063 3171 4119 liceat
3188 4064 3346 4122 hanc
3367 4068 3534 4138 pagi·

1876 4166 2023 4207 nam
2054 4156 2270 4206 nostrae
2303 4149 2774 4206 confirmationis
2805 4151 3147 4223 infringere,
3181 4153 3271 4210 vel
3296 4154 3350 4211 ei
3378 4172 3534 4214 ausu

1877 4240 2195 4297 temerario
2227 4239 2656 4296 contradicere.
2692 4240 2750 4296 Si
2793 4240 2930 4313 quis
2962 4247 3163 4298 autem
3205 4243 3323 4302 hoc
3348 4249 3536 4303 atten-

1880 4333 2004 4385 tare
2034 4329 2512 4403 praesumpserit,
2569 4329 3046 4399 indignationem
3099 4334 3533 4408 omnipotentis

110 4436 191 4493 ab
220 4435 439 4501 officiO,
459 4442 688 4492 remoto
714 4436 1134 4509 appellationis
1158 4434 1493 4504 obstaculo,
1522 4453 1768 4510 suspen·
1800 4417 1848 4474 D
1878 4418 1984 4474 Dei
2017 4434 2087 4474 ⁸³⁰
2114 4417 2429 4475 beato‘um
2486 4417 2637 4475 Petri
2677 4424 2733 4474 0²
2764 4418 2931 4475 pann
2959 4422 3373 4493 ⁸90⁸¹⁰¹0fflm
3403 4425 3535 4498 05⁰⁸

109 4525 289 4591 datis,
316 4530 373 4581 et
402 4524 611 4580 tandiu
650 4524 878 4581 faciatis
919 4540 1162 4582 manere
1218 4540 1568 4598 suspensos,
1622 4541 1771 4599 quo·

109 4630 300 4687 usque
315 4613 561 4686 praefato
585 4613 765 4686 priori
788 4619 844 4670 et
866 4612 1150 4672 fratribus
1172 4612 1565 4681 satisfaciant,
1594 4620 1772 4688 prout

109 4704 474 4761 canonicum
501 4703 691 4769 fuerit,
718 4707 820 4760 aut
852 4703 930 4761 ad
981 4702 1380 4776 apostolicam
1430 4705 1637 4761 sedem
1674 4721 1773 4762 sa-

110 4792 321 4853 tisfacti
366 4792 670 4850 accedant.
710 4795 906 4849 Testes
957 4800 1158 4850 autem
1216 4809 1371 4867 quos
1430 4791 1545 4867 ipsi
1598 4794 1770 4851 vobis

113 4882 389 4939 duxerint
430 4882 859 4948 nominandos,
912 4882 1143 4939 veritati
1206 4882 1614 4939 testimonium
1642 4883 1770 4940 red·

113 4970 254 5027 dere
291 4973 630 5038 moneatis;
675 4971 862 5045 quod,
896 4972 945 5026 si
1004 4971 1119 5028 hoc
1180 4973 1372 5041 gratia
1428 4971 1517 5028 vel
1560 4973 1772 5031 timore

114 5060 446 5127 omiserint,
478 5076 581 5116 eos
623 5061 701 5116 ad
734 5060 1054 5117 dicendam
1102 5061 1413 5117 veritatem
1448 5058 1772 5119 districtius

118 5150 466 5206 auctoritate
498 5155 705 5207 nostra
731 5150 980 5221 cogatis.

191 5237 339 5295 Data
368 5237 662 5312 Laterani,
688 5246 802 5297 xvii
834 5240 960 5298 Kal.
992 5241 1313 5301 Februarii.

187 5440 261 5505 (3)
289 5434 1223 5527 LeonardusDonat0‚episcopus
1258 5442 1662 5524 Forcellanus.

189 5508 269 5582 (4)
288 5505 700 5577 lldebrandus,
725 5523 887 5582 prior
916 5510 977 5566 S.
1002 5512 1192 5568 Mariae
1218 5511 1296 5569 de
1323 5510 1639 5573 Chai-itate.

405 5611 650 5669 Parnoi..
689 5610 800 5671 CCl
813 5655 828 5670 .

1880 4523 1943 4564 se
1969 4507 2196 4564 noverit
2225 4506 2638 4565 incursurum.

1955 4598 2168 4654 Datum
2197 4596 2496 4663 Laterani,
2523 4612 2601 4652 ιιι
2636 4595 2935 4655 Kalendas
2972 4597 3293 4657 Februarii.

2582 4721 2666 4775 XX
2679 4716 2826 4775 vlu.

1878 4806 2232 4865 Monasterii
2253 4807 2317 4864 S.
2352 4805 2521 4890 Petri
2546 4805 2934 4878 Stivaqiensis
2962 4809 3337 4891 possessiones
3365 4827 3542 4882 quas·

1952 4878 2193 4950 dam,ab
2214 4879 2457 4936 ecclesia
2484 4878 2978 4950 Hohenburqenst
3005 4879 3180 4937 datas
3202 4884 3542 4951 confirmat.

2396 4967 2715 5040 (Laterani,
2741 4968 2872 5023 Jan.
2907 4971 3023 5040 22.)

1884 5053 2258 5130 [Hucossacri
2275 5061 2331 5114 et
2351 5056 2627 5114 canonici
2637 5056 2864 5113 ordinis
2878 5058 3233 5116 Praemonst.
3248 5060 3544 5128 Annales,

2336 5151 2377 5202 t.
2408 5146 2476 5211 11,
2509 5145 2707 5213 Proh„
2738 5160 2877 5218 pag.
2912 5147 3086 5222 cch.

1955 5235 2157 5292 Luctus
2186 5235 2529 5310 episcopus,
2552 5250 2758 5292 servus
2785 5251 3094 5295 servorum
3147 5238 3267 5305 Dei,
3317 5239 3550 5298 dilectis

1962 5451 2043 5526 (ὅ)
2070 5452 2333 5509 Joannes
2360 5451 2802 5517 praemarenus,
2824 5451 2989 5525 pleb.
3017 5454 3075 5510 S.
3114 5453 3553 5515 Bartholomaei.

3201 5630 3274 5688 35
