3784 6000
102 220 245 285 1281

1102 215 1467 276 EPISTOLAE
1502 214 1592 274 ΕΤ
1628 212 2063 275 PRIVILEGIA.
2106 247 2177 262 -
2212 217 2330 275 ΑΝ.
2370 213 2532 277 1¹84.

3393 208 3534 281 1282

106 346 261 404 villae
278 351 399 403 tam
421 347 479 403 in
506 347 691 404 bosco
706 362 893 419 quam
919 346 980 402 in
1006 344 1206 417 plano,
1224 343 1540 403 ecclesiam
1564 343 1763 401 Sancti
1795 347 1841 402 Α
1882 343 2211 416 septarium
2229 342 2365 418 plus
2383 343 2443 400 in
2461 343 2713 414 singulis
2729 342 2970 412 modiis,
2991 346 3310 417 pecuniam
3341 363 3529 421 quam

107 436 397 510 Stephani
443 436 516 491 de
555 436 893 492 condeiaco
940 451 1079 491 cum
1128 433 1378 491 decimis
1425 438 1483 490 et
1524 431 1764 490 duabus

105 524 377 599 partibus
405 524 771 581 tortellorum
798 525 858 581 in
886 523 1148 580 crastino
1178 522 1399 580 Natalis
1425 522 1684 588 Domini,
1712 529 1770 578 et

105 613 567 671 candelarumin
585 614 996 670 purificatione
1021 614 1210 669 Beatoe
1234 611 1446 677 Mariae,
1470 611 1768 683 capellam

108 703 309 761 Sancti
338 703 563 758 Martini
592 703 650 757 in
681 702 896 759 eadem
928 701 1234 773 parochia,
1263 716 1480 756 novem
1518 704 1770 772 arpenta

106 791 1201 864 pratoruminterenmdemetpontem
1214 787 1768 855 deConde,furnum

106 885 165 936 et
196 879 609 936 molendinum
648 880 723 936 de
752 879 1031 935 firmitate
1058 877 1309 944 Aneulfl,
1345 876 1660 934 ecclesiam
1694 876 1769 934 de

106 968 495 1025 chaminiaco
515 985 654 1025 cum
700 968 951 1024 decimis
999 970 1058 1023 et
1077 966 1308 1038 capella
1352 968 1545 1022 Beatae
1577 964 1770 1022 marite

107 1057 476 1128 Magdalenae
495 1057 553 1113 in
580 1057 796 1113 eodem
819 1056 948 1113 loco
980 1056 1113 1121 sita,
1142 1055 1377 1111 tertiam
1400 1059 1631 1127 partem
1665 1055 1770 1110 de-

108 1149 406 1205 cimarum
433 1146 507 1202 de
539 1147 903 1202 busenciaco
929 1162 1067 1201 cum
1097 1145 1231 1201 aliis
1263 1144 1512 1200 decimis
1543 1149 1600 1199 et
1634 1143 1769 1200 red-

109 1235 336 1291 ditibus
359 1250 494 1306 quae
522 1234 581 1288 in
611 1234 822 1289 eadem
850 1233 1138 1305 parochia
1164 1232 1506 1305 possidetis,
1551 1232 1769 1288 molen-

109 1324 324 1380 dinum
359 1322 725 1394 unumapud
755 1321 955 1378 Vavas
969 1337 1108 1378 cum
1122 1319 1470 1393 pratoquod
1485 1320 1770 1377 Brubium

109 1412 331 1469 dicitur
373 1427 512 1467 cum
565 1409 904 1482 hospitibus
950 1410 1129 1467 etiam
1176 1417 1232 1466 et
1273 1410 1401 1466 aliis
1443 1409 1771 1466 redditibus

111 1507 172 1558 et
200 1502 405 1574 pratis,
437 1516 573 1574 quoe
597 1499 832 1556 habetis
862 1499 923 1555 in
948 1498 1251 1571 parochiis
1276 1499 1352 1555 de
1388 1499 1771 1555 chaminiaco

112 1596 171 1647 et
215 1589 589 1653 Lusentiaco,
656 1592 862 1655 terras,
922 1602 1134 1661 aquas,
1191 1593 1381 1661 prata,
1420 1603 1669 1643 nemora
1716 1589 1775 1643 ei.

1875 431 2113 487 habetis
2144 431 2307 503 apud
2354 432 2649 498 Asverias,
2691 432 2854 504 apud
2899 434 3242 493 Eschancru
3272 443 3535 510 quatuor

1876 519 2101 577 solidos
2126 522 2201 578 de
2227 536 2433 587 censu,
2456 521 2531 578 de
2558 525 2715 578 terra
2749 521 3064 579 salviniaci
3096 524 3157 580 in
3188 526 3438 584 ecclesia
3457 528 3533 584 de

1876 609 2105 665 Placeio
2122 615 2401 682 quartam
2422 614 2654 682 partem
2682 609 3048 668 tortellarum
3079 617 3136 668 et
3155 612 3533 671 oblationum

1877 696 1937 753 in
1971 699 2282 754 Nativitate
2318 697 2575 757 Domini.
2607 699 2667 754 in
2699 698 2951 764 Pascha,
2982 699 3222 757 infesto
3255 703 3535 760 Omnium

1879 787 2255 854 Sanctorum,
2288 791 2345 843 et
2381 786 2582 843 Sancti
2620 787 2887 853 victoris,
2921 795 2979 843 et
3000 787 3152 846 duas
3191 794 3391 863 partes
3430 791 3539 848 de-

1876 875 2195 944 cimarum,
2213 874 2413 931 villam
2428 890 2566 947 quae
2581 873 2800 932 dicitur
2826 877 3140 935 Bennarim
3154 894 3294 934 cum
3310 894 3537 952 appen-

1877 961 2048 1018 diciis
2073 977 2217 1031 suis,
2258 967 2313 1018 et
2340 962 2597 1034 justitia,
2630 966 2690 1018 et
2716 964 3018 1038 quidquid
3058 965 3292 1023 habetis
3342 966 3403 1024 in
3431 967 3539 1024 ho·

1880 1050 2166 1120 minibus,
2196 1051 2402 1124 pratis,
2448 1056 2506 1107 et
2532 1051 2814 1107 censibus
2856 1054 3021 1125 apud
3067 1056 3435 1125 congiacum
3480 1060 3540 1114 et

1880 1140 2047 1210 apud
2093 1139 2370 1206 Uvivum,
2407 1146 2638 1197 sextam
2674 1150 2905 1214 partem
2931 1143 3180 1201 decimae
3225 1146 3301 1202 de
3329 1144 3535 1213 blado,

1879 1229 2043 1301 apud
2062 1229 2585 1302 sanctipelliacum
2603 1231 2758 1287 duos
2776 1234 3063 1288 sextarios
3079 1248 3284 1291 avenae
3306 1238 3363 1291 et
3380 1233 3538 1292 duos

1878 1317 1956 1373 de
1972 1315 2272 1374 frumento
2291 1334 2432 1374 cum
2451 1318 2707 1390 terragio
2723 1325 2778 1376 et
2798 1336 3006 1386 censu,
3030 1323 3192 1394 apud
3224 1323 3538 1380 Orthollim

1880 1404 2035 1463 duas
2075 1412 2274 1479 partes
2315 1407 2584 1472 decimae,
2656 1414 2873 1480 quator
2930 1412 3219 1467 sextarios
3255 1412 3540 1469 frumenti

1879 1496 1987 1567 qui
2015 1495 2240 1552 debent
2263 1496 2442 1569 recipi
2475 1496 2536 1552 in
2568 1499 2823 1568 grangia
2847 1499 3045 1556 Sancti
3071 1500 3339 1559 Faronis.
3372 1500 3538 1574 apud

1884 1583 2242 1642 Vanderiam
2271 1600 2379 1657 pro
2405 1585 2725 1644 encambio
2753 1587 2830 1642 de
2876 1588 3159 1645 Panchat-
3194 1592 3256 1644 ln
3304 1589 3537 1648 civitate

110 1675 946 1751 hospitesquoehabetisapud
959 1675 1543 1749 crupellarias,apud
1563 1676 1773 1733 Canes·
1799 1699 1845 1756 Β
1883 1673 2162 1731 Ueldensi
2186 1674 2503 1731 ecclesiam
2536 1675 2734 1731 Sancti
2760 1676 3163 1749 Christophori
3193 1694 3332 1735 cum
3371 1678 3542 1737 tertia

113 1764 1605 1839 cellum,etapudCaminiaeumoctosextariaavenae
1618 1779 1774 1837 quos

116 1856 312 1913 reddit
337 1853 659 1911 Ausculrus
692 1854 767 1910 de
793 1856 992 1911 marvo
1032 1869 1140 1925 pro
1190 1852 1507 1910 excambio
1550 1851 1774 1909 molen·

112 1945 261 2010 dini,
293 1943 569 2001 eclesiam
601 1945 675 1998 de
706 1941 1014 1999 chaelliaco
1046 1958 1184 1998 cum
1225 1942 1474 1998 decimis
1511 1947 1569 1998 et
1611 1940 1775 1998 obla·

117 2033 402 2099 tionibus,
444 2037 500 2089 et
526 2030 823 2104 quidquid
854 2029 1091 2087 habetis
1126 2031 1188 2086 in
1217 2030 1433 2086 eadem
1465 2030 1772 2102 parochia,

114 2121 374 2179 interris
419 2127 476 2179 et
522 2119 791 2190 terragiis
837 2119 962 2175 sive
1015 2118 1148 2176 aliis
1191 2116 1551 2184 redditibus,
1594 2119 1774 2176 eccle·

115 2211 270 2268 siam
300 2211 375 2266 de
410 2212 604 2282 Bussy
637 2225 777 2265 cum
825 2207 1073 2265 decimis
1116 2213 1173 2265 et
1219 2207 1461 2265 duabus
1504 2208 1775 2280 partibus

117 2299 508 2356 candelarum
525 2300 584 2354 in
607 2296 778 2354 Purifl
790 2298 1023 2354 catione
1041 2298 1270 2354 Sanctae
1286 2297 1500 2363 Maria,
1527 2302 1584 2352 et
1601 2296 1775 2354 obla-

119 2389 352 2445 tionum
382 2389 442 2443 in
475 2385 720 2451 Pascha,
752 2384 1059 2442 Nativitate
1094 2385 1347 2450 Domini,
1378 2391 1436 2441 et
1465 2385 1613 2442 testo
1644 2387 1778 2442 Om-

121 2477 292 2534 nium
320 2478 674 2534 Sanctorum
697 2479 751 2531 et
774 2475 830 2531 S.
855 2473 1128 2545 Sulpicii,
1143 2473 1462 2530 ecclesiam
1482 2473 1557 2530 de
1582 2474 1779 2531 Duciis

118 2582 260 2623 cum
288 2565 458 2622 tertia
483 2570 649 2637 parte
680 2562 1049 2620 tortellorum
1077 2563 1137 2618 in
1170 2562 1483 2619 Nativitate
1517 2562 1775 2630 Domini,

119 2660 177 2712 et
189 2653 578 2711 candelarum
590 2654 652 2708 in
667 2651 1083 2708 Purificatione
1098 2651 1331 2708 Sanctae
1344 2651 1778 2716 Mariae,terram

119 2744 195 2801 de
226 2741 519 2809 chalmot,
552 2756 766 2797 nemus
793 2741 868 2797 de
895 2738 1100 2811 Rugel,
1135 2755 1349 2797 nemus
1376 2740 1611 2797 Bulardi
1639 2756 1779 2797 cum

122 2848 368 2889 nemore
380 2831 454 2887 de
467 2830 749 2888 Molerain
768 2829 1051 2902 parochia
1077 2829 1152 2885 de
1171 2827 1433 2898 Staalda,
1461 2828 1780 2887 dimidium

122 2921 561 2985 molendinum,
601 2919 892 2983 decimas,
936 2922 993 2973 et
1030 2917 1182 2975 alios
1233 2917 1524 2987 redditus,
1569 2923 1778 2985 terras,

123 3011 416 3082 hospites,
444 3012 618 3082 prata
665 3023 799 3080 quas
835 3006 1070 3063 habetis
1101 3006 1265 3079 apud
1299 3008 1592 3076 Teviants,
1624 3006 1781 3064 deci-

125 3116 290 3157 mam
321 3104 554 3172 partem
601 3096 851 3153 decimae
877 3094 953 3152 de
998 3096 1353 3152 Montiniaco
1381 3110 1452 3152 ex
1494 3111 1569 3153 ea
1617 3101 1782 3168 parte

125 3205 301 3263 aquoe
318 3203 454 3261 quae
471 3201 683 3242 versus
696 3183 1011 3240 ecclesiam
1028 3188 1119 3240 est
1141 3184 1404 3257 exceptis
1425 3185 1602 3257 aquis
1623 3190 1682 3241 et
1702 3184 1786 3241 vi-

126 3278 284 3344 tulis,
321 3282 538 3333 terram
564 3281 621 3331 et
650 3277 825 3346 prata
851 3272 927 3328 de
960 3273 1129 3337 Usco,
1167 3273 1400 3328 tertiam
1428 3283 1660 3345 partem
1686 3272 1788 3330 de-

126 3368 298 3424 cimae
329 3365 405 3422 de
440 3362 704 3422 Mesilam
732 3362 795 3417 in
844 3360 1026 3418 blado
1054 3375 1195 3417 cum
1239 3367 1431 3418 tractu
1458 3365 1518 3418 et
1553 3362 1784 3418 tertiam

128 3459 363 3530 partem
405 3454 775 3510 minutarum
830 3448 1227 3516 decimarum,
1283 3450 1450 3522 apud
1489 3450 1788 3507 iahamias

128 3550 346 3603 terram
396 3541 689 3601 arabilem
733 3554 871 3595 cum
929 3537 1136 3610 viginti
1183 3540 1372 3596 tribus
1419 3538 1684 3596 denariis
1713 3537 1789 3596 de

124 3648 330 3697 censu,
354 3648 459 3689 sex
483 3629 706 3688 solidos
722 3629 798 3685 de
813 3643 998 3684 censu
1021 3628 1081 3684 in
1106 3627 1360 3685 eeclesia
1375 3627 1451 3685 de
1473 3627 1786 3701 venderia,

125 3728 184 3780 et
226 3721 510 3780 undecim
555 3724 755 3793 partes
800 3717 1175 3774 decimarum
1237 3720 1361 3775 tam
1423 3717 1790 3774 minutarum

125 3827 312 3886 quam
344 3810 599 3868 aliarum
630 3812 688 3865 et
707 3805 1075 3865 tortellarum
1105 3805 1167 3862 in
1193 3806 1503 3864 Nativitate
1536 3806 1790 3872 Domini,

128 3907 186 3957 et
224 3915 436 3957 omnes
466 3897 751 3955 candelas
779 3897 841 3952 in
881 3894 1295 3952 Purifioatione
1336 3896 1532 3953 Beatae
1579 3895 1789 3957 Uariaeo

125 3989 390 4061 exceptis
407 3986 729 4044 duodecim
758 3990 815 4041 et
835 3982 1098 4056 exceptis
1116 3983 1362 4040 minutis
1376 3983 1627 4042 decimis
1646 4000 1795 4059 qua-

128 4086 265 4135 tuor
308 4077 614 4149 hospitum
642 4074 842 4130 Sancti
880 4072 1143 4137 Faronis,
1191 4079 1404 4141 terras,
1449 4077 1644 4146 prata,
1692 4074 1795 4132 ho·

132 4170 322 4224 mines
335 4181 442 4221 seu
457 4164 724 4236 hospites
749 4169 806 4218 et
832 4161 1120 4228 redditus,
1147 4162 1376 4235 quosin
1391 4161 1492 4219 illa
1508 4163 1795 4234 parochia

133 4256 403 4314 habetis:
434 4255 671 4310 tertiam
694 4255 928 4325 partem
957 4250 1330 4308 decimarum
1361 4250 1437 4306 de
1470 4252 1791 4322 Huguerre,

135 4362 271 4403 cum
305 4346 475 4401 tertia
506 4346 675 4416 parte
705 4340 1075 4397 tortellorum
1100 4339 1160 4395 in
1192 4340 1507 4397 Nativitate
1538 4340 1792 4409 Domini,

1883 1768 2050 1838 parte
2077 1763 2456 1820 oblationum
2497 1764 2558 1819 in
2589 1763 2920 1830 Nativitate,
2968 1767 3028 1821 in
3072 1766 3426 1838 Epiphania,
3476 1767 3538 1825 in

1882 1854 2127 1919 Pascha,
2160 1854 2217 1908 in
2249 1853 2615 1919 Pentecoste,
2646 1853 2707 1908 in
2739 1852 3052 1911 testivitate
3082 1856 3362 1912 Omnium
3392 1858 3543 1914 San-

1883 1948 2138 2008 ctorum,
2165 1940 2225 1995 in
2253 1941 2668 1997 purificatione
2694 1955 2831 1996 vero
2860 1942 3050 1997 Beatae
3066 1942 3285 2008 Mariae,
3309 1941 3540 2001 infesto

1884 2030 2078 2088 sancti
2110 2027 2519 2100 christophori
2547 2029 2780 2085 tertiam
2822 2034 3051 2101 partem
3096 2030 3489 2089 candelarum
3521 2047 3539 2101 ς

1882 2123 2022 2178 item
2068 2119 2128 2175 in
2159 2117 2372 2175 eadem
2403 2118 2639 2174 civitate
2667 2119 2899 2175 tertiam
2948 2125 3178 2191 partem
3224 2135 3542 2186 censuum,

1883 2225 2041 2283 quos
2066 2207 2380 2264 habentex
2395 2208 2558 2263 dono
2588 2206 2817 2264 Wiardi
2834 2208 2910 2263 de
2934 2207 3230 2265 venderia
3248 2224 3388 2267 cum
3411 2210 3545 2284 qui·

1884 2297 2148 2356 busdam
2175 2296 2483 2361 censibus,
2516 2295 2834 2352 dimidium
2864 2296 3131 2354 modium
3162 2298 3329 2355 bladi
3357 2315 3542 2373 quem

1885 2387 2147 2444 reddunt
2171 2385 2343 2442 vobis
2369 2384 2588 2457 leprosi
2620 2385 2889 2457 ejusdem
2927 2386 3117 2454 urbis,
3147 2403 3255 2460 pro
3284 2393 3442 2445 terra
3467 2387 3543 2445 de

1887 2475 2163 2534 Chamolt
2181 2473 2336 2531 duas
2357 2480 2556 2545 partes
2581 2474 2833 2531 decimas
2855 2475 2930 2531 de
2954 2478 3226 2534 varenna
3245 2492 3385 2533 cum
3405 2477 3545 2548 jnre

1888 2563 2395 2638 praesentationis,
2443 2563 2609 2636 quod
2654 2562 2712 2619 in
2744 2563 2973 2620 eisdem
3004 2564 3267 2621 ecclesiis
3309 2566 3550 2623 habetis

1886 2655 1950 2711 in
1978 2652 2131 2710 villis
2161 2655 2343 2709 etiam
2371 2653 2600 2717 vestris,
2642 2658 2700 2708 et
2721 2652 3071 2709 hominibus
3096 2653 3347 2711 liberam
3373 2655 3553 2726 iusti-

1889 2744 2058 2809 tiam,
2080 2743 2231 2798 sicut
2253 2740 2333 2797 ab
2344 2743 2471 2797 Ada
2489 2741 2949 2811 vicecomitissa,
2973 2749 3030 2798 et
3055 2742 3133 2798 ab
3161 2746 3406 2813 lingone
3423 2742 3549 2801 fllio

1888 2833 2020 2903 ejus
2055 2831 2275 2903 scripto
2310 2834 2400 2885 est
2435 2831 2777 2887 authentico
2816 2830 3194 2897 confirmata,
3222 2833 3365 2889 item
3393 2832 3547 2890 deci·

1892 2938 2056 2978 mam
2076 2920 2151 2976 de
2175 2919 2467 2977 Firmitate
2492 2919 2643 2976 etde
2666 2920 2915 2992 canday
2942 2926 3065 2977 tam
3100 2922 3160 2977 in
3193 2922 3331 2977 vino
3359 2937 3550 2995 quam

1892 3012 1955 3068 in
1975 3025 2187 3081 grano.
2213 3009 2361 3065 Villa
2387 3009 2869 3081 Eleemosynarii,
2894 3009 3194 3069 villarium
3220 3026 3360 3068 cum
3379 3010 3551 3084 justi·

1892 3099 1998 3166 tia,
2031 3098 2229 3155 villam
2284 3097 2360 3153 de
2407 3097 2787 3170 v0rpellariis
2835 3114 2976 3155 cum
3001 3099 3235 3171 justitia
3287 3114 3360 3155 ex
3388 3099 3554 3157 dono

1893 3187 2161 3259 Agathoe,
2176 3185 2475 3242 decimam
2489 3186 2563 3241 de
2579 3187 2961 3253 chaviniaco,
2980 3189 3364 3246 medietatem
3392 3187 3557 3246 deci-

1896 3292 2012 3334 moe
2033 3276 2109 3332 de
2121 3276 2492 3342 Nucimento,
2508 3274 2921 3333 molendinum
2942 3278 3017 3333 de
3035 3278 3280 3346 vannis,
3297 3279 3554 3336 boscum

1897 3371 1953 3422 et
1972 3364 2238 3431 hospites
2264 3363 2340 3419 de
2362 3363 2676 3420 chasverel
2700 3380 2775 3421 ex
2797 3366 2960 3421 deno
2988 3366 3223 3423 Radultl
3249 3366 3324 3423 de
3351 3375 3553 3424 monte

1903 3452 2177 3520 mirabili,
2192 3450 2483 3508 allodium
2495 3451 2570 3508 de
2588 3452 2989 3509 Chamotcum
3004 3455 3380 3527 appendiciis
3404 3457 3551 3523 suis,

1898 3542 2175 3598 homines
2220 3556 2466 3613 quoque
2510 3546 2568 3597 et
2595 3540 2844 3597 ancillas
2889 3542 2966 3598 de
3011 3543 3331 3611 Firmitate,
3406 3544 3562 3605 sicut

1901 3632 2072 3702 Hugo
2095 3628 2270 3687 albus
2292 3643 2397 3686 eos
2429 3634 2717 3697 tenuerat,
2746 3629 3038 3687 allodium
3056 3631 3131 3687 de
3162 3634 3387 3690 Pavant
3415 3647 3555 3689 cum

1902 3724 2037 3777 octo
2080 3717 2438 3791 hospitibus,
2482 3724 2537 3775 et
2562 3718 2813 3790 justitia.
2862 3723 2920 3775 et
2945 3720 3429 3791 possessionibus
3456 3734 3558 3780 eo·

1859 3804 1864 3808 ’
1902 3824 2060 3876 rum,
2092 3807 2389 3865 decimam
2420 3808 2495 3863 de
2542 3807 2727 3874 Rutel,
2778 3807 3069 3865 allodium
3114 3810 3191 3865 de
3239 3810 3433 3868 crutis
3481 3826 3557 3868 ex

1903 3901 2066 3955 dono
2095 3896 2372 3954 Willelmi
2402 3895 2750 3963 Joharanni,
2803 3901 3021 3954 terram
3052 3903 3110 3954 et
3137 3897 3435 3956 redditum
3479 3899 3555 3958 de

1906 3990 2162 4045 Freneco
2192 4000 2266 4043 ex
2283 3984 2447 4042 dono
2477 3984 2630 4041 Petri
2651 3985 2727 4042 de
2746 3988 2976 4056 Trema,
2991 3993 3051 4043 et
3070 3987 3328 4044 Simonis
3356 3987 3556 4045 fratris

1905 4076 2020 4148 sui,
2073 4080 2289 4131 terram
2337 4078 2394 4131 et
2422 4074 2687 4147 hospites
2716 4075 2792 4131 de
2815 4075 3097 4132 Jorcham
3125 4091 3200 4132 ex
3255 4075 3420 4134 dono
3451 4079 3563 4136 Re-

1905 4163 2130 4236 ginaldi
2155 4162 2476 4220 Gur-donis.
2508 4162 2654 4218 Item
2679 4168 2918 4228 terram,
2951 4165 3275 4229 decimam,
3306 4179 3556 4222 censum

1904 4260 1963 4310 et
1985 4256 2401 4310 casamentum
2414 4250 2645 4307 Anculfi
2656 4251 2732 4307 de
2755 4252 2956 4309 Conde
2966 4253 3128 4325 apud
3144 4254 3273 4310 Lori
3288 4260 3345 4311 et
3366 4257 3559 4313 Tauro

1908 4341 2286 4398 medietatem
2326 4344 2517 4407 terrie,
2543 4344 2600 4397 et
2632 4341 2901 4411 grangiae
2930 4342 3005 4397 de
3043 4343 3258 4413 Duciis,
3290 4358 3363 4400 ex
3395 4342 3563 4402 dono

130 4442 318 4493 terras
343 4439 400 4490 et
437 4432 703 4504 hospites
750 4435 807 4486 et
834 4428 1102 4486 redditus
1145 4428 1316 4495 alios,
1364 4444 1522 4501 quos
1560 4429 1796 4488 habetis
1824 4416 1872 4473 D
1908 4429 2146 4488 Roberti
2174 4429 2250 4485 de
2281 4430 2437 4502 Lisy,
2470 4435 2691 4486 terram
2715 4429 2791 4485 de
2817 4432 3006 4487 cusiis
3035 4446 3108 4488 ex
3137 4433 3299 4489 dono
3326 4433 3565 4491 Roberti

132 4525 297 4596 apud
327 4522 680 4586 Lot-iacum3
714 4517 1093 4575 medietatem
1127 4517 1378 4575 decimo
1401 4518 1478 4574 de
1525 4518 1797 4592 crespeel

135 4616 322 4670 tractu
338 4609 500 4682 apud
512 4607 797 4673 vendeul,
813 4608 1050 4663 tertiam
1065 4611 1298 4678 partem
1318 4605 1571 4664 decimae
1593 4608 1796 4665 Sancti

131 4702 160 4757 J
169 4700 347 4757 uliani
383 4714 522 4754 cum
554 4696 724 4754 tertia
754 4700 918 4768 parte
954 4695 1282 4767 hospitum,
1323 4695 1479 4762 atrii,
1509 4701 1566 4752 et
1597 4698 1795 4754 tortel-

133 4792 348 4856 larum,
389 4793 446 4844 et
489 4785 659 4861 quod
698 4783 935 4842 habetis
984 4783 1045 4840 in
1084 4782 1336 4841 decimis
1375 4788 1434 4841 et
1466 4784 1796 4843 redditibus

135 4878 301 4951 apud
319 4875 646 4941 candelus,
659 4872 982 4931 dimidium
996 4872 1270 4928 modium
1283 4870 1565 4930 frumenti
1590 4873 1651 4930 in
1673 4889 1799 4931 mo·

134 4967 381 5024 lendino
411 4966 485 5022 de
513 4967 745 5029 Trema,
777 4961 1072 5035 capellam
1120 4962 1181 5017 B.
1216 4962 1415 5019 Μαι-ἰῶ
1451 4962 1529 5019 de
1569 4963 1799 5022 Lisiaco

140 5073 277 5113 cum
308 5056 496 5113 tribus
512 5053 733 5112 modiis
752 5052 1056 5119 frumenti,
1078 5050 1562 5124 quirecipinntur
1585 5052 1646 5109 in
1674 5068 1802 5111 mo-

139 5138 398 5202 lendinis
416 5144 690 5216 ejusdem
706 5142 842 5208 loci,
867 5141 1145 5198 etdecem
1157 5139 1384 5197 solidos
1405 5156 1544 5197 cum
1559 5140 1800 5199 duobus

142 5233 359 5290 modiis
382 5233 598 5303 vinagii
617 5238 674 5288 et
689 5231 932 5287 duobus
955 5229 1243 5294 denariis,
1266 5244 1646 5304 unaquaque
1658 5230 1802 5288 heb-

141 5321 410 5378 domada
432 5321 494 5376 in
536 5319 664 5377 foro
696 5327 754 5376 et
783 5319 1011 5376 caeteris
1058 5318 1138 5375 ad
1185 5317 1466 5375 eamdem
1505 5319 1799 5391 capellam

142 5409 578 5484 pertinentibus
598 5410 660 5465 in
680 5408 895 5466 eodem
923 5407 1057 5465 loco
1081 5412 1139 5464 et
1168 5407 1331 5481 apud
1354 5407 1647 5476 villerias,
1676 5424 1802 5465 me-

143 5499 426 5559 dietatem
454 5498 701 5555 decimae
729 5496 805 5555 de
852 5497 1035 5555 blado
1082 5513 1223 5555 cnm
1272 5501 1462 5555 tractu
1505 5501 1565 5555 et
1609 5512 1801 5556 unum

1904 4520 1981 4576 de
2003 4517 2232 4575 Lisiaro
2259 4518 2499 4585 Goonis,
2531 4517 2607 4574 de
2637 4519 2826 4575 caudi
2852 4525 2910 4575 et
2933 4520 3158 4576 odonis
3193 4521 3269 4578 de
3297 4521 3563 4591 Staalda,

1905 4607 2205 4668 decimam
2247 4606 2324 4664 de
2346 4606 2725 4673 nontiniaco,
2754 4608 2998 4664 furnum
3024 4608 3100 4664 de
3129 4609 3476 4667 Gaudeluco
3506 4612 3566 4667 et

1905 4697 2203 4770 foragium
2220 4694 2494 4768 ejusdem
2508 4696 2688 4752 castri
2703 4696 3002 4767 praedictoe
3014 4698 3340 4754 comitissas
3366 4702 3424 4756 et
3445 4701 3563 4755 flu·

1906 4785 2078 4858 gonis
2106 4783 2211 4840 filii
2252 4784 2404 4855 ejus,
2438 4799 2614 4839 usum
2657 4782 2814 4840 furni
2848 4789 2905 4840 et
2933 4784 3154 4841 domus
3186 4785 3340 4844 sicut
3367 4786 3432 4844 in
3459 4803 3565 4843 au·

1906 4873 2168 4931 thentico
2179 4887 2388 4930 eorum
2402 4873 2623 4944 scripto
2634 4874 2987 4941 continetur,
3009 4874 3069 4931 in
3080 4874 3334 4932 ecclesia
3373 4877 3565 4932 Beatoe

1906 4962 2099 5022 Uaria!
2127 4961 2205 5019 de
2236 4960 2429 5018 Duciis
2462 4962 2734 5034 quinque
2765 4962 3002 5019 modios
3033 4962 3318 5021 frumenti
3344 4963 3406 5020 in
3433 4963 3565 5023 Mel-

1909 5051 2079 5108 densi
2096 5051 2378 5122 granario
2398 5049 2606 5120 viginti
2621 5050 2845 5108 solidos
2869 5051 2928 5109 in
2961 5053 3393 5110 consuetudine
3425 5069 3564 5126 quae

1908 5139 2266 5214 passagium
2309 5138 2545 5204 dicitur,
2589 5138 2744 5196 duos
2765 5159 2770 5164 ⁶
2794 5142 3080 5199 sextarios
3128 5140 3271 5198 salis
3314 5142 3565 5214 singulis

1910 5228 2107 5296 annis,
2126 5228 2225 5300 jus
2247 5230 2305 5285 et
2326 5228 2599 5293 domum,
2622 5243 2759 5301 quoe
2771 5229 2943 5302 juxta
2961 5229 3214 5287 domum
3245 5231 3356 5287 sita
3382 5236 3566 5288 estex

1910 5319 2073 5376 dono
2093 5315 2392 5391 praedictae
2412 5318 2865 5374 vicecomitissae
2894 5325 2953 5376 et
2977 5318 3079 5375 filii
3101 5320 3153 5390 ej
3164 5336 3254 5385 us,
3286 5324 3565 5377 mortuas

1910 5408 2091 5466 etiam
2115 5421 2355 5471 manus,
2377 5411 2434 5463 et
2449 5407 2888 5478 recognitiones
2916 5423 3224 5467 servorum
3245 5415 3302 5466 et
3327 5408 3566 5467 ancilla·

1911 5512 2069 5566 rum,
2094 5512 2247 5571 quas
2273 5498 2442 5568 nugo
2468 5495 2642 5554 albus
2669 5495 2859 5571 dedit,
2913 5498 3078 5571 apud
3107 5498 3420 5558 firmitates
3447 5500 3566 5561 An·
