3784 6000
111 258 235 319 55¹1

585 254 791 316 nlsT.
838 251 1116 316 RERUM
1161 252 1710 316 TRANSMARIN.
1756 286 1834 299 —
1877 253 2021 315 Lm.
2069 252 2234 315 xm.
2283 254 2732 321 BALDUINUS
2775 256 2832 319 ΙΙ
2875 256 3051 321 REX.

3403 262 3525 326 558

113 396 172 448 et
200 388 568 462 stipendiarii
623 388 865 459 pedites,
900 404 1012 444 una
1069 404 1204 444 cum
1258 387 1496 445 domino
1552 388 1764 445 comite
1794 393 1846 457 Α
1876 388 2001 460 pria
2033 404 2205 445 carne
2236 387 2459 445 nullam
2490 390 2676 447 sensit
2705 392 2937 463 penitus
2961 392 3281 451 laesionem.
3306 395 3497 462 Quian

115 478 505 550 Tripolitana,
535 485 591 534 et
637 479 873 534 domino
916 477 1200 534 Willelmo
1258 479 1329 534 de
1386 478 1575 545 Buris,
1610 478 1766 550 regio

114 566 551 626 constabulario
580 576 635 624 et
684 569 841 640 regni
875 569 1235 640 negotiorum
1272 571 1663 638 procuratore,
1696 568 1768 623 de

115 657 326 716 castris
356 657 736 731 egrediantur
760 674 774 724 ;
797 661 854 713 et
880 672 1016 714 cum
1047 674 1194 728 opus
1219 658 1391 713 fuerit
1412 662 1767 714 Damascene

115 756 442 817 occurrant,
474 763 611 804 cum
636 762 702 802 eo
732 750 971 804 auctore
992 747 1237 803 Domino
1269 745 1616 819 pugnaturi;
1650 747 1770 802 dux

115 843 312 894 antem
344 852 479 893 cum
512 835 635 892 suis
688 835 879 906 galeas
928 837 1348 902 conscendant,
1378 840 1436 892 et
1466 836 1638 892 classi
1671 836 1766 893 ad·

115 924 373 982 venienti
431 929 823 991 occurrentes,
855 941 989 980 cum
1030 924 1113 980 eis
1161 924 1298 980 belli
1330 927 1556 980 tentent
1584 925 1766 980 fortu-

116 1030 279 1084 nam,
313 1018 370 1070 et
427 1018 705 1085 tanquam
765 1012 872 1068 viri
899 1013 1143 1082 strenui,
1174 1012 1382 1082 gladiis
1414 1012 1766 1070 viriliterex-

115 1104 461 1177 pariantur3
491 1104 646 1159 cives
676 1111 890 1169 autem,
925 1101 1022 1172 qui
1062 1103 1133 1158 de
1164 1103 1447 1159 universis
1477 1102 1637 1174 regni
1672 1119 1770 1160 ur-

116 1195 294 1250 bibus
334 1194 407 1249 ad
449 1193 712 1249 eamdem
763 1191 1126 1248 obsidionem
1183 1199 1594 1263 convenerant,
1631 1209 1766 1250 cum

118 1288 283 1354 parte
308 1284 656 1339 Venetorum
682 1282 954 1350 maxima,
982 1282 1286 1338 machinas
1315 1286 1373 1338 et
1419 1281 1654 1339 castella
1684 1281 1772 1337 vi-

118 1373 374 1446 gilanter
402 1375 677 1442 servent;
708 1377 766 1428 et
814 1373 893 1428 ita
941 1372 1216 1441 efficiant,
1251 1376 1388 1428 utet
1417 1373 1489 1428 de
1518 1372 1772 1430 castellis

121 1479 235 1517 non
271 1463 608 1518 remittatur
655 1478 864 1517 manus
908 1460 1315 1531 pugnantium,
1349 1478 1455 1518 nec
1486 1461 1770 1518 machinae

124 1548 398 1606 desinant.
443 1549 646 1606 solitos
694 1550 979 1621 impulsus
1039 1550 1395 1622 importunis
1452 1552 1686 1619 inferre,
1718 1554 1775 1606 et

121 1644 252 1695 ante
284 1644 513 1710 portam
549 1639 886 1694 indeficiens
909 1638 1195 1695 habeatur
1212 1639 1778 1696 conflictus.Placuit

121 1729 361 1784 verbum
396 1726 704 1798 universis,
736 1737 790 1784 et
821 1729 1019 1784 statim
1045 1728 1217 1784 sicuti
1260 1729 1569 1785 videbatur
1597 1744 1773 1800 expe-

120 1818 266 1886 dire,
300 1817 529 1874 effectui
564 1818 946 1889 mancipatur.
982 1818 1211 1891 Egressi
1235 1819 1543 1874 suntenim
1576 1834 1772 1875 comes

120 1906 542 1978 Tripolitanos,
591 1915 643 1962 et
696 1907 892 1979 regius
944 1906 1432 1975 constabularius,
1464 1923 1596 1963 cum
1639 1907 1780 1963 uni-

122 2013 292 2053 versa
325 1996 533 2052 militia
581 1995 848 2051 hostibus
908 1996 1131 2051 obviam
1159 2013 1174 2063 ;
1205 2001 1261 2051 et
1290 2012 1425 2052 cum
1460 1995 1783 2067 processis-

124 2091 254 2143 sent
285 2086 458 2159 quasi
486 2086 559 2142 ad
589 2088 702 2143 duo
725 2085 1049 2153 milliarias,
1081 2086 1281 2142 hostes
1305 2085 1780 2143 nullatenusausi

128 2182 267 2233 sunt
298 2191 665 2247 comparere.
698 2175 932 2231 Certum
983 2180 1178 2230 tamen
1230 2180 1374 2242 erat,
1408 2175 1560 2247 quod
1613 2189 1783 2231 secus

130 2269 377 2325 fiuvium
410 2266 751 2340 proedictum
801 2270 993 2323 castra
1042 2265 1329 2323 locaverat
1359 2265 1781 2338 Doldequinus,

131 2361 207 2414 ab
238 2357 408 2414 initio
465 2374 564 2414 cor
611 2373 819 2429 gerens
848 2360 905 2411 et
934 2355 1194 2411 animum
1254 2357 1599 2413 transeundi
1632 2374 1645 2425 ;
1679 2359 1781 2414 sed

130 2447 379 2505 audiens
410 2452 663 2513 nostros,
695 2446 1087 2518 quorumdam
1149 2444 1447 2513 relatione,
1479 2448 1599 2501 tam
1648 2461 1782 2518 pru·

130 2538 288 2594 denti
325 2553 464 2593 usos
516 2534 779 2606 consitio,
816 2534 1207 2607 periculosum
1266 2535 1427 2590 ducit
1480 2551 1616 2591 cum
1645 2535 1784 2592 viris

131 2632 249 2684 tam
286 2626 700 2699 prudentibus,
733 2628 971 2696 tamque
998 2623 1254 2681 strenuis
1300 2628 1513 2682 temere
1543 2624 1787 2681 dimica·

131 2733 229 2784 re;
263 2716 366 2772 sed
392 2714 551 2770 tubis
581 2713 987 2783 clangentibus
1041 2730 1182 2769 suos
1213 2719 1511 2778 convocat,
1534 2713 1787 2786 imperat

128 2806 200 2861 ad
234 2803 476 2877 propria
532 2819 883 2871 regressum.
918 2804 1039 2858 Dux
1090 2807 1279 2858 autem
1339 2802 1524 2858 classe
1564 2803 1785 2858 instru-

129 2900 219 2951 cta
250 2899 314 2951 et
348 2899 570 2965 parata,
602 2908 784 2964 usque
830 2892 1240 2948 Alexandrium
1291 2892 1592 2949 descendit
1631 2909 1647 2960 3
1687 2892 1783 2963 qui

129 2984 298 3042 locus
333 2999 367 3040 a
397 2983 670 3055 praedicta
700 2983 934 3039 civitate
964 2982 1131 3053 quasi
1174 2997 1273 3038 sex
1306 2982 1485 3039 distat
1515 2981 1783 3038 milliari-

1875 482 1994 534 tem
2054 478 2245 547 ignem
2295 480 2688 550 subjecerant,
2717 499 2751 538 a
2813 484 3028 540 nostris
3085 485 3520 561 comprehensi,

1875 582 2081 623 omnes
2113 567 2298 624 ultore
2327 568 2520 640 gladio
2578 571 2849 638 confossi,
2881 572 3004 628 suis
3034 574 3406 630 cernentibus
3435 577 3527 633 in-

1874 656 2177 713 terierunt.
2211 657 2387 713 Porro
2417 658 2682 716 videntes
2716 661 2919 730 nostri,
2947 663 3102 734 quod
3138 662 3411 721 machina
3439 665 3529 723 in-

1875 746 2052 802 terior
2073 746 2291 817 lapides
2315 763 2538 820 magnae
2570 751 2941 821 quantitatis,
2960 752 3020 807 in
3056 751 3296 809 castella
3325 759 3530 813 nostra

1876 834 1957 890 ita
1984 836 2197 892 directe
2207 836 2570 906 Jacularetur
2593 848 2678 906 ;et
2701 840 2858 911 quod
2881 848 3194 911 utrumque
3219 857 3288 898 ex
3314 858 3527 917 magna

1876 931 2040 996 parte
2070 923 2325 991 laeserat3
2358 928 2628 997 quodque
2661 943 2775 983 non
2806 933 2962 985 esset
2982 929 3040 985 in
3076 930 3284 987 castris
3313 935 3414 1003 qui
3436 933 3528 990 di·

1876 1013 2105 1084 rigendi
2140 1013 2438 1070 machinas
2460 1020 2517 1071 et
2548 1018 2850 1088 torquendi
2879 1017 3122 1088 lapides,
3155 1019 3387 1090 plenam
3420 1021 3525 1078 ha-

1879 1101 2037 1159 beret
2093 1103 2378 1174 peritiam,
2411 1110 2682 1161 vocantes
2714 1107 3029 1177 quemdam
3089 1109 3159 1166 de
3198 1109 3525 1178 Antiochia,

1876 1192 2214 1248 Armenium
2257 1194 2514 1261 natione,
2552 1193 2800 1250 Havedic
2835 1197 3091 1264 nomine,
3127 1197 3226 1269 qui
3260 1199 3320 1253 in
3349 1213 3416 1255 ea
3446 1198 3532 1254 fa·

1879 1279 2097 1336 cultata
2120 1280 2425 1337 dicebatur
2445 1282 2959 1351 instructissimus,
2980 1285 3175 1341 subito
3190 1291 3536 1358 receperunt

1879 1387 2054 1439 eum3
2085 1373 2184 1444 qui
2219 1377 2381 1428 tanta
2406 1379 2525 1429 arte
2582 1374 2641 1430 in
2688 1374 2994 1447 dirigendo
3056 1375 3356 1434 machinas
3380 1380 3436 1434 et
3465 1393 3534 1435 ex

1880 1460 1967 1516 eis
2002 1461 2211 1517 missos
2237 1461 2484 1520 molares
2508 1466 2937 1535 contorquendo
2960 1467 3256 1535 utebatur,
3278 1470 3345 1522 ut
3364 1466 3537 1538 quid-

1881 1550 2023 1621 quid
2056 1551 2105 1605 ei
2139 1567 2243 1622 pro
2271 1552 2435 1621 signo
2465 1554 2864 1623 deputaretur,
2888 1554 2946 1610 id
2996 1557 3193 1612 statim
3225 1557 3352 1615 sine
3381 1557 3536 1615 diffi-

1881 1638 2099 1695 cultate
2129 1646 2471 1698 contereret.
2502 1641 2609 1706 Qui
2633 1648 2941 1714 postquam
2963 1645 3033 1701 ad
3067 1646 3389 1703 exercitum
3411 1664 3539 1719 per-

1884 1729 2066 1796 venit,
2100 1730 2469 1802 designatum
2502 1738 2592 1788 est
2613 1733 2666 1789 ei
2696 1732 3005 1790 honestum
3031 1737 3099 1791 de
3121 1736 3354 1806 publico
3386 1738 3539 1795 sala-

1889 1816 2124 1880 larium,
2157 1820 2308 1876 unde
2366 1836 2429 1877 se
2487 1837 2589 1891 pro
2639 1821 2810 1877 modo
2851 1839 2957 1877 suo
2982 1825 3287 1895 magnifice
3318 1830 3543 1897 poterat

1891 1909 2200 1965 exhibere:
2227 1917 2497 1981 tantaque
2527 1910 2802 1981 deinceps
2821 1912 2977 1982 operi
3001 1916 3068 1967 ad
3103 1914 3256 1984 quod
3302 1920 3541 1972 vocatus

1891 2002 1982 2052 est
2016 1997 2219 2053 institit
2243 1998 2563 2070 diligentia,
2589 2004 2867 2071 tantaque
2922 2005 3043 2057 arte
3071 2018 3216 2059 usus
3246 2013 3331 2059 est
3366 2003 3424 2059 in
3458 2004 3543 2060 fa-

1891 2093 2006 2155 ctu,
2053 2093 2114 2143 ut
2147 2107 2257 2145 non
2291 2090 2481 2145 solum
2509 2091 2732 2146 civibus
2765 2091 3195 2160 continuatum,
3220 2094 3321 2149 sed
3353 2095 3423 2150 de
3447 2110 3544 2151 no-

1893 2193 1959 2233 vo
1990 2177 2279 2236 videretur
2310 2179 2527 2235 bellum
2552 2178 2803 2249 illatum,
2836 2184 2892 2237 et
2923 2180 3202 2238 molestias
3234 2181 3542 2254 duplicato

1890 2266 1952 2323 in
1986 2267 2111 2339 ejus
2144 2269 2411 2324 adventu.

2532 2374 2770 2432 CAPUT
2811 2377 2903 2432 XI.

1891 2462 2062 2519 Baiae
2079 2460 2225 2533 apud
2270 2462 2610 2530 Hierapolim
2662 2463 2941 2519 occiditur
2970 2482 2989 2520 .·
3022 2482 3129 2537 quo
3175 2481 3408 2524 rumore
3436 2484 3544 2524 aa·

1965 2537 2113 2598 dito,
2142 2543 2325 2589 noster
2351 2538 2624 2590 exercitus
2673 2536 2732 2598 fit
2765 2536 3021 2604 hilarior,
3044 2542 3099 2593 et
3127 2536 3199 2593 ad
3221 2544 3547 2611 impuqnan·

1962 2609 2090 2662 dam
2119 2605 2307 2662 urbem
2338 2608 2598 2662 insistunt
2627 2609 2950 2663 animosius.

1968 2715 2111 2770 Dum
2162 2713 2280 2771 haic
2336 2715 2469 2786 Tyri
2529 2721 2804 2785 aguntur,
2855 2714 3048 2784 Balac,
3099 2716 3543 2788 potentissimus

1889 2804 2211 2860 Turcorum
2245 2811 2501 2873 satrapa.
2532 2804 2591 2859 in
2620 2807 2790 2873 cujus
2829 2805 3082 2861 vinculis
3132 2806 3408 2862 dominus
3440 2823 3541 2864 rex

1891 2896 2217 2960 tenebatur,
2250 2893 2540 2948 civitatem
2595 2893 2944 2962 Hierapolim
2988 2893 3543 2967 obsi-tet3dumque

1891 2983 1952 3040 in
1983 2984 2286 3039 obsidione
2308 2989 2711 3053 perseveraret,
2739 2982 2957 3039 vocavit
2989 2984 3058 3039 ad
3086 3000 3148 3040 se
3179 2987 3444 3055 ejusdem
3469 2986 3542 3043 ci-

127 3076 261 3143 bus,
286 3073 383 3146 qui
407 3073 579 3130 hodie
609 3071 827 3145 vulgari
861 3070 1246 3145 appellatione
1288 3071 1500 3127 dicitur
1519 3072 1783 3128 Soanda-
1889 3074 2088 3130 vitatis
2119 3073 2441 3136 dominum,
2476 3073 2665 3130 verbis
2700 3073 2954 3146 pacificis
2985 3073 3043 3129 in
3087 3075 3258 3144 dolo;
3293 3075 3540 3146 quisim·

127 3167 313 3222 rium.
346 3163 772 3235 Cognoscentes
802 3171 1012 3232 autem,
1051 3163 1199 3234 quod
1252 3177 1346 3218 rex
1398 3160 1779 3218 Damasceno—
1809 3133 1853 3200 C
1892 3164 2020 3237 plex
2052 3168 2108 3219 et
2129 3162 2377 3216 nimium
2393 3161 2687 3227 credulus,
2714 3162 2898 3217 verbis
2920 3161 3079 3218 illius
3103 3162 3274 3219 fldem
3299 3164 3537 3232 habene,

127 3271 263 3311 rum
296 3254 371 3311 ad
399 3252 632 3325 propria
663 3256 1049 3308 remeassetet
1078 3251 1230 3322 quod
1253 3250 1457 3307 classis
1481 3258 1776 3324 exspecta-

128 3353 197 3401 tm
226 3341 463 3399 nultum
494 3342 866 3415 comparebat
886 3340 1146 3412 signum,
1177 3340 1387 3398 iterum
1428 3343 1698 3414 repositis
1720 3342 1781 3398 in

124 3434 331 3490 littore
355 3429 557 3504 galeis,
590 3447 794 3488 omnes
834 3433 892 3487 in
938 3436 1120 3487 castra
1168 3448 1230 3489 se
1267 3432 1578 3504 recipiunt,
1608 3438 1668 3488 et
1705 3431 1787 3488 ci-

127 3524 293 3581 vium
329 3520 755 3596 impugnationi
787 3521 1186 3578 vehementius
1217 3521 1459 3579 instant.

794 3629 1030 3685 CAPUT
1069 3628 1136 3685 X.

140 3722 297 3779 Cives
329 3722 387 3775 in
418 3727 639 3776 nostras
668 3719 949 3774 machinas
978 3719 1164 3785 ionem
1193 3717 1478 3786 adhibent,
1509 3719 1686 3777 nostri
1704 3735 1791 3774 re-

205 3796 417 3851 sistunt
469 3792 739 3849 viriliter.
772 3791 847 3846 Ab
904 3790 1191 3845 Antiochia
1219 3791 1442 3860 quidam
1489 3792 1789 3862 jaculandi

206 3866 418 3922 habens
442 3865 733 3936 peritiam,
759 3879 795 3919 a
822 3864 1024 3918 nostris
1054 3869 1326 3918 evocatur.

203 3973 449 4030 Factum
477 3975 567 4026 est
592 3973 789 4027 autem
812 3987 931 4026 una
958 3972 1072 4036 die,
1101 3969 1256 4041 quod
1295 3968 1792 4042 quidamjuvenes

132 4064 207 4120 de
234 4059 487 4128 civitate,
524 4064 585 4114 ut
617 4074 680 4114 se
709 4061 767 4114 in
803 4058 1015 4131 populo
1047 4075 1155 4115 suo
1195 4057 1793 4115 commendabiliores

136 4151 457 4209 redderent
485 4154 542 4206 et
571 4163 884 4220 perennem
908 4146 1021 4203 sibi
1042 4146 1407 4219 acquirerent
1429 4146 1581 4218 apud
1605 4151 1794 4219 poste·

136 4259 241 4299 ros
280 4239 551 4314 gloriam,
582 4242 787 4294 mutuo
811 4253 871 4292 se
892 4235 1217 4310 obligantes
1248 4237 1792 4306 compromiserunt,

1888 3269 2056 3310 suam
2088 3251 2277 3308 statim
2326 3251 2590 3307 exhibuit
2643 3251 3049 3321 praesentiam3
3084 3268 3256 3324 quem
3316 3259 3449 3310 ante
3478 3270 3542 3309 se

1891 3344 2295 3408 constitutum,
2329 3342 2501 3398 Balac
2547 3340 2743 3397 statim
2796 3344 3067 3412 praecepit
3113 3341 3409 3399 decollari.
3433 3344 3542 3398 Au-

1895 3433 2061 3490 diens
2108 3448 2244 3504 ergo
2290 3431 2618 3489 Joscelinus
2645 3431 2855 3497 senior,
2924 3445 3121 3485 comes
3185 3431 3541 3497 Edessanus,

1896 3525 2048 3594 quod
2085 3522 2253 3578 Balac
2312 3521 2601 3576 civitatem
2654 3519 2763 3573 sibi
2834 3519 3082 3573 vicinam
3135 3519 3545 3587 obsid‹·ret,ti-

1897 3627 2182 3684 mensque
2213 3627 2282 3666 ne
2314 3610 2500 3680 priore
2556 3606 2794 3662 domino
2843 3606 3102 3675 expulso,
3136 3605 3338 3662 durior
3362 3606 3411 3661 ei
3445 3621 3543 3676 pa-

1899 3709 2123 3757 raretur
2181 3697 2570 3764 adversarius,
2628 3699 2939 3750 convocata
2995 3697 3116 3747 tutu
3178 3708 3246 3748 ex
3276 3694 3541 3765 partibus

1898 3789 2289 3857 Antiochenis‚
2322 3792 2445 3843 tum
2482 3803 2548 3841 ex
2577 3786 2698 3842 suis
2722 3784 2939 3856 ingenti
2977 3782 3199 3843 militia,
3230 3786 3279 3839 ei
3312 3783 3540 3840 obviam

1900 3881 1984 3935 ire
2015 3878 2278 3945 festinat3
2319 3877 2666 3947 inventoque
2715 3874 2842 3944 ejus
2897 3878 3172 3940 exercitu,
3205 3873 3544 3944 agminibus

1901 3969 2027 4025 suis
2055 3968 2114 4022 in
2146 3967 2295 4021 acies
2322 3965 2628 4034 ordinatis,
2663 3968 2897 4034 repente
2953 3964 3119 4019 irruit
3166 3979 3342 4035 super
3366 3978 3542 4031 eum;

1903 4071 2291 4126 conversoque
2350 4054 2410 4109 in
2469 4053 2661 4123 fugam
2706 4054 2835 4123 ejus
2865 4055 3141 4123 exercitu,
3175 4055 3369 4123 ipsum
3402 4069 3544 4108 casu

1904 4146 2136 4204 obvium
2192 4143 2433 4212 habuit;
2465 4158 2641 4215 quem
2694 4142 2885 4214 gladio
2944 4142 3442 4210 transverberans,
3475 4142 3544 4197 ad

1905 4242 2118 4295 terram
2168 4233 2400 4305 dejecit,
2451 4232 2794 4304 dejectoque
2822 4237 2999 4303 caput
3051 4230 3393 4305 amputavit,
3451 4246 3550 4288 ne-

138 4330 303 4405 quod
334 4329 487 4385 clam
519 4328 591 4384 ad
614 4337 812 4384 nostra
841 4331 1034 4382 castra
1078 4326 1457 4398 egredientes,
1493 4326 1797 4383 machinas
1906 4327 2097 4385 sciens
2154 4328 2344 4380 tamen
2399 4319 2552 4393 quod
2597 4320 2692 4377 hic
2742 4325 2896 4377 esset
2940 4319 3207 4394 princeps
3238 4321 3547 4380 exercitus.

139 4433 201 4479 et
221 4424 427 4477 nostra
448 4416 691 4474 castella
719 4416 1155 4473 succenderent.
1181 4414 1346 4480 Quod
1382 4418 1625 4473 verbum
1656 4415 1796 4474 effe-

1909 4415 2010 4473 Hic
2042 4415 2207 4486 plane
2238 4410 2605 4470 manifestam
2640 4411 3119 4482 habuitejusdem
3145 4412 3312 4467 Balac
3334 4411 3552 4467 somnii

141 4509 269 4566 ctui
305 4507 726 4578 mancipantes,
757 4504 907 4561 clam
929 4505 1000 4560 ab
1027 4503 1168 4559 urbe
1192 4503 1576 4576 egredientes,
1600 4504 1799 4562 incen-
1831 4499 1879 4562 Ι)
1906 4504 2441 4577 interpretationem
2471 4528 2486 4569 ς
2519 4518 2650 4558 nam
2670 4517 2801 4558 vere
2830 4507 3038 4558 oculus
3070 4502 3183 4558 dici
3206 4507 3393 4572 potest
3416 4500 3550 4571 quis

144 4598 315 4655 diurn
345 4595 654 4664 machinae,
682 4610 809 4666 qua*
845 4594 1013 4651 nobis
1056 4593 1256 4650 utilior
1300 4598 1444 4661 erat,
1476 4610 1803 4667 supposue·
1910 4596 1996 4652 illi
2026 4597 2271 4661 eruisse,
2294 4598 2462 4661 cujus
2493 4597 2670 4663 caput
2692 4597 3021 4663 amputans,
3046 4590 3274 4645 videndi
3299 4588 3551 4643 vivendi·

144 4693 313 4745 runt.
346 4686 508 4752 Quod
567 4684 833 4741 videntes
864 4683 1066 4749 nostri,
1098 4684 1168 4740 ad
1200 4700 1366 4739 arma
1386 4683 1712 4754 convolant,
1744 4689 1805 4742 et
1913 4700 2027 4758 que
2058 4683 2232 4739 finem
2266 4680 2486 4737 indicit.
2523 4680 2850 4750 Statimque
2900 4681 3050 4735 sicut
3077 4677 3164 4732 vir
3192 4678 3552 4748 circumspe-

148 4777 328 4850 aquis
358 4775 590 4848 copiose
614 4774 986 4837 ministratis,
1007 4773 1241 4840 ignibus
1264 4778 1490 4830 tentant
1510 4776 1803 4832 resistere.
1915 4773 2216 4831 ctissimus
2247 4776 2392 4835 erat,
2421 4778 2474 4826 et
2506 4769 2595 4824 cui
2628 4768 2775 4824 nihil
2800 4770 2868 4823 ad
2898 4767 3128 4839 plenam
3162 4766 3360 4821 deerat
3387 4779 3555 4834 expe·

150 4869 518 4937 Factumque
547 4869 637 4922 est
667 4865 743 4921 ibi
766 4863 1041 4936 quiddam
1074 4863 1459 4921 admiratione
1487 4868 1546 4922 et
1575 4867 1807 4922 relatio·
1917 4863 2209 4928 rientiam,
2249 4860 2510 4932 eJusdem
2528 4856 2807 4931 principis
2834 4853 3429 4928 caput,utnostrosde
3449 4869 3557 4909 sua

151 4970 232 5012 ne
255 4953 782 5026 dignum.0uidam
802 4954 958 5009 enim
980 4952 1216 5023 juvenis
1247 4951 1553 5023 probitatis
1585 4954 1807 5010 eximio
1918 4950 2303 5026 prosperitate
2332 4948 2778 5004 exhilaresceret
2830 4951 2887 5001 et
2942 4945 3205 5011 victoria,
3238 4959 3335 5015 per
3356 4958 3558 5014 quem·

151 5057 210 5103 et
242 5043 600 5102 admirande
631 5044 889 5112 virtutis,
945 5044 1148 5100 videns
1207 5044 1537 5101 machinam
1572 5060 1815 5101 succen—
1921 5042 2056 5099 dam
2086 5039 2512 5097 adolescentem
2558 5036 2776 5108 dirigit,
2808 5038 2864 5092 et
2920 5051 3015 5107 per
3064 5032 3455 5103 Antiochiam,
3496 5035 3562 5088 ut

154 5149 312 5198 sam,
345 5139 678 5190 constanter
708 5132 976 5191 ascendit
1003 5147 1176 5203 super
1205 5146 1356 5201 eam,
1389 5137 1445 5189 et
1473 5149 1658 5205 aquas
1689 5149 1815 5207 por-
1922 5146 2027 5187 nec
2052 5129 2160 5186 hos
2190 5143 2296 5184 nec
2324 5126 2457 5183 illos
2515 5124 2659 5182 tanti
2714 5139 3019 5181 successus
3074 5123 3285 5180 sineret
3313 5136 3442 5178 esse
3462 5135 3563 5176 ex-

159 5228 358 5281 rectas
390 5224 643 5295 desuper
690 5222 1055 5280 infundebat.
1093 5222 1253 5288 Quod
1311 5221 1575 5280 videntes
1621 5223 1814 5294 quiin
1926 5224 2137 5295 pertes,
2162 5219 2236 5275 ad
2284 5219 2554 5274 nostrum
2612 5213 2872 5287 precipit
2902 5212 3220 5272 exercitum
3251 5209 3568 5277 festinarim

157 5311 433 5370 turribus
460 5316 652 5380 erant,
671 5327 839 5368 arcus
897 5311 1179 5368 hebentes
1228 5318 1284 5367 et
1313 5309 1581 5380 balistas,
1611 5327 1817 5370 omnes
1930 5311 2032 5384 qui
2070 5308 2384 5367 adveniens
2414 5305 2592 5362 corda
2642 5303 2871 5362 satiavit
2895 5302 3256 5365 universum,
3287 5307 3343 5355 et
3371 5298 3430 5355 in
3461 5313 3568 5356 su-

158 5403 225 5459 in
259 5416 421 5467 eum,
454 5417 668 5459 manus
723 5400 1018 5472 dirigunt;
1047 5399 1448 5473 jacientesque
1475 5400 1733 5457 certatim
1756 5399 1817 5458 in
1932 5415 2186 5473 premam
2219 5396 2400 5453 erexit
2430 5393 2714 5451 laetltiam.
2745 5393 3031 5450 Dominus
3060 5406 3193 5448 vero
3232 5403 3428 5445 comes
3447 5385 3571 5445 Tri·

158 5507 307 5549 eum
340 5490 442 5561 qui
469 5489 697 5562 positus
745 5495 869 5546 erat
919 5490 1085 5564 qnasi
1136 5488 1367 5560 signum
1420 5488 1491 5543 ad
1525 5489 1819 5561 sagittam,
1933 5488 2222 5563 politanus
2252 5485 2517 5552 Pontius,
2549 5483 2650 5557 qui
2681 5484 2739 5540 in
2787 5499 2853 5539 ea
2892 5479 3254 5555 expeditione
3283 5493 3416 5535 cum
3447 5477 3572 5534 suis

158 5597 408 5655 operam
436 5585 969 5656 consumpserunt3
1004 5595 1139 5637 nam
1198 5583 1323 5636 tota
1350 5576 1451 5635 illa
1478 5578 1573 5636 die
1601 5578 1659 5637 in
1689 5595 1825 5651 pro-
1936 5580 2176 5638 domino
2206 5575 2566 5650 patriarche,
2599 5579 2659 5632 et
2696 5573 2830 5632 aliis
2872 5569 3255 5646 principibus,
3287 5571 3573 5640 tanquam
