3784 6000
202 215 322 280 ⁷73

728 217 933 282 ms‘r.
981 218 1251 284 RERUM
1295 216 1841 287 TRANSMARIN.
1888 253 1968 270 -
2010 220 2159 287 Lm.
2205 217 2362 286 xlx.
2410 220 2861 288 Antinous
2908 221 3090 288 REX.

3494 229 3619 294 ‘17⁴

197 359 399 414 autem
429 370 549 425 rex,
583 355 637 412 in
689 374 757 414 eo
799 356 927 415 loco
978 357 1037 415 in
1070 375 1187 431 quo
1233 362 1608 434 pugnaverat,
1639 360 1844 431 victor,
1881 364 1941 430 A
1969 377 2104 418 cum
2138 362 2405 420 universo
2431 362 2682 419 exercitu
2726 363 2793 420 ad
2837 364 3033 436 partes
3064 362 3194 421 illas
3225 365 3618 439 descendens,

196 445 449 503 feliciter
475 459 597 504 rem
629 449 922 520 gesserat3
945 447 1044 504 alii
1076 451 1274 505 autem
1304 452 1460 506 sorte
1481 451 1638 507 varia
1667 450 1724 506 in
1756 451 1845 507 di·

191 534 385 592 versis
416 534 680 605 partibus
710 535 953 594 Martem
984 537 1202 610 experti
1233 542 1393 608 sunt,
1417 537 1513 593 hic
1542 555 1839 611 prospera,

192 623 280 680 ibi
325 623 565 681 adversa
612 623 704 683 usi
753 625 1023 696 tortuna3
1072 626 1228 683 unde
1290 632 1559 684 neutram
1618 632 1843 701 partem

193 718 360 771 certa
395 715 690 772 coronavit
722 714 982 774 victoria.
1011 717 1260 774 Rediens
1299 735 1433 775 vero
1476 733 1608 774 cum
1643 717 1842 791 paucis

189 802 1843 882 admodum‚collemquemdamoccupans,aliquantulum

194 892 733 962 sublimem,erecto
762 894 1068 959 vexillo,ut
1099 897 1170 952 ad
1202 912 1334 953 eum
1369 898 1843 970 recolligerentur

193 981 300 1055 qui
330 982 582 1057 dispersi
613 992 793 1048 erant,
827 985 1017 1042 socios
1060 985 1446 1058 operiebatur.
1482 986 1710 1053 Quibus
1737 1004 1841 1060 pro

195 1073 365 1143 parte
394 1072 694 1140 revocatis,
714 1072 915 1130 hostes
947 1077 1082 1129 ante
1110 1089 1174 1129 se
1204 1074 1261 1128 in
1294 1074 1538 1131 collibus
1568 1077 1838 1148 geminis,

190 1159 300 1231 qui
330 1159 878 1233 impedimentorum
906 1161 1292 1222 dissolverant
1323 1163 1601 1232 aciem,et
1624 1164 1837 1238 partim

192 1247 550 1317 occiderant,
567 1250 778 1321 partim
800 1258 1245 1327 occupaverant,
1259 1255 1632 1327 conspiciunt
1653 1254 1840 1311 disso-

189 1335 367 1394 lutos.
394 1338 512 1395 Nec
548 1338 787 1398 aliunde
817 1343 1032 1400 nostris
1079 1344 1311 1416 patebat
1357 1345 1429 1400 ad
1478 1343 1838 1401 redeundum

189 1424 307 1496 via,
338 1426 624 1486 nisiinter
653 1430 908 1488 medium
954 1431 1193 1490 collium
1245 1433 1652 1505 praedictorum
1705 1450 1836 1505 per-

190 1516 532 1576 transirent.
563 1519 859 1578 Habentes
912 1521 1089 1594 igitur
1120 1522 1399 1579 redeundi
1447 1524 1834 1595 propositum,

188 1607 249 1662 in
273 1605 454 1664 aciem
482 1608 736 1666 ordinati
768 1626 870 1682 per
898 1610 1099 1668 hostes
1132 1613 1375 1679 medios,
1410 1629 1555 1684 quos
1575 1630 1607 1670 a
1634 1611 1836 1670 dextra

189 1695 446 1769 levaque
492 1698 936 1769 contuebantur,
981 1698 1093 1756 iter
1157 1709 1358 1772 agunt,
1403 1702 1585 1773 gradu
1635 1701 1830 1774 lento;
1867 1721 1914 1788 Β

186 1788 550 1858 conti-aquus
572 1802 707 1845 cum
722 1793 882 1845 tanta
896 1790 1223 1847 constantia
1246 1791 1832 1870 profisciscentes‚nil

186 1874 320 1931 ausi
347 1882 484 1931 sunt
514 1877 882 1934 adversitatis
913 1878 1109 1935 hostes
1136 1878 1356 1950 moliri3
1382 1880 1482 1937 sed
1508 1880 1716 1951 juncto
1737 1896 1834 1952 ag-

189 1961 371 2032 mine,
393 1963 532 2020 viris
552 1964 890 2023 fortioribus
912 1971 971 2023 et
987 1968 1229 2024 armatis
1259 1967 1474 2039 optime
1499 1984 1596 2038 per
1625 1983 1832 2041 gyrum

186 2051 420 2119 locatis,
450 2053 524 2109 ad
556 2056 870 2126 quamdam
905 2055 1170 2112 fluminis
1200 2057 1521 2127 portionem
1546 2072 1832 2128 pervene-

188 2143 419 2210 runt‚et
437 2156 568 2198 eam
598 2144 741 2200 vado
772 2144 1236 2215 pertransierunt
1257 2143 1589 2202 incolumes
1622 2145 1829 2203 nostri.

185 2229 269 2286 Ea
296 2228 475 2302 igitur
502 2236 671 2289 nocte
699 2236 820 2289 tota
839 2233 1117 2290 abeuntes
1151 2234 1473 2307 nostri.per
1501 2234 1648 2290 viam
1678 2235 1836 2292 unde

186 2325 350 2395 prins
377 2326 674 2385 venerant,
706 2324 971 2379 redeunt.
1005 2323 1478 2380 Pervenientibus
1508 2327 1699 2380 autem
1724 2323 1835 2381 La·-

188 2415 474 2485 moniam,
505 2412 760 2471 occurrit
788 2412 875 2469 eis
906 2413 1198 2470 Gerar-dus
1229 2413 1302 2470 de
1353 2413 1516 2485 Pagi,
1548 2413 1648 2485 qui
1696 2429 1832 2471 cum

185 2504 617 2578 quinquaginta
656 2502 951 2575 equitibus
999 2506 1058 2559 et
1101 2501 1440 2575 'Purcopolis
1492 2507 1746 2572 centum,
1777 2506 1835 2560 et

184 2594 473 2652 Mahadan
506 2591 625 2650 filio
655 2591 908 2658 soldani,
937 2593 1265 2664 oppositam
1313 2592 1573 2649 fluminis
1604 2596 1830 2665 partem

181 2688 477 2752 tenuerat,
495 2688 563 2740 ut
585 2682 786 2740 hostes
804 2681 855 2739 si
877 2683 1022 2739 l'orte
1044 2682 1288 2739 fluvium
1318 2682 1568 2739 transire
1600 2681 1830 2752 vellent,

180 2772 520 2846 impediret.
549 2771 724 2829 Venit
750 2775 945 2828 autem
975 2776 1207 2845 optato;
1235 2788 1371 2829 nam
1406 2771 1725 2843 plurimum
1748 2772 1833 2829 eis

183 2862 464 2921 dominns
511 2877 615 2920 rex
659 2862 928 2929 timebat,
956 2876 1027 2917 ne
1074 2877 1336 2919 seorsum
1385 2861 1670 2932 inventos,
1701 2862 1828 2919 sive

181 2952 336 3011 ultra
363 2952 485 3011 sive
523 2951 675 3011 citra
706 2950 949 3007 fluvium
979 2950 1178 3008 hostes
1207 2951 1681 3025 aggrederentur.
1714 2951 1827 3010 Sed

182 3047 240 3101 et
270 3059 374 3116 pro
404 3042 773 3113 pedestribus
822 3041 1032 3111 turbis,
1059 3057 1208 3113 quas
1239 3043 1374 3114 post
1416 3057 1478 3097 se
1506 3041 1827 3111 dimiserat,

181 3136 252 3191 ut
279 3130 672 3204 prediximus,
704 3129 1088 3187 nihilominus
1117 3133 1243 3187 erat
1274 3128 1580 3197 sollicitus,
1612 3129 1828 3186 timens

183 3239 257 3280 ne
299 3221 565 3280 hostibus
612 3221 806 3279 subito
853 3224 914 3278 et
960 3219 1194 3277 incaute
1243 3228 1632 3277 occurrerent.
1667 3221 1831 3276 Unde

182 3311 338 3384 apud
370 3310 712 3383 praediotum
742 3307 1023 3381 oppidum
1055 3324 1157 3380 per
1195 3307 1485 3374 triduum,
1508 3324 1609 3367 eos
1641 3307 1831 3365 susti-

184 3416 330 3457 nens
359 3399 748 3471 operiebatur,
779 3397 994 3469 quibus
1027 3402 1270 3469 praeerat
1301 3396 1535 3455 nobiliis
1564 3397 1741 3454 homo
1770 3401 1830 3454 et

183 3489 446 3562 prudens
478 3486 812 3545 Joscelinus
858 3487 928 3542 de
976 3485 1298 3543 Samosato.
1331 3487 1548 3551 Quarta
1592 3486 1687 3543 vix
1735 3485 1828 3542 die

181 3577 429 3651 receptis
460 3575 741 3648 paulatim
771 3574 1008 3642 nostris,
1032 3579 1091 3630 et
1115 3573 1377 3646 peditum
1410 3591 1587 3632 manu
1612 3574 1827 3632 iterum

183 3664 296 3723 sibi
326 3663 565 3731 sociata,
597 3664 956 3720 continuatis
1005 3662 1335 3730 itineribus,
1374 3662 1592 3720 Cehere
1623 3678 1829 3736 perve-

184 3754 437 3825 nientes,
466 3759 598 3810 ante
629 3752 983 3826 Babylonem
1016 3769 1187 3809 secus
1219 3756 1451 3824 pontem
1483 3757 1674 3810 castra
1699 3768 1828 3810 me-

181 3847 406 3901 tantur.
439 3842 742 3900 Recensito
789 3842 965 3914 igitur
995 3842 1245 3900 militum
1293 3859 1557 3911 numero,
1588 3847 1826 3900 centum

182 3951 252 3993 ex
297 3934 383 3990 eis
431 3931 634 3989 deesse
678 3932 998 4003 reperiunt,
1050 3932 1122 3988 de
1168 3931 1436 3989 hostibus
1482 3948 1619 3989 vero
1667 3931 1828 3991 mille

183 4024 538 4098 quingentos
568 4029 835 4079 asserunt
866 4021 1170 4079 cecidisse.

786 4128 1021 4186 CAPUT
1051 4128 1218 4185 XXV.

178 4220 480 4278 siraconus
523 4219 681 4292 intra
725 4218 1134 4275 Alexandriam
1176 4234 1234 4274 se
1281 4217 1495 4290 recipit.
1529 4219 1644 4275 Rex
1688 4218 1827 4275 illac

597 4306 917 4363 properans,
949 4290 1143 4345 arbem
1171 4289 1400 4346 obsidet.

249 4383 322 4438 At
361 4396 494 4438 vero
540 4379 875 4447 siraconus,
899 4379 1025 4435 suis
1055 4378 1436 4435 nihilominus
1465 4378 1565 4452 qui
1614 4395 1823 4452 super·
1850 4413 1898 4480 D

178 4474 365 4537 eraut,
396 4471 456 4526 in
486 4485 696 4543 corpus
728 4485 911 4525 uuum
956 4468 1254 4536 revocatis,
1286 4485 1391 4542 per
1417 4467 1819 4537 solitudinem,

179 4559 396 4617 uostris
424 4559 847 4632 ignorantibus,
877 4557 1283 4614 Alexandriam
1317 4558 1519 4620 tendit.
1552 4558 1649 4617 cui
1686 4574 1818 4631 pro·

177 4650 339 4707 tinus
366 4648 740 4706 Alexandrini
771 4647 1060 4704 civitatem
1093 4648 1351 4703 tradunt.
1378 4647 1497 4705 Rex
1523 4652 1718 4705 autem
1751 4654 1818 4707 ut

177 4739 429 4810 primum
461 4753 757 4794 rumorem
779 4736 1079 4809 comperit,
1101 4736 1324 4793 vocatis
1352 4737 1424 4792 ad
1455 4752 1518 4794 se
1544 4736 1818 4810 principi·

176 4829 312 4897 bus,
359 4826 603 4885 soldano
646 4842 874 4898 quoque
929 4830 986 4882 et
1038 4825 1171 4881 liliis
1216 4826 1363 4896 eJus,
1413 4829 1472 4882 et
1518 4825 1815 4884 nobilibus

176 4916 572 4989 AEgyptorum,
594 4916 736 4988 quid
771 4917 918 4972 facto
951 4931 1097 4986 opus
1117 4914 1214 4980 sit,
1235 4914 1558 4972 studiosius
1583 4915 1810 4988 quaerit.

177 5006 282 5064 Ubi
317 5009 448 5079 post
479 5004 693 5063 multas
723 5003 1182 5076 disceptationes,
1216 5002 1368 5061 sicut
1397 5004 1456 5061 in
1498 5005 1671 5062 rebus
1701 5006 1813 5063 du·

173 5097 288 5156 biis
317 5096 467 5154 solet
493 5098 848 5169 contingere,
865 5096 1139 5166 quoniam
1159 5095 1511 5152 Alexandria
1538 5112 1607 5152 ex
1626 5111 1687 5153 se
1715 5094 1814 5153 ali·

173 5194 507 5245 mentorum
531 5203 644 5245 non
662 5187 839 5243 habet
855 5185 1219 5257 copiam,nec
1231 5185 1461 5255 frugum
1483 5184 1624 5256 quid
1648 5186 1814 5257 piam,

175 5276 288 5334 nisi
318 5280 603 5349 quantum
636 5276 747 5332 sibi
772 5275 843 5331 de
871 5273 1276 5346 superioribus
1299 5273 1527 5345 AEgypti
1549 5274 1814 5346 partibus

172 5367 383 5441 navigo
413 5365 794 5431 ministratur,
826 5363 1042 5434 placuit
1084 5361 1333 5419 classem
1366 5363 1428 5419 in
1470 5361 1713 5422 flumine
1740 5364 1815 5422 ad

170 5456 501 5517 custodiam
520 5453 722 5525 locari,
744 5458 809 5510 ut
836 5451 973 5510 inde
990 5451 1394 5509 Alexandrinis
1432 5452 1816 5513 commercio·

172 5562 304 5611 rum
350 5544 590 5606 omnino
645 5541 792 5601 nihil
822 5542 1005 5618 possit
1049 5539 1271 5600 inferri.
1320 5541 1444 5610 Quo
1490 5541 1661 5617 l'acto,
1689 5543 1814 5619 ipse

1952 451 2105 507 inter
2137 450 2331 508 locum
2365 451 2464 522 qui
2496 451 2713 508 dicitur
2740 452 2964 526 Toroge
3005 455 3064 509 et
3094 452 3476 523 Demenehul,
3507 474 3607 516 ca-

1950 548 2070 596 stra
2099 541 2428 612 componit;
2460 540 2561 612 qui
2584 539 2746 597 locus
2776 543 2849 598 ab
2877 542 3227 599 Alexandria
3257 549 3386 602 octo
3412 546 3595 605 distat

1952 630 2303 687 milliaribus
2329 647 2343 698 ;
2368 628 2504 685 inde
2531 628 2658 684 loca
2690 628 2942 685 finitima
2961 634 3020 686 et
3039 631 3215 687 etiam
3254 638 3479 690 remota
3501 648 3604 704 per

1950 718 2343 787 solitudinem,
2419 718 2613 774 missis
2679 719 3113 788 excursoribus,
3172 725 3482 791 penetrans
3547 725 3605 778 et

1949 807 2380 869 discutiens.ns
2414 807 2556 864 sorte
2586 807 2800 875 aliquis
2823 813 2923 865 aut
2942 825 3110 880 opem
3139 810 3287 867 ferat
3317 811 3603 882 obsessis,

1949 902 2051 953 aut
2079 895 2215 952 inde
2239 896 2476 953 veniens
2497 896 2724 968 aliquos
2748 897 3062 955 exteriores
3093 899 3165 955 ad
3188 914 3394 955 eorum
3418 899 3604 956 admi-

1949 984 2211 1041 niculum
2241 983 2945 1043 sollicitet.Nihilominus
2967 992 3024 1043 et
3063 986 3288 1056 classis,
3311 988 3607 1061 quoslihet

1947 1072 2193 1130 transire
2223 1073 2500 1142 volentes,
2533 1079 2632 1130 aut
2680 1076 2999 1131 transitum
3052 1093 3294 1149 prorsus
3328 1077 3605 1149 inhibet3

1948 1166 2050 1217 aut
2070 1162 2367 1234 cognitum
2392 1179 2507 1218 non
2531 1162 2643 1219 nisi
2668 1163 2979 1235 diligenter
2997 1165 3332 1236 quaesitum,
3356 1165 3602 1224 descen-

1946 1250 2081 1307 dere
2112 1250 2411 1323 permittit.
2446 1250 2682 1308 Evoluto
2712 1252 2893 1324 igitur
2923 1253 3099 1309 unius
3130 1253 3351 1310 mensis
3381 1256 3593 1328 spatio,

1945 1355 2080 1395 cum
2113 1338 2316 1397 civitas
2346 1339 2448 1395 illa
2490 1339 2638 1396 nihil
2668 1341 2908 1399 omnino
2961 1342 3370 1399 alimentorum
3402 1343 3594 1401 medio

1945 1431 2200 1499 tempore
2223 1426 2460 1484 aliunde
2490 1427 2840 1501 suscepisse,
2872 1430 3046 1501 ooepit
3083 1430 3364 1502 conqueri
3399 1447 3596 1504 popu·

1943 1515 2038 1573 lus
2068 1518 2223 1588 quod
2274 1517 2562 1575 defecerat
2593 1518 2759 1588 panis
2801 1517 2862 1574 iu
2911 1518 3212 1590 cistartiis,
3244 1527 3299 1575 et
3329 1520 3480 1591 quod
3514 1520 3600 1577 vi-

1943 1612 2099 1662 ctum
2130 1622 2246 1663 non
2278 1607 2589 1676 haberent3
2616 1608 2771 1679 quod
2809 1607 3146 1681 intelligens
3169 1610 3502 1679 Siraconus,
3536 1609 3609 1667 ti·

1944 1711 2109 1752 mens
2139 1712 2211 1752 ne
2240 1711 2374 1752 cum
2414 1695 2542 1751 aliis
2571 1695 2698 1770 ipse
2748 1713 2883 1754 cum
2925 1698 3053 1753 suis
3093 1698 3287 1754 inedia
3333 1698 3595 1757 tabefieri

1942 1783 2406 1856 compelleretur,
2469 1785 2666 1842 relicto
2723 1791 2932 1857 nepote
2988 1784 3363 1858 Salahadino,
3423 1791 3595 1861 quasi

1942 1888 2077 1928 cum
2110 1872 2270 1940 mille
2299 1874 2597 1946 equitibus
2628 1874 2687 1930 in
2720 1873 2979 1943 civitate,
3008 1874 3134 1947 ipse
3163 1877 3466 1932 nocturnis
3488 1875 3598 1933 iti-

1942 1962 2181 2018 neribus
2213 1978 2314 2034 per
2341 1963 2740 2031 solitudinem,
2768 1979 2945 2035 prope
2974 1967 3171 2020 tamen
3203 1969 3463 2021 nostram
3493 1981 3591 2022 ex-

1943 2051 2321 2122 peditionem,
2369 2051 2560 2108 evadit
2604 2052 2662 2107 in
2715 2053 3048 2124 superiores
3094 2052 3317 2125 AEgypti
3369 2059 3595 2126 partes,

1945 2139 2100 2196 unde
2129 2140 2302 2212 paulo
2324 2144 2459 2197 ante
2489 2140 2897 2210 descenderat;
2926 2140 3106 2213 quod,
3142 2146 3448 2214 postquam
3471 2144 3598 2217 regi

1946 2227 2312 2298 innotuit,im
2321 2229 2482 2303 pigre
2498 2230 3218 2302 subsequitur,quousque
3234 2228 3591 2303 Babylonem

1946 2319 2350 2391 pervenit.Hic
2373 2324 2495 2391 jam
2519 2336 2650 2376 cum
2681 2320 2741 2376 in
2774 2321 3073 2392 procinctu
3106 2321 3416 2378 universus
3440 2335 3599 2390 esset

1943 2408 2251 2475 exercitus,
2269 2408 2726 2480 compositisque
2746 2408 2989 2465 sarcinis
3013 2409 3178 2483 sequi
3204 2409 3586 2475 decrevisset,

1943 2502 2179 2569 repente
2229 2496 2443 2554 nobilis
2472 2504 2526 2556 et
2573 2501 2778 2569 potens
2807 2498 3115 2571 AEgyptius
3163 2498 3590 2569 Benecarselle,

1942 2602 2136 2658 regem
2157 2585 2302 2643 adiit
2333 2604 2349 2655 ;
2377 2586 2785 2644 Alexandriam
2818 2602 3052 2643 summa
3082 2586 3280 2658 inopia
3320 2584 3591 2645 laborare

1941 2675 2109 2731 docet
2138 2694 2154 2744 ;
2188 2675 2655 2748 consanguineos
2684 2675 2744 2731 in
2777 2676 2980 2734 eadem
3014 2691 3074 2733 se
3103 2677 3244 2733 urbe
3268 2677 3472 2733 asserit
3491 2675 3597 2734 ha-

1942 2764 2074 2822 bere
2094 2767 2537 2837 potentissimos
2566 2768 2625 2822 et
2652 2764 2911 2823 civitatis
2936 2767 3355 2836 moderatores,
3379 2765 3481 2839 qui
3506 2766 3592 2822 ia·

1940 2853 2049 2910 cile
2080 2854 2306 2926 possint
2346 2853 2624 2926 populum
2658 2853 2811 2910 fame
2841 2852 3214 2924 amictum,in
3246 2870 3425 2928 quam
3455 2871 3591 2928 par-

1937 2947 2056 3002 tem
2088 2943 2268 3000 velint
2296 2944 2548 3014 trahere,
2571 2950 2625 3000 et
2654 2944 2947 3003 civitatem
2980 2961 3115 3003 curn
3147 2944 3425 3004 omnibus
3447 2946 3589 3004 Tur·

1941 3033 2024 3090 cis
2055 3033 2156 3106 qui
2188 3034 2248 3089 in
2279 3050 2347 3090 ea
2395 3034 2580 3091 relicti
2611 3035 2879 3105 erant,in
2933 3051 3111 3091 manu
3158 3035 3380 3092 domini
3428 3036 3585 3110 regis

1858 3082 1904 3149 C
1939 3123 2100 3181 dare.
2132 3123 2323 3180 Motus
2369 3122 2563 3196 itaque
2595 3138 2693 3180 rex
2741 3122 2815 3180 ad
2856 3123 2965 3181 hoc
3012 3123 3285 3195 verbum,
3316 3126 3523 3198 quierit
3551 3142 3585 3183 a

1938 3213 2324 3287 principibus,
2355 3213 2495 3286 quid
2528 3213 2611 3270 eis
2640 3214 2939 3284 videatur3
2972 3216 3332 3288 tandemque
3366 3231 3580 3273 conso-

1938 3305 2214 3362 nantibus
2236 3305 2500 3361 omnium
2533 3305 2862 3374 desideriis,
2885 3304 3250 3378 approbante
3269 3307 3443 3364 etiam
3466 3306 3588 3365 sol·

1936 3396 2106 3463 dano,
2143 3394 2553 3451 Alexandriam
2603 3395 2866 3467 redeunt,
2908 3409 3157 3469 eamque
3203 3396 3440 3469 gemino
3469 3397 3590 3454 cir·

1935 3488 2226 3546 cumdant
2255 3487 2535 3544 exercitu.

2526 3576 2756 3634 CAPUT
2785 3576 2990 3633 XXVI.

2296 3664 2637 3723 Describitur
2662 3664 3013 3722 Alexandriae
3032 3667 3176 3723 situs
3189 3706 3202 3724 .

2005 3754 2353 3813 Alexandria
2375 3754 2559 3813 totius
2588 3754 2866 3828 AEgyptiss
2895 3754 3183 3823 dioecesis,
3208 3755 3269 3811 in
3309 3771 3377 3813 ea
3415 3761 3580 3830 parte

1933 3863 2062 3919 quae
2094 3845 2332 3916 Lybiam
2363 3844 2600 3917 respicit
2619 3851 2674 3900 et
2705 3844 2764 3900 in
2796 3844 3161 3901 occidentem
3194 3845 3588 3918 protenditur,

1933 3934 2201 3992 omnium
2240 3933 2541 3991 civitatum
2573 3936 2665 3990 est
2698 3932 3040 4000 novissima,
3072 3933 3132 3989 in
3165 3933 3418 3992 confinio
3442 3934 3585 3993 culti

1937 4024 2048 4083 soli
2079 4029 2136 4082 et
2159 4024 2378 4082 arentis
2408 4021 2747 4081 solitudinis
2769 4021 2904 4091 sita,
2935 4022 3020 4080 ita
3050 4029 3112 4079 ut
3140 4027 3303 4081 extra
3331 4024 3588 4081 civitatis

1933 4114 2152 4172 moenia
2195 4130 2399 4171 versus
2441 4110 2581 4170 solis
2620 4127 2917 4179 occasum,
2949 4115 3113 4169 vasta
3156 4112 3425 4186 protinus
3462 4128 3590 4171 ere-

1933 4219 2068 4259 mus
2095 4201 2377 4274 adjaceat,
2401 4199 2646 4258 cultures
2673 4204 2731 4256 et
2752 4216 2904 4257 curae
2926 4201 3165 4257 omnino
3188 4216 3301 4257 non
3325 4200 3585 4259 sentiens

1930 4291 2300 4348 beneficium.
2325 4290 2577 4358 Hanc,ut
2606 4288 2858 4361 antiquae
2891 4288 3131 4346 tradunt
3159 4288 3580 4361 historioe,Ale-

1929 4379 2147 4439 xander
2175 4379 2435 4449 Macedo,
2468 4377 2719 4452 Philippi
2751 4379 2930 4448 iilius,
2963 4380 3136 4451 quus
3158 4378 3336 4437 etiam
3356 4395 3582 4450 ,nomen
3612 4406 3619 4415 ·

1931 4469 2321 4544 appellatione
2340 4486 2450 4526 sua
2480 4468 2808 4541 praetendit,
2826 4468 3160 4525 condidisse
3183 4468 3581 4527 dicitur.Con·

1930 4560 2051 4618 dita
2080 4563 2168 4617 est
2212 4563 2433 4623 autem,
2467 4562 2532 4614 ut
2580 4558 2681 4629 ait,
2710 4556 2906 4614 Julius
2935 4557 3199 4627 Solinus,
3231 4557 3583 4616 duodecima

1929 4651 2245 4708 centesima
2307 4648 2671 4722 Olympiade,
2716 4647 2888 4705 Lucio
2937 4647 3191 4721 Papyrio.
3242 4648 3305 4704 L.
3354 4647 3476 4705 tilio
3526 4656 3585 4706 et

1928 4741 2062 4799 Caio
2109 4736 2331 4804 Petilio,
2364 4737 2467 4795 Gai
2496 4736 2556 4794 F.
2589 4735 2749 4794 Coss.
2774 4752 2951 4808 quam
3003 4740 3253 4793 metatus
3304 4736 3579 4795 Dinocra-

1925 4834 2014 4887 tes
2053 4827 2426 4894 architectus,
2458 4824 2784 4882 socundum
2828 4829 2960 4898 post
3013 4825 3375 4883 conditorem
3420 4824 3575 4882 iuter

1928 4914 2328 4976 memorabilia
2374 4913 2571 4971 locum
2619 4913 2862 4971 obtinet.
2902 4913 3023 4970 Sita
3067 4917 3161 4970 est
3207 4918 3403 4971 autem
3454 4930 3575 4973 non

1925 5007 2095 5078 louge
2132 5005 2208 5060 ab
2246 5002 2397 5060 ostio
2436 5002 2574 5069 Nili,
2609 5001 2767 5073 quod
2816 5000 3250 5060 Heracleoticon
3304 5002 3575 5076 quidam,

1924 5095 2023 5153 alii
2060 5091 2390 5163 canopicon
2437 5089 2755 5163 appellant.
2788 5090 2970 5147 Hodie
3011 5106 3145 5148 vero
3199 5091 3360 5148 iocus
3389 5109 3423 5149 a
3456 5109 3574 5165 qno

1926 5183 2339 5243 denominatur
2367 5178 2583 5238 ostium
2612 5179 2698 5235 illi
2730 5180 3163 5238 conterminum
3196 5181 3445 5249 civitati,
3479 5182 3579 5238 de-

1925 5275 2059 5333 letis
2083 5271 2345 5345 antiquis
2367 5270 2727 5340 nominibus,
2751 5270 2975 5328 Ressith
3000 5269 3328 5343 appellatur
3349 5289 3364 5340 3
3389 5271 3575 5330 distat

1925 5369 2116 5421 autem
2138 5379 2171 5418 a
2199 5359 2459 5418 fluminis
2485 5358 2656 5417 alveo
2678 5359 2943 5432 quinque
2962 5364 3065 5417 aut
3082 5376 3182 5417 sex
3204 5360 3571 5432 miliaribus3

1924 5453 2026 5511 sed
2065 5455 2263 5509 tamen
2292 5449 2641 5523 quibusdam
2675 5448 2986 5517 meatibus,
3009 5454 3271 5521 tempore
3298 5449 3459 5508 soliti
3481 5450 3575 5509 iu·

1923 5540 2228 5615 crementi,
2248 5538 2409 5599 fluvii
2442 5555 2579 5615 pars
2609 5539 2817 5599 urbem
2836 5537 3064 5609 inlluit;
3085 5555 3258 5615 quam
3279 5557 3569 5619 aquarum
