<?xml version="1.0" encoding="UTF-8"?>
<!DOCTYPE html PUBLIC "-//W3C//DTD XHTML 1.0 Transitional//EN"
    "http://www.w3.org/TR/xhtml1/DTD/xhtml1-transitional.dtd">
<html xmlns="http://www.w3.org/1999/xhtml" xml:lang="en" lang="en">
 <head>
  <title>
</title>
<meta http-equiv="Content-Type" content="text/html;charset=utf-8" />
  <meta name='ocr-system' content='tesseract 3.04.00' />
  <meta name='ocr-capabilities' content='ocr_page ocr_carea ocr_par ocr_line ocrx_word'/>
</head>
<body>
  <div class='ocr_page' id='page_1' title='image "./patrologiaecurs32goog_0371.png"; bbox 0 0 3784 6000; ppageno 0'>
   <div class='ocr_carea' id='block_1_1' title="bbox 178 270 307 333">
    <p class='ocr_par' dir='ltr' id='par_1_1' title="bbox 178 270 307 333">
     <span class='ocr_line' id='line_1_1' title="bbox 178 270 307 333; baseline 0.008 -1"><span class='ocrx_word' id='word_1_1' title='bbox 178 270 307 333; x_wconf 76' lang='lat'>¹²33</span> 
     </span>
    </p>
   </div>
   <div class='ocr_carea' id='block_1_2' title="bbox 618 269 3164 344">
    <p class='ocr_par' dir='ltr' id='par_1_2' title="bbox 618 269 3164 344">
     <span class='ocr_line' id='line_1_2' title="bbox 618 269 3164 344; baseline 0.004 -11"><span class='ocrx_word' id='word_1_2' title='bbox 618 269 816 334; x_wconf 81' lang='lat' dir='ltr'><strong>fflS&#39;r.</strong></span> <span class='ocrx_word' id='word_1_3' title='bbox 866 273 1140 337; x_wconf 81' lang='lat' dir='ltr'>RERUM</span> <span class='ocrx_word' id='word_1_4' title='bbox 1192 273 1741 337; x_wconf 78' lang='lat' dir='ltr'><strong>TRANSMARIN.</strong></span> <span class='ocrx_word' id='word_1_5' title='bbox 1790 307 1861 319; x_wconf 89' lang='lat'>—</span> <span class='ocrx_word' id='word_1_6' title='bbox 1907 273 2055 336; x_wconf 78' lang='lat' dir='ltr'><strong>Lm.</strong></span> <span class='ocrx_word' id='word_1_7' title='bbox 2102 273 2317 337; x_wconf 85' lang='lat' dir='ltr'><strong>xvltl.</strong></span> <span class='ocrx_word' id='word_1_8' title='bbox 2362 275 2810 341; x_wconf 79' lang='lat' dir='ltr'>BALDUINUS</span> <span class='ocrx_word' id='word_1_9' title='bbox 2853 278 2940 342; x_wconf 87' lang='lat'><strong>111</strong></span> <span class='ocrx_word' id='word_1_10' title='bbox 2983 279 3164 344; x_wconf 76' lang='lat' dir='ltr'><strong>REX.</strong></span> 
     </span>
    </p>
   </div>
   <div class='ocr_carea' id='block_1_3' title="bbox 3475 280 3592 344">
    <p class='ocr_par' dir='ltr' id='par_1_3' title="bbox 3475 280 3592 344">
     <span class='ocr_line' id='line_1_3' title="bbox 3475 280 3592 344; baseline 0.017 -2"><span class='ocrx_word' id='word_1_11' title='bbox 3475 280 3592 344; x_wconf 73' lang='lat'><strong>⁷34</strong></span> 
     </span>
    </p>
   </div>
   <div class='ocr_carea' id='block_1_4' title="bbox 183 409 3596 489">
    <p class='ocr_par' dir='ltr' id='par_1_4' title="bbox 183 409 3596 489">
     <span class='ocr_line' id='line_1_4' title="bbox 183 409 3596 489; baseline 0 -18"><span class='ocrx_word' id='word_1_12' title='bbox 183 412 361 471; x_wconf 87' lang='lat' dir='ltr'><strong>Porro</strong></span> <span class='ocrx_word' id='word_1_13' title='bbox 388 411 445 468; x_wconf 92' lang='lat' dir='ltr'><strong>id</strong></span> <span class='ocrx_word' id='word_1_14' title='bbox 478 410 674 485; x_wconf 89' lang='lat' dir='ltr'><strong>ipsum</strong></span> <span class='ocrx_word' id='word_1_15' title='bbox 706 411 940 469; x_wconf 90' lang='lat' dir='ltr'><strong>domino</strong></span> <span class='ocrx_word' id='word_1_16' title='bbox 980 409 1104 485; x_wconf 85' lang='lat' dir='ltr'><strong>regi</strong></span> <span class='ocrx_word' id='word_1_17' title='bbox 1146 413 1349 468; x_wconf 89' lang='lat' dir='ltr'><strong>notum</strong></span> <span class='ocrx_word' id='word_1_18' title='bbox 1394 414 1552 480; x_wconf 87' lang='lat' dir='ltr'><strong>erat;</strong></span> <span class='ocrx_word' id='word_1_19' title='bbox 1586 410 1741 468; x_wconf 90' lang='lat' dir='ltr'><strong>unde</strong></span> <span class='ocrx_word' id='word_1_20' title='bbox 1772 414 1830 467; x_wconf 90' lang='lat' dir='ltr'><strong>et</strong></span> <span class='ocrx_word' id='word_1_21' title='bbox 1857 410 1913 479; x_wconf 73' lang='grc' dir='ltr'><strong>Α</strong></span> <span class='ocrx_word' id='word_1_22' title='bbox 1942 409 2124 483; x_wconf 86' lang='lat' dir='ltr'><strong>plexis</strong></span> <span class='ocrx_word' id='word_1_23' title='bbox 2154 410 2500 484; x_wconf 83' lang='lat' dir='ltr'><strong>ambagibus</strong></span> <span class='ocrx_word' id='word_1_24' title='bbox 2540 415 2894 486; x_wconf 89' lang='lat' dir='ltr'><strong>respondere</strong></span> <span class='ocrx_word' id='word_1_25' title='bbox 2933 413 3144 486; x_wconf 88' lang='lat' dir='ltr'><strong>solent,</strong></span> <span class='ocrx_word' id='word_1_26' title='bbox 3170 431 3273 489; x_wconf 90' lang='lat' dir='ltr'><strong>pro</strong></span> <span class='ocrx_word' id='word_1_27' title='bbox 3301 415 3449 473; x_wconf 84' lang='lat' dir='ltr'><strong>votis</strong></span> <span class='ocrx_word' id='word_1_28' title='bbox 3476 415 3596 472; x_wconf 91' lang='lat' dir='ltr'><strong>lm-</strong></span> 
     </span>
    </p>
   </div>
   <div class='ocr_carea' id='block_1_5' title="bbox 180 501 1838 1732">
    <p class='ocr_par' dir='ltr' id='par_1_5' title="bbox 180 501 1838 1732">
     <span class='ocr_line' id='line_1_5' title="bbox 183 501 1836 579; baseline -0.002 -17"><span class='ocrx_word' id='word_1_29' title='bbox 183 508 477 579; x_wconf 87' lang='lat' dir='ltr'><strong>quantum</strong></span> <span class='ocrx_word' id='word_1_30' title='bbox 510 508 736 575; x_wconf 88' lang='lat' dir='ltr'><strong>poterat</strong></span> <span class='ocrx_word' id='word_1_31' title='bbox 765 509 1068 560; x_wconf 86' lang='lat' dir='ltr'><strong>maturans</strong></span> <span class='ocrx_word' id='word_1_32' title='bbox 1097 501 1453 569; x_wconf 79' lang='lat' dir='ltr'>subsidium,</span> <span class='ocrx_word' id='word_1_33' title='bbox 1477 503 1643 574; x_wconf 89' lang='lat' dir='ltr'><strong>juxta</strong></span> <span class='ocrx_word' id='word_1_34' title='bbox 1671 502 1836 559; x_wconf 84' lang='lat' dir='ltr'><strong>&#39;ribe-</strong></span> 
     </span>
     <span class='ocr_line' id='line_1_6' title="bbox 182 589 1834 665; baseline -0.004 -14"><span class='ocrx_word' id='word_1_35' title='bbox 182 592 414 651; x_wconf 85' lang='lat' dir='ltr'><strong>riadem</strong></span> <span class='ocrx_word' id='word_1_36' title='bbox 446 608 608 649; x_wconf 89' lang='lat' dir='ltr'><strong>secus</strong></span> <span class='ocrx_word' id='word_1_37' title='bbox 639 596 895 665; x_wconf 86' lang='lat' dir='ltr'><strong>pontem,</strong></span> <span class='ocrx_word' id='word_1_38' title='bbox 926 591 1080 648; x_wconf 92' lang='lat' dir='ltr'><strong>unde</strong></span> <span class='ocrx_word' id='word_1_39' title='bbox 1129 591 1200 647; x_wconf 90' lang='lat' dir='ltr'><strong>de</strong></span> <span class='ocrx_word' id='word_1_40' title='bbox 1258 589 1386 646; x_wconf 88' lang='lat' dir='ltr'><strong>lacu</strong></span> <span class='ocrx_word' id='word_1_41' title='bbox 1418 589 1676 647; x_wconf 75' lang='lat' dir='ltr'><strong>Genesar</strong></span> <span class='ocrx_word' id='word_1_42' title='bbox 1702 590 1834 646; x_wconf 89' lang='lat' dir='ltr'><strong>Jor-</strong></span> 
     </span>
     <span class='ocr_line' id='line_1_7' title="bbox 184 680 1834 747; baseline -0.001 -11"><span class='ocrx_word' id='word_1_43' title='bbox 184 681 357 739; x_wconf 79' lang='lat' dir='ltr'><strong>danis</strong></span> <span class='ocrx_word' id='word_1_44' title='bbox 390 681 610 738; x_wconf 81' lang='lat' dir='ltr'><strong>fluenta</strong></span> <span class='ocrx_word' id='word_1_45' title='bbox 641 698 705 739; x_wconf 92' lang='lat' dir='ltr'><strong>se</strong></span> <span class='ocrx_word' id='word_1_46' title='bbox 726 681 1012 747; x_wconf 77' lang='lat' dir='ltr'><strong>dlvidnnt,</strong></span> <span class='ocrx_word' id='word_1_47' title='bbox 1044 696 1178 736; x_wconf 90' lang='lat' dir='ltr'><strong>cum</strong></span> <span class='ocrx_word' id='word_1_48' title='bbox 1223 680 1480 736; x_wconf 89' lang='lat' dir='ltr'><strong>exercitu</strong></span> <span class='ocrx_word' id='word_1_49' title='bbox 1524 696 1630 736; x_wconf 88' lang='lat' dir='ltr'><strong>suo</strong></span> <span class='ocrx_word' id='word_1_50' title='bbox 1650 685 1834 737; x_wconf 83' lang='lat' dir='ltr'><strong>castra</strong></span> 
     </span>
     <span class='ocr_line' id='line_1_8' title="bbox 185 769 1835 844; baseline -0.002 -17"><span class='ocrx_word' id='word_1_51' title='bbox 185 774 355 830; x_wconf 88' lang='lat' dir='ltr'><strong>locat.</strong></span> <span class='ocrx_word' id='word_1_52' title='bbox 382 771 595 827; x_wconf 85' lang='lat' dir='ltr'><strong>Audito</strong></span> <span class='ocrx_word' id='word_1_53' title='bbox 624 770 807 844; x_wconf 88' lang='lat' dir='ltr'><strong>igitur</strong></span> <span class='ocrx_word' id='word_1_54' title='bbox 824 769 1160 827; x_wconf 86' lang='lat' dir='ltr'><strong>Noradinus</strong></span> <span class='ocrx_word' id='word_1_55' title='bbox 1190 772 1519 825; x_wconf 86' lang='lat' dir='ltr'><strong>nostrorum</strong></span> <span class='ocrx_word' id='word_1_56' title='bbox 1553 769 1835 839; x_wconf 86' lang='lat' dir='ltr'><strong>adventu,</strong></span> 
     </span>
     <span class='ocr_line' id='line_1_9' title="bbox 182 857 1833 933; baseline -0.004 -15"><span class='ocrx_word' id='word_1_57' title='bbox 182 859 434 918; x_wconf 82' lang='lat' dir='ltr'><strong>consilio</strong></span> <span class='ocrx_word' id='word_1_58' title='bbox 481 864 704 917; x_wconf 83' lang='lat' dir='ltr'><strong>tractus</strong></span> <span class='ocrx_word' id='word_1_59' title='bbox 752 858 1032 933; x_wconf 82' lang='lat' dir='ltr'><strong>Syracuni</strong></span> <span class='ocrx_word' id='word_1_60' title='bbox 1090 857 1368 930; x_wconf 90' lang='lat' dir='ltr'><strong>principis</strong></span> <span class='ocrx_word' id='word_1_61' title='bbox 1416 857 1634 913; x_wconf 74' lang='lat' dir='ltr'><strong>militiae</strong></span> <span class='ocrx_word' id='word_1_62' title='bbox 1689 874 1833 926; x_wconf 80' lang='lat' dir='ltr'><strong>suae,</strong></span> 
     </span>
     <span class='ocr_line' id='line_1_10' title="bbox 180 946 1835 1021; baseline -0.002 -15"><span class='ocrx_word' id='word_1_63' title='bbox 180 948 294 1006; x_wconf 81' lang='lat' dir='ltr'><strong>viri</strong></span> <span class='ocrx_word' id='word_1_64' title='bbox 321 948 547 1006; x_wconf 87' lang='lat' dir='ltr'><strong>strenui</strong></span> <span class='ocrx_word' id='word_1_65' title='bbox 577 952 638 1005; x_wconf 86' lang='lat' dir='ltr'><strong>et</strong></span> <span class='ocrx_word' id='word_1_66' title='bbox 655 948 724 1005; x_wconf 90' lang='lat' dir='ltr'><strong>de</strong></span> <span class='ocrx_word' id='word_1_67' title='bbox 747 965 806 1005; x_wconf 88' lang='lat' dir='ltr'><strong>se</strong></span> <span class='ocrx_word' id='word_1_68' title='bbox 837 947 1159 1021; x_wconf 89' lang='lat' dir='ltr'><strong>plurimum</strong></span> <span class='ocrx_word' id='word_1_69' title='bbox 1186 947 1610 1019; x_wconf 77' lang='lat' dir='ltr'><strong>praesumentis,</strong></span> <span class='ocrx_word' id='word_1_70' title='bbox 1642 946 1835 1003; x_wconf 85' lang='lat' dir='ltr'><strong>soluta</strong></span> 
     </span>
     <span class='ocr_line' id='line_1_11' title="bbox 181 1035 1834 1108; baseline -0.003 -12"><span class='ocrx_word' id='word_1_71' title='bbox 181 1037 512 1104; x_wconf 80' lang='lat' dir='ltr'><strong>obsidione,</strong></span> <span class='ocrx_word' id='word_1_72' title='bbox 535 1053 669 1094; x_wconf 91' lang='lat' dir='ltr'><strong>cum</strong></span> <span class='ocrx_word' id='word_1_73' title='bbox 701 1036 826 1094; x_wconf 90' lang='lat' dir='ltr'><strong>suis</strong></span> <span class='ocrx_word' id='word_1_74' title='bbox 848 1035 1312 1108; x_wconf 74' lang='lat' dir='ltr'>expeditionibus</span> <span class='ocrx_word' id='word_1_75' title='bbox 1357 1035 1573 1091; x_wconf 88' lang='lat' dir='ltr'><strong>nostris</strong></span> <span class='ocrx_word' id='word_1_76' title='bbox 1603 1036 1834 1091; x_wconf 83' lang='lat' dir='ltr'><strong>obviam</strong></span> 
     </span>
     <span class='ocr_line' id='line_1_12' title="bbox 183 1124 1834 1202; baseline -0.004 -16"><span class='ocrx_word' id='word_1_77' title='bbox 183 1145 248 1186; x_wconf 83' lang='lat' dir='ltr'><strong>se</strong></span> <span class='ocrx_word' id='word_1_78' title='bbox 277 1128 439 1186; x_wconf 81' lang='lat' dir='ltr'><strong>facit.</strong></span> <span class='ocrx_word' id='word_1_79' title='bbox 471 1127 587 1185; x_wconf 87' lang='lat' dir='ltr'><strong>Rex</strong></span> <span class='ocrx_word' id='word_1_80' title='bbox 631 1143 761 1184; x_wconf 88' lang='lat' dir='ltr'><strong>vero</strong></span> <span class='ocrx_word' id='word_1_81' title='bbox 813 1127 1057 1182; x_wconf 89' lang='lat' dir='ltr'><strong>audiens</strong></span> <span class='ocrx_word' id='word_1_82' title='bbox 1087 1126 1240 1199; x_wconf 89' lang='lat' dir='ltr'><strong>quod</strong></span> <span class='ocrx_word' id='word_1_83' title='bbox 1270 1124 1600 1202; x_wconf 84' lang='lat' dir='ltr'><strong>Noradinus</strong></span> <span class='ocrx_word' id='word_1_84' title='bbox 1629 1141 1834 1181; x_wconf 88' lang='lat' dir='ltr'><strong>occur-</strong></span> 
     </span>
     <span class='ocr_line' id='line_1_13' title="bbox 184 1213 1838 1290; baseline -0.004 -16"><span class='ocrx_word' id='word_1_85' title='bbox 184 1232 315 1274; x_wconf 88' lang='lat' dir='ltr'><strong>rere</strong></span> <span class='ocrx_word' id='word_1_86' title='bbox 366 1219 772 1290; x_wconf 79' lang='lat' dir='ltr'><strong>proposuerat,</strong></span> <span class='ocrx_word' id='word_1_87' title='bbox 797 1216 856 1272; x_wconf 92' lang='lat' dir='ltr'><strong>in</strong></span> <span class='ocrx_word' id='word_1_88' title='bbox 913 1219 1106 1271; x_wconf 89' lang='lat' dir='ltr'><strong>castra</strong></span> <span class='ocrx_word' id='word_1_89' title='bbox 1140 1214 1470 1270; x_wconf 85' lang='lat' dir='ltr'><strong>convocatis</strong></span> <span class='ocrx_word' id='word_1_90' title='bbox 1500 1229 1732 1269; x_wconf 90' lang='lat' dir='ltr'><strong>summe</strong></span> <span class='ocrx_word' id='word_1_91' title='bbox 1754 1213 1838 1269; x_wconf 91' lang='lat' dir='ltr'><strong>di-</strong></span> 
     </span>
     <span class='ocr_line' id='line_1_14' title="bbox 181 1302 1829 1378; baseline -0.001 -16"><span class='ocrx_word' id='word_1_92' title='bbox 181 1305 381 1363; x_wconf 89' lang='lat' dir='ltr'><strong>luculo</strong></span> <span class='ocrx_word' id='word_1_93' title='bbox 413 1304 799 1378; x_wconf 89' lang='lat' dir='ltr'><strong>principibus,</strong></span> <span class='ocrx_word' id='word_1_94' title='bbox 824 1305 1061 1360; x_wconf 87' lang='lat' dir='ltr'><strong>adorato</strong></span> <span class='ocrx_word' id='word_1_95' title='bbox 1077 1302 1420 1376; x_wconf 75' lang='lat' dir='ltr'><strong>suppliciter</strong></span> <span class='ocrx_word' id='word_1_96' title='bbox 1446 1303 1686 1358; x_wconf 66' lang='lat' dir='ltr'><strong>vivificas</strong></span> <span class='ocrx_word' id='word_1_97' title='bbox 1701 1320 1829 1360; x_wconf 85' lang='lat' dir='ltr'><strong>cru·</strong></span> 
     </span>
     <span class='ocr_line' id='line_1_15' title="bbox 183 1391 1834 1468; baseline -0.002 -17"><span class='ocrx_word' id='word_1_98' title='bbox 183 1394 269 1451; x_wconf 88' lang='lat' dir='ltr'><strong>cis</strong></span> <span class='ocrx_word' id='word_1_99' title='bbox 296 1394 478 1465; x_wconf 83' lang='lat' dir='ltr'><strong>ligno,</strong></span> <span class='ocrx_word' id='word_1_100' title='bbox 500 1394 654 1468; x_wconf 89' lang='lat' dir='ltr'><strong>quod</strong></span> <span class='ocrx_word' id='word_1_101' title='bbox 679 1395 955 1450; x_wconf 87' lang='lat' dir='ltr'><strong>dominus</strong></span> <span class='ocrx_word' id='word_1_102' title='bbox 975 1394 1179 1451; x_wconf 89' lang='lat' dir='ltr'><strong>Petrus</strong></span> <span class='ocrx_word' id='word_1_103' title='bbox 1198 1391 1589 1464; x_wconf 75' lang='lat' dir='ltr'><strong>praedecessor</strong></span> <span class='ocrx_word' id='word_1_104' title='bbox 1614 1397 1834 1459; x_wconf 89' lang='lat' dir='ltr'><strong>noster,</strong></span> 
     </span>
     <span class='ocr_line' id='line_1_16' title="bbox 180 1482 1834 1557; baseline -0.002 -17"><span class='ocrx_word' id='word_1_105' title='bbox 180 1485 459 1557; x_wconf 78' lang='lat' dir='ltr'><strong>Tyrensls</strong></span> <span class='ocrx_word' id='word_1_106' title='bbox 487 1483 983 1556; x_wconf 88' lang='lat' dir='ltr'><strong>archiepiscopus,</strong></span> <span class='ocrx_word' id='word_1_107' title='bbox 1015 1483 1125 1554; x_wconf 71' lang='lat' dir='ltr'><strong>pias</strong></span> <span class='ocrx_word' id='word_1_108' title='bbox 1160 1483 1218 1537; x_wconf 93' lang='lat' dir='ltr'><strong>in</strong></span> <span class='ocrx_word' id='word_1_109' title='bbox 1269 1482 1514 1537; x_wconf 75' lang='lat' dir='ltr'><strong>Domino</strong></span> <span class='ocrx_word' id='word_1_110' title='bbox 1562 1482 1834 1538; x_wconf 89' lang='lat' dir='ltr'><strong>recorda-</strong></span> 
     </span>
     <span class='ocr_line' id='line_1_17' title="bbox 184 1570 1834 1646; baseline -0.001 -19"><span class='ocrx_word' id='word_1_111' title='bbox 184 1570 366 1628; x_wconf 79' lang='lat' dir='ltr'><strong>tionis</strong></span> <span class='ocrx_word' id='word_1_112' title='bbox 417 1573 708 1646; x_wconf 87' lang='lat' dir='ltr'><strong>gestabat,</strong></span> <span class='ocrx_word' id='word_1_113' title='bbox 740 1572 809 1628; x_wconf 92' lang='lat' dir='ltr'><strong>de</strong></span> <span class='ocrx_word' id='word_1_114' title='bbox 860 1572 1159 1627; x_wconf 87' lang='lat' dir='ltr'><strong>communi</strong></span> <span class='ocrx_word' id='word_1_115' title='bbox 1223 1585 1533 1635; x_wconf 90' lang='lat' dir='ltr'><strong>consensu,</strong></span> <span class='ocrx_word' id='word_1_116' title='bbox 1591 1585 1834 1626; x_wconf 90' lang='lat' dir='ltr'><strong>concur·</strong></span> 
     </span>
     <span class='ocr_line' id='line_1_18' title="bbox 184 1658 1832 1732; baseline -0.003 -15"><span class='ocrx_word' id='word_1_117' title='bbox 184 1668 350 1718; x_wconf 85' lang='lat' dir='ltr'><strong>rente</strong></span> <span class='ocrx_word' id='word_1_118' title='bbox 404 1660 664 1717; x_wconf 90' lang='lat' dir='ltr'><strong>omnium</strong></span> <span class='ocrx_word' id='word_1_119' title='bbox 715 1659 907 1718; x_wconf 79' lang='lat' dir='ltr'><strong>favore</strong></span> <span class='ocrx_word' id='word_1_120' title='bbox 955 1659 1310 1732; x_wconf 89' lang='lat' dir='ltr'><strong>gratissimo,</strong></span> <span class='ocrx_word' id='word_1_121' title='bbox 1353 1658 1568 1716; x_wconf 90' lang='lat' dir='ltr'><strong>bellum</strong></span> <span class='ocrx_word' id='word_1_122' title='bbox 1630 1659 1832 1720; x_wconf 86' lang='lat' dir='ltr'><strong>indici,</strong></span> 
     </span>
    </p>
   </div>
   <div class='ocr_carea' id='block_1_6' title="bbox 1939 502 3595 1729">
    <p class='ocr_par' dir='ltr' id='par_1_6' title="bbox 1939 502 3595 1729">
     <span class='ocr_line' id='line_1_19' title="bbox 1944 502 3593 577; baseline 0.004 -20"><span class='ocrx_word' id='word_1_123' title='bbox 1944 505 2224 573; x_wconf 79' lang='lat' dir='ltr'><strong>patrant:</strong></span> <span class='ocrx_word' id='word_1_124' title='bbox 2269 502 2706 561; x_wconf 88' lang='lat' dir='ltr'><strong>conditionibus</strong></span> <span class='ocrx_word' id='word_1_125' title='bbox 2746 506 3128 577; x_wconf 76' lang='lat' dir='ltr'><strong>interpositis,</strong></span> <span class='ocrx_word' id='word_1_126' title='bbox 3164 510 3287 563; x_wconf 87' lang='lat' dir='ltr'><strong>tam</strong></span> <span class='ocrx_word' id='word_1_127' title='bbox 3342 507 3411 563; x_wconf 89' lang='lat' dir='ltr'><strong>de</strong></span> <span class='ocrx_word' id='word_1_128' title='bbox 3460 507 3593 563; x_wconf 88' lang='lat' dir='ltr'><strong>dote</strong></span> 
     </span>
     <span class='ocr_line' id='line_1_20' title="bbox 1944 591 3595 668; baseline 0.004 -22"><span class='ocrx_word' id='word_1_129' title='bbox 1944 607 2115 663; x_wconf 89' lang='lat' dir='ltr'><strong>quam</strong></span> <span class='ocrx_word' id='word_1_130' title='bbox 2174 593 2246 648; x_wconf 89' lang='lat' dir='ltr'><strong>de</strong></span> <span class='ocrx_word' id='word_1_131' title='bbox 2305 591 2620 650; x_wconf 75' lang='lat' dir='ltr'><strong>donatione</strong></span> <span class='ocrx_word' id='word_1_132' title='bbox 2677 597 2907 667; x_wconf 82' lang='lat' dir='ltr'><strong>propter</strong></span> <span class='ocrx_word' id='word_1_133' title='bbox 2950 595 3206 668; x_wconf 86' lang='lat' dir='ltr'><strong>nuptias,</strong></span> <span class='ocrx_word' id='word_1_134' title='bbox 3267 596 3595 653; x_wconf 87' lang='lat' dir='ltr'><strong>destinatur</strong></span> 
     </span>
     <span class='ocr_line' id='line_1_21' title="bbox 1945 680 3595 756; baseline 0.004 -21"><span class='ocrx_word' id='word_1_135' title='bbox 1945 680 2061 753; x_wconf 86' lang='lat' dir='ltr'><strong>regi</strong></span> <span class='ocrx_word' id='word_1_136' title='bbox 2089 697 2234 736; x_wconf 88' lang='lat' dir='ltr'><strong>uxor</strong></span> <span class='ocrx_word' id='word_1_137' title='bbox 2261 681 2551 755; x_wconf 86' lang='lat' dir='ltr'><strong>virginum</strong></span> <span class='ocrx_word' id='word_1_138' title='bbox 2587 681 3153 756; x_wconf 75' lang='lat' dir='ltr'><strong>illustrissima,qua³</strong></span> <span class='ocrx_word' id='word_1_139' title='bbox 3193 685 3253 741; x_wconf 87' lang='lat' dir='ltr'><strong>ln</strong></span> <span class='ocrx_word' id='word_1_140' title='bbox 3285 686 3595 742; x_wconf 85' lang='lat' dir='ltr'><strong>sacrisim·</strong></span> 
     </span>
     <span class='ocr_line' id='line_1_22' title="bbox 1945 769 3592 845; baseline 0.003 -20"><span class='ocrx_word' id='word_1_141' title='bbox 1945 769 2086 840; x_wconf 86' lang='lat' dir='ltr'><strong>perii</strong></span> <span class='ocrx_word' id='word_1_142' title='bbox 2134 770 2530 840; x_wconf 77' lang='lat' dir='ltr'><strong>penetralibus</strong></span> <span class='ocrx_word' id='word_1_143' title='bbox 2586 771 2974 828; x_wconf 76' lang='lat' dir='ltr'><strong>nutriebatur.</strong></span> <span class='ocrx_word' id='word_1_144' title='bbox 3005 776 3141 828; x_wconf 86' lang='lat' dir='ltr'><strong>Erat</strong></span> <span class='ocrx_word' id='word_1_145' title='bbox 3191 777 3385 829; x_wconf 89' lang='lat' dir='ltr'><strong>autem</strong></span> <span class='ocrx_word' id='word_1_146' title='bbox 3426 775 3592 845; x_wconf 87' lang='lat' dir='ltr'><strong>ejus-</strong></span> 
     </span>
     <span class='ocr_line' id='line_1_23' title="bbox 1944 859 3591 934; baseline 0.002 -20"><span class='ocrx_word' id='word_1_147' title='bbox 1944 859 2072 915; x_wconf 88' lang='lat' dir='ltr'><strong>dem</strong></span> <span class='ocrx_word' id='word_1_148' title='bbox 2095 859 2317 917; x_wconf 89' lang='lat' dir='ltr'><strong>domini</strong></span> <span class='ocrx_word' id='word_1_149' title='bbox 2333 859 2702 934; x_wconf 88' lang='lat' dir='ltr'><strong>imperatoris</strong></span> <span class='ocrx_word' id='word_1_150' title='bbox 2725 861 2939 933; x_wconf 83' lang='lat' dir='ltr'><strong>neptis,</strong></span> <span class='ocrx_word' id='word_1_151' title='bbox 2962 860 3179 916; x_wconf 90' lang='lat' dir='ltr'><strong>domini</strong></span> <span class='ocrx_word' id='word_1_152' title='bbox 3201 860 3381 918; x_wconf 85' lang='lat' dir='ltr'><strong>Isaaci</strong></span> <span class='ocrx_word' id='word_1_153' title='bbox 3397 861 3591 918; x_wconf 78' lang='lat' dir='ltr'><strong>fratris</strong></span> 
     </span>
     <span class='ocr_line' id='line_1_24' title="bbox 1943 947 3587 1021; baseline 0.003 -19"><span class='ocrx_word' id='word_1_154' title='bbox 1943 947 2072 1019; x_wconf 89' lang='lat' dir='ltr'><strong>ejus</strong></span> <span class='ocrx_word' id='word_1_155' title='bbox 2103 953 2240 1003; x_wconf 86' lang='lat' dir='ltr'><strong>natu</strong></span> <span class='ocrx_word' id='word_1_156' title='bbox 2276 962 2336 1004; x_wconf 90' lang='lat' dir='ltr'><strong>se</strong></span> <span class='ocrx_word' id='word_1_157' title='bbox 2369 947 2577 1021; x_wconf 90' lang='lat' dir='ltr'><strong>prioris</strong></span> <span class='ocrx_word' id='word_1_158' title='bbox 2608 948 2751 1019; x_wconf 80' lang='lat' dir='ltr'><strong>fllia,</strong></span> <span class='ocrx_word' id='word_1_159' title='bbox 2770 948 3075 1005; x_wconf 83' lang='lat' dir='ltr'><strong>Theodora</strong></span> <span class='ocrx_word' id='word_1_160' title='bbox 3093 947 3348 1015; x_wconf 89' lang='lat' dir='ltr'><strong>nomine,</strong></span> <span class='ocrx_word' id='word_1_161' title='bbox 3367 966 3587 1007; x_wconf 88' lang='lat' dir='ltr'><strong>annum</strong></span> 
     </span>
     <span class='ocr_line' id='line_1_25' title="bbox 1944 1037 3591 1111; baseline 0.002 -19"><span class='ocrx_word' id='word_1_162' title='bbox 1944 1052 2119 1109; x_wconf 87' lang='lat' dir='ltr'><strong>agens</strong></span> <span class='ocrx_word' id='word_1_163' title='bbox 2147 1038 2380 1092; x_wconf 87' lang='lat' dir='ltr'><strong>tertium</strong></span> <span class='ocrx_word' id='word_1_164' title='bbox 2412 1037 2728 1105; x_wconf 88' lang='lat' dir='ltr'><strong>decimum,</strong></span> <span class='ocrx_word' id='word_1_165' title='bbox 2764 1038 2957 1094; x_wconf 79' lang='lat' dir='ltr'><strong>l’ormae</strong></span> <span class='ocrx_word' id='word_1_166' title='bbox 3002 1041 3299 1095; x_wconf 86' lang='lat' dir='ltr'><strong>venustate</strong></span> <span class='ocrx_word' id='word_1_167' title='bbox 3321 1038 3591 1111; x_wconf 86' lang='lat' dir='ltr'><strong>singula·</strong></span> 
     </span>
     <span class='ocr_line' id='line_1_26' title="bbox 1944 1126 3593 1199; baseline 0.001 -19"><span class='ocrx_word' id='word_1_168' title='bbox 1944 1126 2083 1181; x_wconf 88' lang='lat' dir='ltr'><strong>riter</strong></span> <span class='ocrx_word' id='word_1_169' title='bbox 2105 1127 2437 1198; x_wconf 86' lang='lat' dir='ltr'><strong>conspicua,</strong></span> <span class='ocrx_word' id='word_1_170' title='bbox 2464 1127 2655 1183; x_wconf 82' lang='lat' dir='ltr'><strong>vultus</strong></span> <span class='ocrx_word' id='word_1_171' title='bbox 2698 1126 3004 1199; x_wconf 84' lang='lat' dir='ltr'><strong>elegantia,</strong></span> <span class='ocrx_word' id='word_1_172' title='bbox 3040 1131 3096 1182; x_wconf 88' lang='lat' dir='ltr'><strong>et</strong></span> <span class='ocrx_word' id='word_1_173' title='bbox 3151 1127 3327 1183; x_wconf 88' lang='lat' dir='ltr'><strong>totius</strong></span> <span class='ocrx_word' id='word_1_174' title='bbox 3382 1143 3593 1198; x_wconf 90' lang='lat' dir='ltr'><strong>corpo-</strong></span> 
     </span>
     <span class='ocr_line' id='line_1_27' title="bbox 1945 1213 3589 1271; baseline 0.002 -4"><span class='ocrx_word' id='word_1_175' title='bbox 1945 1213 2024 1268; x_wconf 85' lang='lat' dir='ltr'><strong>ris</strong></span> <span class='ocrx_word' id='word_1_176' title='bbox 2048 1213 2386 1270; x_wconf 86' lang='lat' dir='ltr'><strong>babitudine</strong></span> <span class='ocrx_word' id='word_1_177' title='bbox 2420 1213 2782 1270; x_wconf 86' lang='lat' dir='ltr'><strong>intuentibus</strong></span> <span class='ocrx_word' id='word_1_178' title='bbox 2815 1213 3163 1271; x_wconf 84' lang='lat' dir='ltr'><strong>favorabilis.</strong></span> <span class='ocrx_word' id='word_1_179' title='bbox 3199 1215 3365 1271; x_wconf 90' lang='lat' dir='ltr'><strong>Dotis</strong></span> <span class='ocrx_word' id='word_1_180' title='bbox 3397 1219 3589 1270; x_wconf 86' lang='lat' dir='ltr'><strong>autem</strong></span> 
     </span>
     <span class='ocr_line' id='line_1_28' title="bbox 1945 1302 3595 1375; baseline 0.001 -19"><span class='ocrx_word' id='word_1_181' title='bbox 1945 1303 2237 1373; x_wconf 76' lang='lat' dir='ltr'><strong>quantitas</strong></span> <span class='ocrx_word' id='word_1_182' title='bbox 2262 1310 2380 1359; x_wconf 82' lang='lat' dir='ltr'><strong>erat</strong></span> <span class='ocrx_word' id='word_1_183' title='bbox 2408 1303 2467 1357; x_wconf 91' lang='lat' dir='ltr'><strong>in</strong></span> <span class='ocrx_word' id='word_1_184' title='bbox 2498 1310 2728 1358; x_wconf 90' lang='lat' dir='ltr'><strong>centum</strong></span> <span class='ocrx_word' id='word_1_185' title='bbox 2781 1302 3042 1359; x_wconf 89' lang='lat' dir='ltr'><strong>millibus</strong></span> <span class='ocrx_word' id='word_1_186' title='bbox 3098 1302 3595 1375; x_wconf 81' lang='lat' dir='ltr'><strong>Hyperperorum,</strong></span> 
     </span>
     <span class='ocr_line' id='line_1_29' title="bbox 1939 1389 3591 1463; baseline -0.001 -18"><span class='ocrx_word' id='word_1_187' title='bbox 1939 1391 2081 1460; x_wconf 83' lang='lat' dir='ltr'><strong>justi</strong></span> <span class='ocrx_word' id='word_1_188' title='bbox 2109 1390 2408 1463; x_wconf 86' lang='lat' dir='ltr'><strong>ponderis,</strong></span> <span class='ocrx_word' id='word_1_189' title='bbox 2435 1392 2690 1463; x_wconf 86' lang='lat' dir='ltr'><strong>exceptis</strong></span> <span class='ocrx_word' id='word_1_190' title='bbox 2729 1390 2929 1446; x_wconf 89' lang='lat' dir='ltr'><strong>decem</strong></span> <span class='ocrx_word' id='word_1_191' title='bbox 2982 1389 3111 1445; x_wconf 88' lang='lat' dir='ltr'><strong>aliis</strong></span> <span class='ocrx_word' id='word_1_192' title='bbox 3157 1390 3421 1461; x_wconf 83' lang='lat' dir='ltr'><strong>ejusdem</strong></span> <span class='ocrx_word' id='word_1_193' title='bbox 3468 1406 3591 1445; x_wconf 91' lang='lat' dir='ltr'><strong>mo-</strong></span> 
     </span>
     <span class='ocr_line' id='line_1_30' title="bbox 1945 1477 3593 1551; baseline 0.001 -18"><span class='ocrx_word' id='word_1_194' title='bbox 1945 1484 2091 1535; x_wconf 83' lang='lat' dir='ltr'><strong>netes</strong></span> <span class='ocrx_word' id='word_1_195' title='bbox 2125 1477 2406 1548; x_wconf 89' lang='lat' dir='ltr'><strong>millibus,</strong></span> <span class='ocrx_word' id='word_1_196' title='bbox 2438 1496 2586 1551; x_wconf 90' lang='lat' dir='ltr'><strong>quos</strong></span> <span class='ocrx_word' id='word_1_197' title='bbox 2637 1479 2915 1535; x_wconf 87' lang='lat' dir='ltr'><strong>dominus</strong></span> <span class='ocrx_word' id='word_1_198' title='bbox 2954 1479 3272 1550; x_wconf 88' lang='lat' dir='ltr'><strong>imperator</strong></span> <span class='ocrx_word' id='word_1_199' title='bbox 3324 1479 3393 1534; x_wconf 89' lang='lat' dir='ltr'><strong>ad</strong></span> <span class='ocrx_word' id='word_1_200' title='bbox 3446 1496 3593 1551; x_wconf 90' lang='lat' dir='ltr'><strong>opus</strong></span> 
     </span>
     <span class='ocr_line' id='line_1_31' title="bbox 1945 1567 3593 1640; baseline 0.001 -16"><span class='ocrx_word' id='word_1_201' title='bbox 1945 1567 2298 1640; x_wconf 83' lang='lat' dir='ltr'><strong>nuptialium</strong></span> <span class='ocrx_word' id='word_1_202' title='bbox 2359 1584 2747 1640; x_wconf 89' lang='lat' dir='ltr'><strong>expensarum</strong></span> <span class='ocrx_word' id='word_1_203' title='bbox 2800 1567 3112 1625; x_wconf 75' lang='lat' dir='ltr'><strong>liberaliter</strong></span> <span class='ocrx_word' id='word_1_204' title='bbox 3166 1567 3452 1625; x_wconf 77' lang='lat' dir='ltr'><strong>concessit</strong></span> <span class='ocrx_word' id='word_1_205' title='bbox 3486 1584 3500 1624; x_wconf 76' lang='grc' dir='ltr'><strong><em>ε</em></strong></span> <span class='ocrx_word' id='word_1_206' title='bbox 3533 1575 3593 1625; x_wconf 92' lang='lat' dir='ltr'><strong>et</strong></span> 
     </span>
     <span class='ocr_line' id='line_1_32' title="bbox 1944 1655 3588 1729; baseline 0.001 -16"><span class='ocrx_word' id='word_1_207' title='bbox 1944 1660 2181 1728; x_wconf 86' lang='lat' dir='ltr'><strong>excepto</strong></span> <span class='ocrx_word' id='word_1_208' title='bbox 2204 1656 2424 1713; x_wconf 91' lang='lat' dir='ltr'><strong>mundo</strong></span> <span class='ocrx_word' id='word_1_209' title='bbox 2446 1655 2737 1729; x_wconf 83' lang='lat' dir='ltr'><strong>virginali,</strong></span> <span class='ocrx_word' id='word_1_210' title='bbox 2771 1656 2827 1711; x_wconf 92' lang='lat' dir='ltr'><strong>in</strong></span> <span class='ocrx_word' id='word_1_211' title='bbox 2872 1660 3128 1727; x_wconf 89' lang='lat' dir='ltr'><strong>quotam</strong></span> <span class='ocrx_word' id='word_1_212' title='bbox 3153 1657 3211 1712; x_wconf 90' lang='lat' dir='ltr'><strong>in</strong></span> <span class='ocrx_word' id='word_1_213' title='bbox 3244 1672 3385 1714; x_wconf 89' lang='lat' dir='ltr'><strong>auro</strong></span> <span class='ocrx_word' id='word_1_214' title='bbox 3416 1674 3588 1729; x_wconf 89' lang='lat' dir='ltr'><strong>quam</strong></span> 
     </span>
    </p>
   </div>
   <div class='ocr_carea' id='block_1_7' title="bbox 181 1744 3592 1910">
    <p class='ocr_par' dir='ltr' id='par_1_7' title="bbox 181 1744 3592 1910">
     <span class='ocr_line' id='line_1_33' title="bbox 181 1744 3592 1847; baseline -0.001 -41"><span class='ocrx_word' id='word_1_215' title='bbox 181 1753 299 1806; x_wconf 86' lang='lat' dir='ltr'><strong>tur.</strong></span> <span class='ocrx_word' id='word_1_216' title='bbox 326 1747 498 1807; x_wconf 77' lang='lat' dir='ltr'><strong>Motis</strong></span> <span class='ocrx_word' id='word_1_217' title='bbox 527 1749 705 1824; x_wconf 84' lang='lat' dir='ltr'><strong>igitur</strong></span> <span class='ocrx_word' id='word_1_218' title='bbox 758 1748 1223 1822; x_wconf 86' lang='lat' dir='ltr'><strong>expeditionibus</strong></span> <span class='ocrx_word' id='word_1_219' title='bbox 1254 1751 1311 1804; x_wconf 91' lang='lat' dir='ltr'><strong>et</strong></span> <span class='ocrx_word' id='word_1_220' title='bbox 1342 1751 1571 1820; x_wconf 86' lang='lat' dir='ltr'><strong>arrepto</strong></span> <span class='ocrx_word' id='word_1_221' title='bbox 1601 1747 1828 1819; x_wconf 85' lang='lat' dir='ltr'><strong>itinere,</strong></span> <span class='ocrx_word' id='word_1_222' title='bbox 1863 1780 1911 1847; x_wconf 74' lang='lat' dir='ltr'>B</span> <span class='ocrx_word' id='word_1_223' title='bbox 1944 1746 2002 1803; x_wconf 87' lang='lat' dir='ltr'><strong>in</strong></span> <span class='ocrx_word' id='word_1_224' title='bbox 2034 1745 2290 1816; x_wconf 88' lang='lat' dir='ltr'><strong>gemmis,</strong></span> <span class='ocrx_word' id='word_1_225' title='bbox 2317 1744 2571 1801; x_wconf 87' lang='lat' dir='ltr'><strong>vestibus</strong></span> <span class='ocrx_word' id='word_1_226' title='bbox 2602 1749 2659 1802; x_wconf 90' lang='lat' dir='ltr'><strong>et</strong></span> <span class='ocrx_word' id='word_1_227' title='bbox 2707 1746 3056 1818; x_wconf 80' lang='lat' dir='ltr'><strong>margaritis,</strong></span> <span class='ocrx_word' id='word_1_228' title='bbox 3088 1746 3303 1816; x_wconf 83' lang='lat' dir='ltr'><strong>tapetis</strong></span> <span class='ocrx_word' id='word_1_229' title='bbox 3329 1750 3385 1802; x_wconf 92' lang='lat' dir='ltr'><strong>et</strong></span> <span class='ocrx_word' id='word_1_230' title='bbox 3427 1746 3592 1804; x_wconf 87' lang='lat' dir='ltr'><strong>holo-</strong></span> 
     </span>
     <span class='ocr_line' id='line_1_34' title="bbox 183 1834 3589 1910; baseline -0.001 -15"><span class='ocrx_word' id='word_1_231' title='bbox 183 1836 546 1896; x_wconf 85' lang='lat' dir='ltr'><strong>exsultantes</strong></span> <span class='ocrx_word' id='word_1_232' title='bbox 573 1838 793 1907; x_wconf 88' lang='lat' dir='ltr'><strong>animo,</strong></span> <span class='ocrx_word' id='word_1_233' title='bbox 816 1842 1097 1910; x_wconf 85' lang='lat' dir='ltr'><strong>tanquam</strong></span> <span class='ocrx_word' id='word_1_234' title='bbox 1138 1836 1209 1892; x_wconf 91' lang='lat' dir='ltr'><strong>de</strong></span> <span class='ocrx_word' id='word_1_235' title='bbox 1240 1835 1480 1893; x_wconf 79' lang='lat' dir='ltr'><strong>victoria</strong></span> <span class='ocrx_word' id='word_1_236' title='bbox 1509 1836 1723 1901; x_wconf 91' lang='lat' dir='ltr'><strong>securi,</strong></span> <span class='ocrx_word' id='word_1_237' title='bbox 1755 1835 1827 1891; x_wconf 89' lang='lat' dir='ltr'><strong>ad</strong></span> <span class='ocrx_word' id='word_1_238' title='bbox 1942 1835 2164 1907; x_wconf 89' lang='lat' dir='ltr'><strong>sericis,</strong></span> <span class='ocrx_word' id='word_1_239' title='bbox 2199 1834 2350 1891; x_wconf 83' lang='lat' dir='ltr'><strong>vasis</strong></span> <span class='ocrx_word' id='word_1_240' title='bbox 2380 1849 2608 1906; x_wconf 89' lang='lat' dir='ltr'><strong>quoque</strong></span> <span class='ocrx_word' id='word_1_241' title='bbox 2651 1835 2947 1908; x_wconf 89' lang='lat' dir='ltr'><strong>pretiosis,</strong></span> <span class='ocrx_word' id='word_1_242' title='bbox 2984 1836 3369 1908; x_wconf 84' lang='lat' dir='ltr'><strong>quadraginta</strong></span> <span class='ocrx_word' id='word_1_243' title='bbox 3404 1834 3589 1893; x_wconf 87' lang='lat' dir='ltr'><strong>millia</strong></span> 
     </span>
    </p>
   </div>
   <div class='ocr_carea' id='block_1_8' title="bbox 184 1925 1837 3156">
    <p class='ocr_par' dir='ltr' id='par_1_8' title="bbox 184 1925 1837 3156">
     <span class='ocr_line' id='line_1_35' title="bbox 185 1925 1835 2001; baseline -0.001 -19"><span class='ocrx_word' id='word_1_244' title='bbox 185 1927 379 1984; x_wconf 87' lang='lat' dir='ltr'><strong>locum</strong></span> <span class='ocrx_word' id='word_1_245' title='bbox 412 1930 751 2001; x_wconf 88' lang='lat' dir='ltr'><strong>properant,</strong></span> <span class='ocrx_word' id='word_1_246' title='bbox 784 1925 882 1983; x_wconf 91' lang='lat' dir='ltr'><strong>ubi</strong></span> <span class='ocrx_word' id='word_1_247' title='bbox 913 1926 1166 1983; x_wconf 87' lang='lat' dir='ltr'><strong>hostium</strong></span> <span class='ocrx_word' id='word_1_248' title='bbox 1190 1925 1493 1982; x_wconf 83' lang='lat' dir='ltr'><strong>dicebatur</strong></span> <span class='ocrx_word' id='word_1_249' title='bbox 1511 1941 1642 1982; x_wconf 90' lang='lat' dir='ltr'><strong>esse</strong></span> <span class='ocrx_word' id='word_1_250' title='bbox 1670 1941 1835 1981; x_wconf 78' lang='lat' dir='ltr'><strong>exer-</strong></span> 
     </span>
     <span class='ocr_line' id='line_1_36' title="bbox 184 2013 1830 2088; baseline -0.002 -14"><span class='ocrx_word' id='word_1_251' title='bbox 184 2016 383 2084; x_wconf 81' lang='lat' dir='ltr'><strong>citus3</strong></span> <span class='ocrx_word' id='word_1_252' title='bbox 416 2017 769 2088; x_wconf 79' lang='lat' dir='ltr'><strong>tandemque</strong></span> <span class='ocrx_word' id='word_1_253' title='bbox 793 2032 893 2084; x_wconf 90' lang='lat' dir='ltr'><strong>pro</strong></span> <span class='ocrx_word' id='word_1_254' title='bbox 916 2016 1061 2071; x_wconf 82' lang='lat' dir='ltr'><strong>votis</strong></span> <span class='ocrx_word' id='word_1_255' title='bbox 1109 2030 1209 2071; x_wconf 89' lang='lat' dir='ltr'><strong>eos</strong></span> <span class='ocrx_word' id='word_1_256' title='bbox 1238 2013 1519 2071; x_wconf 89' lang='lat' dir='ltr'><strong>babentes</strong></span> <span class='ocrx_word' id='word_1_257' title='bbox 1540 2014 1600 2070; x_wconf 90' lang='lat' dir='ltr'><strong>in</strong></span> <span class='ocrx_word' id='word_1_258' title='bbox 1632 2015 1830 2085; x_wconf 92' lang='lat' dir='ltr'><strong>proxi-</strong></span> 
     </span>
     <span class='ocr_line' id='line_1_37' title="bbox 186 2102 1831 2175; baseline -0.003 -13"><span class='ocrx_word' id='word_1_259' title='bbox 186 2121 305 2170; x_wconf 90' lang='lat' dir='ltr'><strong>mo,</strong></span> <span class='ocrx_word' id='word_1_260' title='bbox 338 2104 545 2161; x_wconf 84' lang='lat' dir='ltr'><strong>armati</strong></span> <span class='ocrx_word' id='word_1_261' title='bbox 574 2106 642 2160; x_wconf 87' lang='lat' dir='ltr'><strong>ad</strong></span> <span class='ocrx_word' id='word_1_262' title='bbox 668 2120 949 2175; x_wconf 79' lang='lat' dir='ltr'><strong>unguem,</strong></span> <span class='ocrx_word' id='word_1_263' title='bbox 968 2108 1025 2160; x_wconf 90' lang='lat' dir='ltr'><strong>et</strong></span> <span class='ocrx_word' id='word_1_264' title='bbox 1045 2103 1349 2159; x_wconf 88' lang='lat' dir='ltr'><strong>instructis</strong></span> <span class='ocrx_word' id='word_1_265' title='bbox 1371 2103 1573 2159; x_wconf 87' lang='lat' dir='ltr'><strong>ordine</strong></span> <span class='ocrx_word' id='word_1_266' title='bbox 1596 2102 1831 2158; x_wconf 87' lang='lat' dir='ltr'><strong>militari</strong></span> 
     </span>
     <span class='ocr_line' id='line_1_38' title="bbox 184 2192 1831 2268; baseline -0.001 -17"><span class='ocrx_word' id='word_1_267' title='bbox 184 2195 414 2266; x_wconf 77' lang='lat' dir='ltr'><strong>cuneis,</strong></span> <span class='ocrx_word' id='word_1_268' title='bbox 445 2210 594 2268; x_wconf 90' lang='lat' dir='ltr'><strong>quos</strong></span> <span class='ocrx_word' id='word_1_269' title='bbox 642 2194 796 2251; x_wconf 85' lang='lat' dir='ltr'><strong>acies</strong></span> <span class='ocrx_word' id='word_1_270' title='bbox 850 2199 1080 2263; x_wconf 85' lang='lat' dir='ltr'><strong>vocant,</strong></span> <span class='ocrx_word' id='word_1_271' title='bbox 1113 2192 1346 2248; x_wconf 87' lang='lat' dir='ltr'><strong>irruunt</strong></span> <span class='ocrx_word' id='word_1_272' title='bbox 1367 2192 1425 2248; x_wconf 91' lang='lat' dir='ltr'><strong>in</strong></span> <span class='ocrx_word' id='word_1_273' title='bbox 1455 2192 1652 2249; x_wconf 84' lang='lat' dir='ltr'><strong>hostes</strong></span> <span class='ocrx_word' id='word_1_274' title='bbox 1678 2208 1831 2249; x_wconf 89' lang='lat' dir='ltr'><strong>una-</strong></span> 
     </span>
     <span class='ocr_line' id='line_1_39' title="bbox 185 2282 1835 2357; baseline -0.001 -18"><span class='ocrx_word' id='word_1_275' title='bbox 185 2283 441 2354; x_wconf 88' lang='lat' dir='ltr'><strong>nimiter,</strong></span> <span class='ocrx_word' id='word_1_276' title='bbox 474 2294 525 2339; x_wconf 90' lang='lat' dir='ltr'><strong>et</strong></span> <span class='ocrx_word' id='word_1_277' title='bbox 558 2283 770 2357; x_wconf 82' lang='lat' dir='ltr'><strong>gladiis</strong></span> <span class='ocrx_word' id='word_1_278' title='bbox 801 2284 1026 2339; x_wconf 89' lang='lat' dir='ltr'><strong>instant</strong></span> <span class='ocrx_word' id='word_1_279' title='bbox 1064 2282 1335 2345; x_wconf 88' lang='lat' dir='ltr'><strong>atrocius,</strong></span> <span class='ocrx_word' id='word_1_280' title='bbox 1371 2297 1488 2338; x_wconf 91' lang='lat' dir='ltr'><strong>rem</strong></span> <span class='ocrx_word' id='word_1_281' title='bbox 1515 2298 1616 2355; x_wconf 90' lang='lat' dir='ltr'><strong>pro</strong></span> <span class='ocrx_word' id='word_1_282' title='bbox 1647 2283 1835 2354; x_wconf 85' lang='lat' dir='ltr'><strong>capite</strong></span> 
     </span>
     <span class='ocr_line' id='line_1_40' title="bbox 186 2371 1833 2448; baseline -0.003 -17"><span class='ocrx_word' id='word_1_283' title='bbox 186 2380 479 2448; x_wconf 83' lang='lat' dir='ltr'><strong>gerentes.</strong></span> <span class='ocrx_word' id='word_1_284' title='bbox 514 2372 723 2430; x_wconf 80' lang='lat' dir='ltr'><strong>Hostes</strong></span> <span class='ocrx_word' id='word_1_285' title='bbox 756 2388 891 2429; x_wconf 86' lang='lat' dir='ltr'><strong>vero</strong></span> <span class='ocrx_word' id='word_1_286' title='bbox 944 2372 1330 2428; x_wconf 88' lang='lat' dir='ltr'><strong>nihilominus</strong></span> <span class='ocrx_word' id='word_1_287' title='bbox 1357 2377 1692 2427; x_wconf 89' lang='lat' dir='ltr'><strong>nostrorum</strong></span> <span class='ocrx_word' id='word_1_288' title='bbox 1725 2371 1833 2426; x_wconf 89' lang='lat' dir='ltr'><strong>im-</strong></span> 
     </span>
     <span class='ocr_line' id='line_1_41' title="bbox 188 2459 1831 2538; baseline -0.004 -17"><span class='ocrx_word' id='word_1_289' title='bbox 188 2470 361 2538; x_wconf 87' lang='lat' dir='ltr'><strong>petus</strong></span> <span class='ocrx_word' id='word_1_290' title='bbox 391 2462 863 2521; x_wconf 82' lang='lat' dir='ltr'><strong>constantissime</strong></span> <span class='ocrx_word' id='word_1_291' title='bbox 913 2466 970 2518; x_wconf 91' lang='lat' dir='ltr'><strong>et</strong></span> <span class='ocrx_word' id='word_1_292' title='bbox 1011 2460 1400 2532; x_wconf 87' lang='lat' dir='ltr'><strong>imperterrite</strong></span> <span class='ocrx_word' id='word_1_293' title='bbox 1450 2459 1831 2527; x_wconf 86' lang='lat' dir='ltr'><strong>sustinentes,</strong></span> 
     </span>
     <span class='ocr_line' id='line_1_42' title="bbox 185 2547 1835 2627; baseline -0.001 -20"><span class='ocrx_word' id='word_1_294' title='bbox 185 2550 406 2627; x_wconf 85' lang='lat' dir='ltr'><strong>gladiis</strong></span> <span class='ocrx_word' id='word_1_295' title='bbox 433 2551 586 2609; x_wconf 82' lang='lat' dir='ltr'><strong>vices</strong></span> <span class='ocrx_word' id='word_1_296' title='bbox 617 2551 873 2608; x_wconf 76' lang='lat' dir='ltr'><strong>referunt</strong></span> <span class='ocrx_word' id='word_1_297' title='bbox 896 2571 911 2621; x_wconf 86' lang='lat'><strong>;</strong></span> <span class='ocrx_word' id='word_1_298' title='bbox 931 2559 982 2606; x_wconf 91' lang='lat' dir='ltr'><strong>et</strong></span> <span class='ocrx_word' id='word_1_299' title='bbox 1007 2547 1332 2606; x_wconf 89' lang='lat' dir='ltr'><strong>resistendo</strong></span> <span class='ocrx_word' id='word_1_300' title='bbox 1354 2549 1616 2617; x_wconf 84' lang='lat' dir='ltr'><strong>viriliter,</strong></span> <span class='ocrx_word' id='word_1_301' title='bbox 1640 2548 1835 2606; x_wconf 89' lang='lat' dir='ltr'><strong>illatas</strong></span> 
     </span>
     <span class='ocr_line' id='line_1_43' title="bbox 186 2636 1834 2711; baseline -0.002 -17"><span class='ocrx_word' id='word_1_302' title='bbox 186 2637 437 2709; x_wconf 71' lang='lat' dir='ltr'><strong>inJurias</strong></span> <span class='ocrx_word' id='word_1_303' title='bbox 469 2653 504 2694; x_wconf 90' lang='lat' dir='ltr'><strong>a</strong></span> <span class='ocrx_word' id='word_1_304' title='bbox 532 2652 594 2696; x_wconf 91' lang='lat' dir='ltr'><strong>se</strong></span> <span class='ocrx_word' id='word_1_305' title='bbox 624 2637 900 2711; x_wconf 84' lang='lat' dir='ltr'><strong>repellere</strong></span> <span class='ocrx_word' id='word_1_306' title='bbox 921 2636 1283 2694; x_wconf 89' lang='lat' dir='ltr'><strong>contendunt</strong></span> <span class='ocrx_word' id='word_1_307' title='bbox 1312 2636 1655 2693; x_wconf 87' lang='lat' dir='ltr'><strong>animosius.</strong></span> <span class='ocrx_word' id='word_1_308' title='bbox 1686 2639 1834 2691; x_wconf 89' lang='lat' dir='ltr'><strong>Tan-</strong></span> 
     </span>
     <span class='ocr_line' id='line_1_44' title="bbox 192 2725 1836 2799; baseline -0.003 -14"><span class='ocrx_word' id='word_1_309' title='bbox 192 2727 333 2785; x_wconf 86' lang='lat' dir='ltr'><strong>dem</strong></span> <span class='ocrx_word' id='word_1_310' title='bbox 353 2740 486 2782; x_wconf 86' lang='lat' dir='ltr'><strong>vero</strong></span> <span class='ocrx_word' id='word_1_311' title='bbox 515 2730 644 2799; x_wconf 89' lang='lat' dir='ltr'><strong>post</strong></span> <span class='ocrx_word' id='word_1_312' title='bbox 692 2726 882 2783; x_wconf 85' lang='lat' dir='ltr'><strong>varios</strong></span> <span class='ocrx_word' id='word_1_313' title='bbox 921 2729 1183 2795; x_wconf 86' lang='lat' dir='ltr'><strong>eventus,</strong></span> <span class='ocrx_word' id='word_1_314' title='bbox 1219 2725 1430 2781; x_wconf 84' lang='lat' dir='ltr'><strong>nostris</strong></span> <span class='ocrx_word' id='word_1_315' title='bbox 1450 2730 1538 2780; x_wconf 92' lang='lat' dir='ltr'><strong>est</strong></span> <span class='ocrx_word' id='word_1_316' title='bbox 1557 2725 1836 2781; x_wconf 83' lang='lat' dir='ltr'><strong>divinitus</strong></span> 
     </span>
     <span class='ocr_line' id='line_1_45' title="bbox 191 2812 1836 2883; baseline -0.001 -11"><span class='ocrx_word' id='word_1_317' title='bbox 191 2830 471 2873; x_wconf 88' lang='lat' dir='ltr'><strong>concessa</strong></span> <span class='ocrx_word' id='word_1_318' title='bbox 498 2815 757 2883; x_wconf 82' lang='lat' dir='ltr'><strong>victoria,</strong></span> <span class='ocrx_word' id='word_1_319' title='bbox 779 2819 836 2870; x_wconf 92' lang='lat' dir='ltr'><strong>et</strong></span> <span class='ocrx_word' id='word_1_320' title='bbox 864 2814 1136 2871; x_wconf 88' lang='lat' dir='ltr'><strong>hostibus</strong></span> <span class='ocrx_word' id='word_1_321' title='bbox 1165 2830 1282 2869; x_wconf 94' lang='lat' dir='ltr'><strong>non</strong></span> <span class='ocrx_word' id='word_1_322' title='bbox 1324 2814 1451 2869; x_wconf 90' lang='lat' dir='ltr'><strong>sine</strong></span> <span class='ocrx_word' id='word_1_323' title='bbox 1482 2812 1665 2870; x_wconf 89' lang='lat' dir='ltr'><strong>multa</strong></span> <span class='ocrx_word' id='word_1_324' title='bbox 1696 2829 1836 2870; x_wconf 91' lang='lat' dir='ltr'><strong>suo-</strong></span> 
     </span>
     <span class='ocr_line' id='line_1_46' title="bbox 190 2902 1837 2977; baseline -0.001 -16"><span class='ocrx_word' id='word_1_325' title='bbox 190 2920 326 2961; x_wconf 89' lang='lat' dir='ltr'><strong>rum</strong></span> <span class='ocrx_word' id='word_1_326' title='bbox 359 2908 554 2977; x_wconf 82' lang='lat' dir='ltr'><strong>strage</strong></span> <span class='ocrx_word' id='word_1_327' title='bbox 582 2905 642 2960; x_wconf 91' lang='lat' dir='ltr'><strong>in</strong></span> <span class='ocrx_word' id='word_1_328' title='bbox 693 2904 891 2977; x_wconf 75' lang='lat' dir='ltr'><strong>fugam</strong></span> <span class='ocrx_word' id='word_1_329' title='bbox 930 2902 1246 2971; x_wconf 82' lang='lat' dir='ltr'><strong>conversis,</strong></span> <span class='ocrx_word' id='word_1_330' title='bbox 1280 2919 1375 2959; x_wconf 91' lang='lat' dir='ltr'><strong>rex</strong></span> <span class='ocrx_word' id='word_1_331' title='bbox 1431 2918 1564 2958; x_wconf 91' lang='lat' dir='ltr'><strong>cum</strong></span> <span class='ocrx_word' id='word_1_332' title='bbox 1597 2903 1721 2960; x_wconf 90' lang='lat' dir='ltr'><strong>suis</strong></span> <span class='ocrx_word' id='word_1_333' title='bbox 1750 2902 1837 2959; x_wconf 83' lang='lat' dir='ltr'><strong>vi-</strong></span> 
     </span>
     <span class='ocr_line' id='line_1_47' title="bbox 193 2991 1835 3065; baseline -0.001 -13"><span class='ocrx_word' id='word_1_334' title='bbox 193 3006 317 3052; x_wconf 92' lang='lat' dir='ltr'><strong>ctor</strong></span> <span class='ocrx_word' id='word_1_335' title='bbox 336 3010 611 3065; x_wconf 87' lang='lat' dir='ltr'><strong>campum</strong></span> <span class='ocrx_word' id='word_1_336' title='bbox 653 2993 925 3052; x_wconf 88' lang='lat' dir='ltr'><strong>obtinuit.</strong></span> <span class='ocrx_word' id='word_1_337' title='bbox 962 2995 1195 3050; x_wconf 82' lang='lat' dir='ltr'><strong>Factum</strong></span> <span class='ocrx_word' id='word_1_338' title='bbox 1228 2996 1314 3049; x_wconf 89' lang='lat' dir='ltr'><strong>est</strong></span> <span class='ocrx_word' id='word_1_339' title='bbox 1353 2999 1547 3049; x_wconf 87' lang='lat' dir='ltr'><strong>autem</strong></span> <span class='ocrx_word' id='word_1_340' title='bbox 1579 2991 1687 3050; x_wconf 92' lang='lat' dir='ltr'><strong>boc</strong></span> <span class='ocrx_word' id='word_1_341' title='bbox 1719 2992 1835 3050; x_wconf 87' lang='lat' dir='ltr'><strong>Idi-</strong></span> 
     </span>
     <span class='ocr_line' id='line_1_48' title="bbox 194 3081 1835 3156; baseline -0.001 -15"><span class='ocrx_word' id='word_1_342' title='bbox 194 3084 309 3142; x_wconf 90' lang='lat' dir='ltr'><strong>bus</strong></span> <span class='ocrx_word' id='word_1_343' title='bbox 327 3084 527 3154; x_wconf 81' lang='lat' dir='ltr'><strong>Juliis,</strong></span> <span class='ocrx_word' id='word_1_344' title='bbox 549 3100 702 3140; x_wconf 88' lang='lat' dir='ltr'><strong>anno</strong></span> <span class='ocrx_word' id='word_1_345' title='bbox 760 3083 922 3156; x_wconf 89' lang='lat' dir='ltr'><strong>regni</strong></span> <span class='ocrx_word' id='word_1_346' title='bbox 947 3083 1074 3154; x_wconf 88' lang='lat' dir='ltr'><strong>ejus</strong></span> <span class='ocrx_word' id='word_1_347' title='bbox 1103 3083 1328 3139; x_wconf 88' lang='lat' dir='ltr'><strong>decimo</strong></span> <span class='ocrx_word' id='word_1_348' title='bbox 1358 3081 1584 3155; x_wconf 79' lang='lat' dir='ltr'><strong>quintO,</strong></span> <span class='ocrx_word' id='word_1_349' title='bbox 1627 3082 1686 3138; x_wconf 91' lang='lat' dir='ltr'><strong>in</strong></span> <span class='ocrx_word' id='word_1_350' title='bbox 1713 3083 1835 3139; x_wconf 92' lang='lat' dir='ltr'><strong>loco</strong></span> 
     </span>
    </p>
   </div>
   <div class='ocr_carea' id='block_1_9' title="bbox 1933 1923 3586 1996">
    <p class='ocr_par' dir='ltr' id='par_1_9' title="bbox 1933 1923 3586 1996">
     <span class='ocr_line' id='line_1_49' title="bbox 1933 1923 3586 1996; baseline -0.001 -15"><span class='ocrx_word' id='word_1_351' title='bbox 1933 1927 2099 1996; x_wconf 73' lang='lat' dir='ltr'><strong>justa</strong></span> <span class='ocrx_word' id='word_1_352' title='bbox 2154 1923 2538 1979; x_wconf 74' lang='lat' dir='ltr'><strong>aestimatione</strong></span> <span class='ocrx_word' id='word_1_353' title='bbox 2567 1926 2835 1994; x_wconf 86' lang='lat' dir='ltr'><strong>poterant</strong></span> <span class='ocrx_word' id='word_1_354' title='bbox 2872 1924 3217 1996; x_wconf 86' lang='lat' dir='ltr'><strong>computari.</strong></span> <span class='ocrx_word' id='word_1_355' title='bbox 3246 1924 3363 1980; x_wconf 84' lang='lat' dir='ltr'><strong>Rex</strong></span> <span class='ocrx_word' id='word_1_356' title='bbox 3393 1928 3586 1980; x_wconf 88' lang='lat' dir='ltr'><strong>autem</strong></span> 
     </span>
    </p>
   </div>
   <div class='ocr_carea' id='block_1_10' title="bbox 1943 2013 3595 3164">
    <p class='ocr_par' dir='ltr' id='par_1_10' title="bbox 1943 2013 3595 3164">
     <span class='ocr_line' id='line_1_50' title="bbox 1944 2013 3587 2088; baseline -0.001 -18"><span class='ocrx_word' id='word_1_357' title='bbox 1944 2015 2175 2088; x_wconf 91' lang='lat' dir='ltr'><strong>proprio</strong></span> <span class='ocrx_word' id='word_1_358' title='bbox 2188 2013 2405 2084; x_wconf 89' lang='lat' dir='ltr'><strong>scripto</strong></span> <span class='ocrx_word' id='word_1_359' title='bbox 2428 2013 2580 2085; x_wconf 88' lang='lat' dir='ltr'><strong>apud</strong></span> <span class='ocrx_word' id='word_1_360' title='bbox 2605 2013 2905 2069; x_wconf 89' lang='lat' dir='ltr'><strong>dominum</strong></span> <span class='ocrx_word' id='word_1_361' title='bbox 2926 2014 3332 2085; x_wconf 87' lang='lat' dir='ltr'><strong>imperatorem</strong></span> <span class='ocrx_word' id='word_1_362' title='bbox 3353 2029 3416 2070; x_wconf 89' lang='lat' dir='ltr'><strong>se</strong></span> <span class='ocrx_word' id='word_1_363' title='bbox 3437 2013 3587 2070; x_wconf 89' lang='lat' dir='ltr'><strong>obli-</strong></span> 
     </span>
     <span class='ocr_line' id='line_1_51' title="bbox 1943 2101 3588 2177; baseline 0 -18"><span class='ocrx_word' id='word_1_364' title='bbox 1943 2119 2110 2177; x_wconf 85' lang='lat' dir='ltr'><strong>gans,</strong></span> <span class='ocrx_word' id='word_1_365' title='bbox 2141 2102 2298 2175; x_wconf 86' lang='lat' dir='ltr'><strong>quod</strong></span> <span class='ocrx_word' id='word_1_366' title='bbox 2342 2101 2623 2174; x_wconf 87' lang='lat' dir='ltr'><strong>quidquid</strong></span> <span class='ocrx_word' id='word_1_367' title='bbox 2683 2102 2812 2174; x_wconf 75' lang='lat' dir='ltr'><strong>eius</strong></span> <span class='ocrx_word' id='word_1_368' title='bbox 2869 2102 3058 2157; x_wconf 86' lang='lat' dir='ltr'><strong>nuntii</strong></span> <span class='ocrx_word' id='word_1_369' title='bbox 3096 2118 3231 2158; x_wconf 90' lang='lat' dir='ltr'><strong>cum</strong></span> <span class='ocrx_word' id='word_1_370' title='bbox 3262 2119 3328 2159; x_wconf 90' lang='lat' dir='ltr'><strong>eo</strong></span> <span class='ocrx_word' id='word_1_371' title='bbox 3351 2103 3588 2174; x_wconf 80' lang='lat' dir='ltr'><strong>proecisa</strong></span> 
     </span>
     <span class='ocr_line' id='line_1_52' title="bbox 1944 2190 3587 2264; baseline 0 -16"><span class='ocrx_word' id='word_1_372' title='bbox 1944 2194 2261 2261; x_wconf 80' lang='lat' dir='ltr'><strong>firmarent,</strong></span> <span class='ocrx_word' id='word_1_373' title='bbox 2323 2197 2511 2248; x_wconf 89' lang='lat' dir='ltr'><strong>ratum</strong></span> <span class='ocrx_word' id='word_1_374' title='bbox 2569 2196 2723 2247; x_wconf 87' lang='lat' dir='ltr'><strong>esset</strong></span> <span class='ocrx_word' id='word_1_375' title='bbox 2800 2190 3134 2260; x_wconf 87' lang='lat' dir='ltr'><strong>habiturus,</strong></span> <span class='ocrx_word' id='word_1_376' title='bbox 3203 2208 3308 2264; x_wconf 90' lang='lat' dir='ltr'><strong>per</strong></span> <span class='ocrx_word' id='word_1_377' title='bbox 3362 2190 3587 2263; x_wconf 84' lang='lat' dir='ltr'><strong>legatos</strong></span> 
     </span>
     <span class='ocr_line' id='line_1_53' title="bbox 1943 2280 3584 2355; baseline -0.001 -17"><span class='ocrx_word' id='word_1_378' title='bbox 1943 2282 2193 2355; x_wconf 88' lang='lat' dir='ltr'><strong>spondet</strong></span> <span class='ocrx_word' id='word_1_379' title='bbox 2247 2280 2608 2345; x_wconf 79' lang='lat' dir='ltr'><strong>firmissime,</strong></span> <span class='ocrx_word' id='word_1_380' title='bbox 2657 2289 2944 2352; x_wconf 88' lang='lat' dir='ltr'><strong>quatenus</strong></span> <span class='ocrx_word' id='word_1_381' title='bbox 3004 2284 3134 2351; x_wconf 86' lang='lat' dir='ltr'><strong>post</strong></span> <span class='ocrx_word' id='word_1_382' title='bbox 3188 2283 3317 2351; x_wconf 85' lang='lat' dir='ltr'><strong>ejus</strong></span> <span class='ocrx_word' id='word_1_383' title='bbox 3357 2280 3584 2337; x_wconf 87' lang='lat' dir='ltr'><strong>obitum</strong></span> 
     </span>
     <span class='ocr_line' id='line_1_54' title="bbox 1946 2369 3584 2440; baseline -0.001 -13"><span class='ocrx_word' id='word_1_384' title='bbox 1946 2373 2148 2428; x_wconf 85' lang='lat' dir='ltr'><strong>urbem</strong></span> <span class='ocrx_word' id='word_1_385' title='bbox 2171 2372 2560 2426; x_wconf 79' lang='lat' dir='ltr'><strong>Acconensem</strong></span> <span class='ocrx_word' id='word_1_386' title='bbox 2593 2385 2726 2425; x_wconf 91' lang='lat' dir='ltr'><strong>cum</strong></span> <span class='ocrx_word' id='word_1_387' title='bbox 2750 2369 3023 2425; x_wconf 89' lang='lat' dir='ltr'><strong>omnibus</strong></span> <span class='ocrx_word' id='word_1_388' title='bbox 3041 2369 3169 2440; x_wconf 80' lang='lat' dir='ltr'><strong>eius</strong></span> <span class='ocrx_word' id='word_1_389' title='bbox 3191 2369 3584 2440; x_wconf 86' lang='lat' dir='ltr'><strong>pertinentiis,</strong></span> 
     </span>
     <span class='ocr_line' id='line_1_55' title="bbox 1946 2458 3585 2533; baseline -0.002 -14"><span class='ocrx_word' id='word_1_390' title='bbox 1946 2467 2067 2519; x_wconf 87' lang='lat' dir='ltr'><strong>tota</strong></span> <span class='ocrx_word' id='word_1_391' title='bbox 2095 2462 2212 2517; x_wconf 81' lang='lat' dir='ltr'><strong>vita</strong></span> <span class='ocrx_word' id='word_1_392' title='bbox 2250 2477 2359 2517; x_wconf 89' lang='lat' dir='ltr'><strong>sua</strong></span> <span class='ocrx_word' id='word_1_393' title='bbox 2414 2460 2649 2515; x_wconf 88' lang='lat' dir='ltr'><strong>nomine</strong></span> <span class='ocrx_word' id='word_1_394' title='bbox 2705 2458 3035 2514; x_wconf 87' lang='lat' dir='ltr'><strong>donationis</strong></span> <span class='ocrx_word' id='word_1_395' title='bbox 3083 2463 3315 2531; x_wconf 91' lang='lat' dir='ltr'><strong>propter</strong></span> <span class='ocrx_word' id='word_1_396' title='bbox 3347 2459 3585 2533; x_wconf 87' lang='lat' dir='ltr'><strong>nuptias</strong></span> 
     </span>
     <span class='ocr_line' id='line_1_56' title="bbox 1943 2546 3589 2621; baseline -0.001 -15"><span class='ocrx_word' id='word_1_397' title='bbox 1943 2566 2077 2608; x_wconf 90' lang='lat' dir='ltr'><strong>cum</strong></span> <span class='ocrx_word' id='word_1_398' title='bbox 2116 2549 2276 2606; x_wconf 90' lang='lat' dir='ltr'><strong>omni</strong></span> <span class='ocrx_word' id='word_1_399' title='bbox 2309 2547 2754 2621; x_wconf 86' lang='lat' dir='ltr'><strong>tranquillitate,</strong></span> <span class='ocrx_word' id='word_1_400' title='bbox 2785 2548 2911 2604; x_wconf 91' lang='lat' dir='ltr'><strong>sine</strong></span> <span class='ocrx_word' id='word_1_401' title='bbox 2941 2546 3397 2603; x_wconf 86' lang='lat' dir='ltr'><strong>contradictione</strong></span> <span class='ocrx_word' id='word_1_402' title='bbox 3427 2554 3589 2604; x_wconf 85' lang='lat' dir='ltr'><strong>esset</strong></span> 
     </span>
     <span class='ocr_line' id='line_1_57' title="bbox 1945 2635 3588 2709; baseline -0.001 -13"><span class='ocrx_word' id='word_1_403' title='bbox 1945 2642 2236 2698; x_wconf 86' lang='lat' dir='ltr'><strong>habitura.</strong></span> <span class='ocrx_word' id='word_1_404' title='bbox 2268 2637 2517 2695; x_wconf 86' lang='lat' dir='ltr'><strong>Peractis</strong></span> <span class='ocrx_word' id='word_1_405' title='bbox 2548 2638 2743 2709; x_wconf 84' lang='lat' dir='ltr'><strong>itaque</strong></span> <span class='ocrx_word' id='word_1_406' title='bbox 2783 2640 2840 2693; x_wconf 90' lang='lat' dir='ltr'><strong>et</strong></span> <span class='ocrx_word' id='word_1_407' title='bbox 2876 2639 2942 2692; x_wconf 83' lang='lat' dir='ltr'><strong>ad</strong></span> <span class='ocrx_word' id='word_1_408' title='bbox 2974 2635 3414 2693; x_wconf 89' lang='lat' dir='ltr'><strong>consonantiam</strong></span> <span class='ocrx_word' id='word_1_409' title='bbox 3456 2636 3588 2694; x_wconf 89' lang='lat' dir='ltr'><strong>red·</strong></span> 
     </span>
     <span class='ocr_line' id='line_1_58' title="bbox 1944 2725 3587 2801; baseline -0.003 -12"><span class='ocrx_word' id='word_1_410' title='bbox 1944 2734 2088 2789; x_wconf 87' lang='lat' dir='ltr'><strong>actis</strong></span> <span class='ocrx_word' id='word_1_411' title='bbox 2112 2732 2380 2801; x_wconf 87' lang='lat' dir='ltr'><strong>utrinque</strong></span> <span class='ocrx_word' id='word_1_412' title='bbox 2396 2729 2595 2800; x_wconf 89' lang='lat' dir='ltr'><strong>pactis,</strong></span> <span class='ocrx_word' id='word_1_413' title='bbox 2611 2727 2930 2800; x_wconf 89' lang='lat' dir='ltr'><strong>designatis</strong></span> <span class='ocrx_word' id='word_1_414' title='bbox 2951 2728 3136 2785; x_wconf 89' lang='lat' dir='ltr'><strong>eidem</strong></span> <span class='ocrx_word' id='word_1_415' title='bbox 3152 2726 3367 2784; x_wconf 90' lang='lat' dir='ltr'><strong>illustri</strong></span> <span class='ocrx_word' id='word_1_416' title='bbox 3383 2725 3587 2800; x_wconf 69' lang='lat' dir='ltr'><strong>puella</strong></span> 
     </span>
     <span class='ocr_line' id='line_1_59' title="bbox 1946 2816 3589 2893; baseline -0.002 -15"><span class='ocrx_word' id='word_1_417' title='bbox 1946 2823 2017 2880; x_wconf 87' lang='lat' dir='ltr'><strong>de</strong></span> <span class='ocrx_word' id='word_1_418' title='bbox 2049 2820 2370 2893; x_wconf 86' lang='lat' dir='ltr'><strong>majoribus</strong></span> <span class='ocrx_word' id='word_1_419' title='bbox 2391 2818 2619 2888; x_wconf 88' lang='lat' dir='ltr'><strong>imperii</strong></span> <span class='ocrx_word' id='word_1_420' title='bbox 2642 2817 3005 2889; x_wconf 89' lang='lat' dir='ltr'><strong>principibus</strong></span> <span class='ocrx_word' id='word_1_421' title='bbox 3024 2817 3461 2889; x_wconf 77' lang='lat' dir='ltr'><strong>paranymphis,</strong></span> <span class='ocrx_word' id='word_1_422' title='bbox 3486 2816 3589 2889; x_wconf 84' lang='lat' dir='ltr'><strong>qul</strong></span> 
     </span>
     <span class='ocr_line' id='line_1_60' title="bbox 1945 2906 3589 2982; baseline -0.004 -14"><span class='ocrx_word' id='word_1_423' title='bbox 1945 2911 2073 2982; x_wconf 78' lang='lat' dir='ltr'><strong>ejus</strong></span> <span class='ocrx_word' id='word_1_424' title='bbox 2095 2911 2207 2966; x_wconf 88' lang='lat' dir='ltr'><strong>iter</strong></span> <span class='ocrx_word' id='word_1_425' title='bbox 2238 2923 2424 2981; x_wconf 89' lang='lat' dir='ltr'><strong>usque</strong></span> <span class='ocrx_word' id='word_1_426' title='bbox 2452 2907 2524 2962; x_wconf 92' lang='lat' dir='ltr'><strong>ad</strong></span> <span class='ocrx_word' id='word_1_427' title='bbox 2573 2906 2876 2962; x_wconf 85' lang='lat' dir='ltr'><strong>dominum</strong></span> <span class='ocrx_word' id='word_1_428' title='bbox 2915 2922 3109 2979; x_wconf 88' lang='lat' dir='ltr'><strong>regem</strong></span> <span class='ocrx_word' id='word_1_429' title='bbox 3148 2906 3589 2973; x_wconf 83' lang='lat' dir='ltr'><strong>comitarentur,</strong></span> 
     </span>
     <span class='ocr_line' id='line_1_61' title="bbox 1946 2995 3595 3071; baseline -0.004 -13"><span class='ocrx_word' id='word_1_430' title='bbox 1946 3016 2082 3058; x_wconf 87' lang='lat' dir='ltr'><strong>cum</strong></span> <span class='ocrx_word' id='word_1_431' title='bbox 2113 2999 2286 3071; x_wconf 88' lang='lat' dir='ltr'><strong>regiis</strong></span> <span class='ocrx_word' id='word_1_432' title='bbox 2316 2996 2525 3069; x_wconf 87' lang='lat' dir='ltr'><strong>legatis</strong></span> <span class='ocrx_word' id='word_1_433' title='bbox 2563 2996 2673 3053; x_wconf 90' lang='lat' dir='ltr'><strong>iter</strong></span> <span class='ocrx_word' id='word_1_434' title='bbox 2722 2995 2947 3069; x_wconf 89' lang='lat' dir='ltr'><strong>arripit,</strong></span> <span class='ocrx_word' id='word_1_435' title='bbox 2979 2996 3039 3052; x_wconf 90' lang='lat' dir='ltr'><strong>in</strong></span> <span class='ocrx_word' id='word_1_436' title='bbox 3071 2996 3324 3070; x_wconf 84' lang='lat' dir='ltr'><strong>Syriam,</strong></span> <span class='ocrx_word' id='word_1_437' title='bbox 3356 2996 3423 3053; x_wconf 91' lang='lat' dir='ltr'><strong>ad</strong></span> <span class='ocrx_word' id='word_1_438' title='bbox 3458 3012 3595 3052; x_wconf 90' lang='lat' dir='ltr'><strong>ma-</strong></span> 
     </span>
     <span class='ocr_line' id='line_1_62' title="bbox 1953 3088 3592 3164; baseline -0.003 -15"><span class='ocrx_word' id='word_1_439' title='bbox 1953 3093 2127 3149; x_wconf 89' lang='lat' dir='ltr'><strong>ritum</strong></span> <span class='ocrx_word' id='word_1_440' title='bbox 2169 3092 2516 3164; x_wconf 74' lang='lat' dir='ltr'><strong>profectura.</strong></span> <span class='ocrx_word' id='word_1_441' title='bbox 2587 3088 2813 3145; x_wconf 79' lang='lat' dir='ltr'><strong>Accidit</strong></span> <span class='ocrx_word' id='word_1_442' title='bbox 2868 3092 3060 3144; x_wconf 89' lang='lat' dir='ltr'><strong>autem</strong></span> <span class='ocrx_word' id='word_1_443' title='bbox 3112 3097 3195 3157; x_wconf 90' lang='lat' dir='ltr'><strong>ut,</strong></span> <span class='ocrx_word' id='word_1_444' title='bbox 3254 3089 3592 3161; x_wconf 88' lang='lat' dir='ltr'><strong>Septembre</strong></span> 
     </span>
    </p>
   </div>
   <div class='ocr_carea' id='block_1_11' title="bbox 192 3152 3596 3254">
    <p class='ocr_par' dir='ltr' id='par_1_11' title="bbox 192 3152 3596 3254">
     <span class='ocr_line' id='line_1_63' title="bbox 192 3152 3596 3254; baseline -0.004 -22"><span class='ocrx_word' id='word_1_445' title='bbox 192 3174 291 3232; x_wconf 88' lang='lat' dir='ltr'><strong>cui</strong></span> <span class='ocrx_word' id='word_1_446' title='bbox 324 3189 536 3231; x_wconf 91' lang='lat' dir='ltr'><strong>nomen</strong></span> <span class='ocrx_word' id='word_1_447' title='bbox 586 3173 875 3229; x_wconf 89' lang='lat' dir='ltr'><strong>Putbaba.</strong></span> <span class='ocrx_word' id='word_1_448' title='bbox 933 3173 1071 3228; x_wconf 87' lang='lat' dir='ltr'><strong>lnde</strong></span> <span class='ocrx_word' id='word_1_449' title='bbox 1120 3187 1482 3244; x_wconf 89' lang='lat' dir='ltr'><strong>progressus,</strong></span> <span class='ocrx_word' id='word_1_450' title='bbox 1540 3171 1694 3227; x_wconf 89' lang='lat' dir='ltr'><strong>sicut</strong></span> <span class='ocrx_word' id='word_1_451' title='bbox 1741 3187 1840 3227; x_wconf 89' lang='lat' dir='ltr'><strong>ne·</strong></span> <span class='ocrx_word' id='word_1_452' title='bbox 1871 3152 1916 3220; x_wconf 80' lang='lat' dir='ltr'>C</span> <span class='ocrx_word' id='word_1_453' title='bbox 1954 3181 2393 3254; x_wconf 66' lang='lat' dir='ltr'><strong>proxim0‚cum</strong></span> <span class='ocrx_word' id='word_1_454' title='bbox 2437 3178 2596 3235; x_wconf 79' lang='lat' dir='ltr'><strong>omni</strong></span> <span class='ocrx_word' id='word_1_455' title='bbox 2652 3177 2931 3234; x_wconf 65' lang='lat' dir='ltr'><strong>comitatu</strong></span> <span class='ocrx_word' id='word_1_456' title='bbox 2980 3194 3085 3233; x_wconf 65' lang='lat'><strong>³110</strong></span> <span class='ocrx_word' id='word_1_457' title='bbox 3125 3194 3329 3250; x_wconf 61' lang='lat' dir='ltr'><strong>,ospog</strong></span> <span class='ocrx_word' id='word_1_458' title='bbox 3350 3177 3596 3234; x_wconf 59' lang='lat' dir='ltr'><strong>euneo-</strong></span> 
     </span>
    </p>
   </div>
   <div class='ocr_carea' id='block_1_12' title="bbox 184 3260 1841 3767">
    <p class='ocr_par' dir='ltr' id='par_1_12' title="bbox 184 3260 1841 3767">
     <span class='ocr_line' id='line_1_64' title="bbox 192 3260 1837 3332; baseline -0.001 -13"><span class='ocrx_word' id='word_1_459' title='bbox 192 3262 516 3321; x_wconf 87' lang='lat' dir='ltr'><strong>cessarium</strong></span> <span class='ocrx_word' id='word_1_460' title='bbox 545 3262 863 3332; x_wconf 78' lang='lat' dir='ltr'><strong>videbatur,</strong></span> <span class='ocrx_word' id='word_1_461' title='bbox 878 3261 950 3316; x_wconf 87' lang='lat' dir='ltr'><strong>ad</strong></span> <span class='ocrx_word' id='word_1_462' title='bbox 982 3260 1310 3332; x_wconf 60' lang='lat' dir='ltr'><strong>praesidium</strong></span> <span class='ocrx_word' id='word_1_463' title='bbox 1342 3261 1497 3331; x_wconf 92' lang='lat' dir='ltr'><strong>quod</strong></span> <span class='ocrx_word' id='word_1_464' title='bbox 1531 3260 1837 3317; x_wconf 87' lang='lat' dir='ltr'><strong>obsessum</strong></span> 
     </span>
     <span class='ocr_line' id='line_1_65' title="bbox 189 3350 1839 3421; baseline -0.001 -12"><span class='ocrx_word' id='word_1_465' title='bbox 189 3352 401 3419; x_wconf 77' lang='lat' dir='ltr'><strong>fuerat,</strong></span> <span class='ocrx_word' id='word_1_466' title='bbox 435 3365 565 3407; x_wconf 87' lang='lat' dir='ltr'><strong>cum</strong></span> <span class='ocrx_word' id='word_1_467' title='bbox 596 3351 868 3407; x_wconf 83' lang='lat' dir='ltr'><strong>universo</strong></span> <span class='ocrx_word' id='word_1_468' title='bbox 899 3350 1196 3407; x_wconf 87' lang='lat' dir='ltr'><strong>contendit</strong></span> <span class='ocrx_word' id='word_1_469' title='bbox 1250 3350 1525 3417; x_wconf 89' lang='lat' dir='ltr'><strong>exercitu,</strong></span> <span class='ocrx_word' id='word_1_470' title='bbox 1553 3350 1653 3405; x_wconf 91' lang='lat' dir='ltr'><strong>ubi</strong></span> <span class='ocrx_word' id='word_1_471' title='bbox 1677 3350 1839 3421; x_wconf 86' lang='lat' dir='ltr'><strong>lapsa</strong></span> 
     </span>
     <span class='ocr_line' id='line_1_66' title="bbox 187 3439 1841 3512; baseline -0.001 -14"><span class='ocrx_word' id='word_1_472' title='bbox 187 3456 494 3512; x_wconf 89' lang='lat' dir='ltr'><strong>reparans,</strong></span> <span class='ocrx_word' id='word_1_473' title='bbox 521 3444 579 3496; x_wconf 85' lang='lat' dir='ltr'><strong>et</strong></span> <span class='ocrx_word' id='word_1_474' title='bbox 608 3439 800 3497; x_wconf 91' lang='lat' dir='ltr'><strong>locum</strong></span> <span class='ocrx_word' id='word_1_475' title='bbox 861 3440 1067 3509; x_wconf 89' lang='lat' dir='ltr'><strong>armis,</strong></span> <span class='ocrx_word' id='word_1_476' title='bbox 1099 3440 1253 3497; x_wconf 84' lang='lat' dir='ltr'><strong>victu</strong></span> <span class='ocrx_word' id='word_1_477' title='bbox 1321 3444 1379 3495; x_wconf 94' lang='lat' dir='ltr'><strong>et</strong></span> <span class='ocrx_word' id='word_1_478' title='bbox 1407 3440 1549 3495; x_wconf 84' lang='lat' dir='ltr'><strong>viris</strong></span> <span class='ocrx_word' id='word_1_479' title='bbox 1582 3440 1841 3510; x_wconf 88' lang='lat' dir='ltr'><strong>pruden-</strong></span> 
     </span>
     <span class='ocr_line' id='line_1_67' title="bbox 184 3528 1836 3604; baseline 0 -16"><span class='ocrx_word' id='word_1_480' title='bbox 184 3532 350 3588; x_wconf 87' lang='lat' dir='ltr'><strong>tibus</strong></span> <span class='ocrx_word' id='word_1_481' title='bbox 407 3529 717 3604; x_wconf 86' lang='lat' dir='ltr'><strong>diligenter</strong></span> <span class='ocrx_word' id='word_1_482' title='bbox 795 3530 1227 3597; x_wconf 89' lang='lat' dir='ltr'><strong>communiens,</strong></span> <span class='ocrx_word' id='word_1_483' title='bbox 1290 3528 1535 3587; x_wconf 82' lang='lat' dir='ltr'><strong>feliciter</strong></span> <span class='ocrx_word' id='word_1_484' title='bbox 1597 3529 1836 3600; x_wconf 85' lang='lat' dir='ltr'><strong>impleto</strong></span> 
     </span>
     <span class='ocr_line' id='line_1_68' title="bbox 186 3617 1836 3694; baseline 0 -18"><span class='ocrx_word' id='word_1_485' title='bbox 186 3620 516 3694; x_wconf 89' lang='lat' dir='ltr'><strong>proposito,</strong></span> <span class='ocrx_word' id='word_1_486' title='bbox 546 3619 736 3678; x_wconf 90' lang='lat' dir='ltr'><strong>soluto</strong></span> <span class='ocrx_word' id='word_1_487' title='bbox 792 3620 1048 3677; x_wconf 89' lang='lat' dir='ltr'><strong>exercitu</strong></span> <span class='ocrx_word' id='word_1_488' title='bbox 1109 3623 1167 3675; x_wconf 90' lang='lat' dir='ltr'><strong>et</strong></span> <span class='ocrx_word' id='word_1_489' title='bbox 1194 3619 1266 3675; x_wconf 89' lang='lat' dir='ltr'><strong>ad</strong></span> <span class='ocrx_word' id='word_1_490' title='bbox 1307 3618 1536 3691; x_wconf 88' lang='lat' dir='ltr'><strong>propria</strong></span> <span class='ocrx_word' id='word_1_491' title='bbox 1567 3617 1836 3686; x_wconf 86' lang='lat' dir='ltr'><strong>dimisso,</strong></span> 
     </span>
     <span class='ocr_line' id='line_1_69' title="bbox 187 3714 599 3767; baseline -0.007 0"><span class='ocrx_word' id='word_1_492' title='bbox 187 3725 459 3767; x_wconf 79' lang='lat' dir='ltr'><strong>reversus</strong></span> <span class='ocrx_word' id='word_1_493' title='bbox 488 3714 599 3767; x_wconf 89' lang='lat' dir='ltr'><strong>est.</strong></span> 
     </span>
    </p>
   </div>
   <div class='ocr_carea' id='block_1_13' title="bbox 797 3815 1229 3874">
    <p class='ocr_par' dir='ltr' id='par_1_13' title="bbox 797 3815 1229 3874">
     <span class='ocr_line' id='line_1_70' title="bbox 797 3815 1229 3874; baseline 0.002 -1"><span class='ocrx_word' id='word_1_494' title='bbox 797 3815 1029 3874; x_wconf 83' lang='lat' dir='ltr'>CAPUT</span> <span class='ocrx_word' id='word_1_495' title='bbox 1059 3815 1229 3874; x_wconf 83' lang='lat' dir='ltr'><strong>xxtt.</strong></span> 
     </span>
    </p>
   </div>
   <div class='ocr_carea' id='block_1_14' title="bbox 186 3907 1839 4409">
    <p class='ocr_par' dir='ltr' id='par_1_14' title="bbox 186 3907 1839 4226">
     <span class='ocr_line' id='line_1_71' title="bbox 186 3907 1839 3981; baseline -0.003 -13"><span class='ocrx_word' id='word_1_496' title='bbox 186 3912 437 3968; x_wconf 71' lang='lat' dir='ltr'><strong>Redeunt</strong></span> <span class='ocrx_word' id='word_1_497' title='bbox 460 3910 666 3976; x_wconf 80' lang='lat' dir='ltr'><strong>nuntii,</strong></span> <span class='ocrx_word' id='word_1_498' title='bbox 699 3911 792 3981; x_wconf 84' lang='lat' dir='ltr'><strong>qai</strong></span> <span class='ocrx_word' id='word_1_499' title='bbox 840 3907 1371 3977; x_wconf 79' lang='lat' dir='ltr'><strong>Constantinopolim</strong></span> <span class='ocrx_word' id='word_1_500' title='bbox 1408 3923 1509 3978; x_wconf 85' lang='lat' dir='ltr'><strong>pro</strong></span> <span class='ocrx_word' id='word_1_501' title='bbox 1528 3908 1686 3979; x_wconf 76' lang='lat' dir='ltr'><strong>reqio</strong></span> <span class='ocrx_word' id='word_1_502' title='bbox 1717 3923 1839 3963; x_wconf 86' lang='lat' dir='ltr'><strong>ma·</strong></span> 
     </span>
     <span class='ocr_line' id='line_1_72' title="bbox 260 3978 1838 4052; baseline -0.002 -14"><span class='ocrx_word' id='word_1_503' title='bbox 260 3985 518 4039; x_wconf 79' lang='lat' dir='ltr'><strong>trimonio</strong></span> <span class='ocrx_word' id='word_1_504' title='bbox 541 3979 692 4038; x_wconf 73' lang='lat' dir='ltr'><strong>missi</strong></span> <span class='ocrx_word' id='word_1_505' title='bbox 720 3983 974 4052; x_wconf 59' lang='lat' dir='ltr'><strong>laer-anu</strong></span> <span class='ocrx_word' id='word_1_506' title='bbox 1000 3985 1052 4036; x_wconf 82' lang='lat' dir='ltr'><strong>et</strong></span> <span class='ocrx_word' id='word_1_507' title='bbox 1079 3982 1204 4050; x_wconf 73' lang='lat' dir='ltr'><strong>reqi</strong></span> <span class='ocrx_word' id='word_1_508' title='bbox 1229 3994 1461 4035; x_wconf 77' lang='lat' dir='ltr'><strong>uxorem</strong></span> <span class='ocrx_word' id='word_1_509' title='bbox 1480 3978 1710 4049; x_wconf 78' lang='lat' dir='ltr'><strong>ducunt,</strong></span> <span class='ocrx_word' id='word_1_510' title='bbox 1736 3994 1838 4035; x_wconf 79' lang='lat' dir='ltr'><strong>no-</strong></span> 
     </span>
     <span class='ocr_line' id='line_1_73' title="bbox 254 4052 1606 4126; baseline -0.009 -15"><span class='ocrx_word' id='word_1_511' title='bbox 254 4060 410 4126; x_wconf 75' lang='lat' dir='ltr'><strong>ptem</strong></span> <span class='ocrx_word' id='word_1_512' title='bbox 437 4052 812 4125; x_wconf 77' lang='lat' dir='ltr'><strong>imperatoris.</strong></span> <span class='ocrx_word' id='word_1_513' title='bbox 1602 4109 1606 4113; x_wconf 22' lang='lat'><strong>⁴</strong></span> 
     </span>
     <span class='ocr_line' id='line_1_74' title="bbox 260 4153 1836 4226; baseline -0.003 -11"><span class='ocrx_word' id='word_1_514' title='bbox 260 4159 437 4217; x_wconf 88' lang='lat' dir='ltr'><strong>Porro</strong></span> <span class='ocrx_word' id='word_1_515' title='bbox 477 4157 549 4216; x_wconf 79' lang='lat' dir='ltr'><strong>de</strong></span> <span class='ocrx_word' id='word_1_516' title='bbox 597 4156 842 4224; x_wconf 89' lang='lat' dir='ltr'><strong>nuntiis,</strong></span> <span class='ocrx_word' id='word_1_517' title='bbox 866 4154 1021 4211; x_wconf 83' lang='lat' dir='ltr'><strong>unde</strong></span> <span class='ocrx_word' id='word_1_518' title='bbox 1064 4155 1340 4226; x_wconf 88' lang='lat' dir='ltr'><strong>superius</strong></span> <span class='ocrx_word' id='word_1_519' title='bbox 1398 4153 1641 4210; x_wconf 78' lang='lat' dir='ltr'><strong>fecimus</strong></span> <span class='ocrx_word' id='word_1_520' title='bbox 1673 4168 1836 4211; x_wconf 88' lang='lat' dir='ltr'><strong>men-</strong></span> 
     </span>
    </p>

    <p class='ocr_par' dir='ltr' id='par_1_15' title="bbox 188 4242 1839 4319">
     <span class='ocr_line' id='line_1_75' title="bbox 188 4242 1839 4319; baseline -0.004 -14"><span class='ocrx_word' id='word_1_521' title='bbox 188 4247 433 4316; x_wconf 87' lang='lat' dir='ltr'><strong>tionem,</strong></span> <span class='ocrx_word' id='word_1_522' title='bbox 465 4246 567 4319; x_wconf 86' lang='lat' dir='ltr'><strong>qui</strong></span> <span class='ocrx_word' id='word_1_523' title='bbox 595 4246 781 4317; x_wconf 81' lang='lat' dir='ltr'><strong>gratia</strong></span> <span class='ocrx_word' id='word_1_524' title='bbox 837 4243 1096 4316; x_wconf 89' lang='lat' dir='ltr'><strong>conjugii</strong></span> <span class='ocrx_word' id='word_1_525' title='bbox 1126 4242 1349 4299; x_wconf 88' lang='lat' dir='ltr'><strong>domini</strong></span> <span class='ocrx_word' id='word_1_526' title='bbox 1381 4242 1533 4315; x_wconf 89' lang='lat' dir='ltr'><strong>regis</strong></span> <span class='ocrx_word' id='word_1_527' title='bbox 1562 4243 1839 4300; x_wconf 87' lang='lat' dir='ltr'><strong>Constan-</strong></span> 
     </span>
    </p>

    <p class='ocr_par' dir='ltr' id='par_1_16' title="bbox 186 4331 1836 4409">
     <span class='ocr_line' id='line_1_76' title="bbox 186 4331 1836 4409; baseline -0.004 -14"><span class='ocrx_word' id='word_1_528' title='bbox 186 4335 495 4409; x_wconf 88' lang='lat' dir='ltr'><strong>tinopolim</strong></span> <span class='ocrx_word' id='word_1_529' title='bbox 553 4336 760 4403; x_wconf 89' lang='lat' dir='ltr'><strong>ierant,</strong></span> <span class='ocrx_word' id='word_1_530' title='bbox 801 4339 1064 4390; x_wconf 84' lang='lat' dir='ltr'><strong>mortuus</strong></span> <span class='ocrx_word' id='word_1_531' title='bbox 1118 4336 1210 4388; x_wconf 89' lang='lat' dir='ltr'><strong>est</strong></span> <span class='ocrx_word' id='word_1_532' title='bbox 1238 4331 1513 4389; x_wconf 82' lang='lat' dir='ltr'><strong>dominus</strong></span> <span class='ocrx_word' id='word_1_533' title='bbox 1544 4332 1836 4389; x_wconf 80' lang='lat' dir='ltr'><strong>Attardus</strong></span> 
     </span>
    </p>
   </div>
   <div class='ocr_carea' id='block_1_15' title="bbox 186 4421 1836 4495">
    <p class='ocr_par' dir='ltr' id='par_1_17' title="bbox 186 4421 1836 4495">
     <span class='ocr_line' id='line_1_77' title="bbox 186 4421 1836 4495; baseline -0.004 -11"><span class='ocrx_word' id='word_1_534' title='bbox 186 4427 523 4484; x_wconf 79' lang='lat' dir='ltr'><strong>Nazarenus</strong></span> <span class='ocrx_word' id='word_1_535' title='bbox 552 4423 1042 4495; x_wconf 88' lang='lat' dir='ltr'><strong>archiepiscopus,</strong></span> <span class='ocrx_word' id='word_1_536' title='bbox 1090 4437 1418 4493; x_wconf 87' lang='lat' dir='ltr'><strong>corpusque</strong></span> <span class='ocrx_word' id='word_1_537' title='bbox 1448 4421 1576 4492; x_wconf 88' lang='lat' dir='ltr'><strong>ejus</strong></span> <span class='ocrx_word' id='word_1_538' title='bbox 1599 4421 1669 4476; x_wconf 90' lang='lat' dir='ltr'><strong>ad</strong></span> <span class='ocrx_word' id='word_1_539' title='bbox 1703 4436 1836 4494; x_wconf 88' lang='lat' dir='ltr'><strong>pro-</strong></span> 
     </span>
    </p>
   </div>
   <div class='ocr_carea' id='block_1_16' title="bbox 1946 3265 3597 4503">
    <p class='ocr_par' dir='ltr' id='par_1_18' title="bbox 1946 3265 3597 4503">
     <span class='ocr_line' id='line_1_78' title="bbox 1946 3265 3595 3341; baseline -0.002 -14"><span class='ocrx_word' id='word_1_540' title='bbox 1946 3270 2127 3327; x_wconf 89' lang='lat' dir='ltr'><strong>lumis</strong></span> <span class='ocrx_word' id='word_1_541' title='bbox 2183 3270 2333 3340; x_wconf 87' lang='lat' dir='ltr'><strong>apud</strong></span> <span class='ocrx_word' id='word_1_542' title='bbox 2391 3269 2606 3341; x_wconf 84' lang='lat' dir='ltr'><strong>Tyrum</strong></span> <span class='ocrx_word' id='word_1_543' title='bbox 2657 3267 2977 3338; x_wconf 89' lang='lat' dir='ltr'><strong>applicans,</strong></span> <span class='ocrx_word' id='word_1_544' title='bbox 3011 3266 3160 3323; x_wconf 83' lang='lat' dir='ltr'><strong>infra</strong></span> <span class='ocrx_word' id='word_1_545' title='bbox 3193 3283 3410 3340; x_wconf 86' lang='lat' dir='ltr'><strong>paucos</strong></span> <span class='ocrx_word' id='word_1_546' title='bbox 3471 3265 3595 3323; x_wconf 88' lang='lat' dir='ltr'><strong>dies</strong></span> 
     </span>
     <span class='ocr_line' id='line_1_79' title="bbox 1946 3356 3597 3432; baseline -0.004 -15"><span class='ocrx_word' id='word_1_547' title='bbox 1946 3359 2352 3432; x_wconf 77' lang='lat' dir='ltr'><strong>Hierosolymis</strong></span> <span class='ocrx_word' id='word_1_548' title='bbox 2382 3360 2469 3430; x_wconf 88' lang='lat' dir='ltr'><strong>(ut</strong></span> <span class='ocrx_word' id='word_1_549' title='bbox 2499 3356 2661 3429; x_wconf 89' lang='lat' dir='ltr'><strong>regni</strong></span> <span class='ocrx_word' id='word_1_550' title='bbox 2690 3356 3026 3413; x_wconf 88' lang='lat' dir='ltr'><strong>obtinuerat</strong></span> <span class='ocrx_word' id='word_1_551' title='bbox 3054 3356 3438 3429; x_wconf 88' lang='lat' dir='ltr'><strong>consuetudo)</strong></span> <span class='ocrx_word' id='word_1_552' title='bbox 3459 3371 3597 3413; x_wconf 90' lang='lat' dir='ltr'><strong>con-</strong></span> 
     </span>
     <span class='ocr_line' id='line_1_80' title="bbox 1946 3446 3594 3520; baseline -0.005 -12"><span class='ocrx_word' id='word_1_553' title='bbox 1946 3454 2190 3520; x_wconf 85' lang='lat' dir='ltr'><strong>secrata,</strong></span> <span class='ocrx_word' id='word_1_554' title='bbox 2222 3453 2279 3505; x_wconf 91' lang='lat' dir='ltr'><strong>et</strong></span> <span class='ocrx_word' id='word_1_555' title='bbox 2299 3447 2457 3519; x_wconf 86' lang='lat' dir='ltr'><strong>regio</strong></span> <span class='ocrx_word' id='word_1_556' title='bbox 2507 3446 2794 3519; x_wconf 86' lang='lat' dir='ltr'><strong>insignita</strong></span> <span class='ocrx_word' id='word_1_557' title='bbox 2830 3446 3181 3515; x_wconf 89' lang='lat' dir='ltr'><strong>diademate,</strong></span> <span class='ocrx_word' id='word_1_558' title='bbox 3217 3447 3467 3517; x_wconf 88' lang='lat' dir='ltr'><strong>peractis</strong></span> <span class='ocrx_word' id='word_1_559' title='bbox 3496 3460 3594 3500; x_wconf 88' lang='lat' dir='ltr'><strong>so-</strong></span> 
     </span>
     <span class='ocr_line' id='line_1_81' title="bbox 1949 3534 3594 3607; baseline -0.005 -12"><span class='ocrx_word' id='word_1_560' title='bbox 1949 3538 2217 3595; x_wconf 87' lang='lat' dir='ltr'><strong>lemniter</strong></span> <span class='ocrx_word' id='word_1_561' title='bbox 2247 3536 2492 3607; x_wconf 82' lang='lat' dir='ltr'><strong>nuptiis,</strong></span> <span class='ocrx_word' id='word_1_562' title='bbox 2521 3534 2644 3590; x_wconf 81' lang='lat' dir='ltr'><strong>viro</strong></span> <span class='ocrx_word' id='word_1_563' title='bbox 2694 3534 2908 3590; x_wconf 89' lang='lat' dir='ltr'><strong>tradita</strong></span> <span class='ocrx_word' id='word_1_564' title='bbox 2947 3540 3056 3590; x_wconf 92' lang='lat' dir='ltr'><strong>est.</strong></span> <span class='ocrx_word' id='word_1_565' title='bbox 3082 3534 3150 3589; x_wconf 81' lang='lat' dir='ltr'><strong>Et</strong></span> <span class='ocrx_word' id='word_1_566' title='bbox 3181 3535 3457 3607; x_wconf 87' lang='lat' dir='ltr'><strong>quoniam</strong></span> <span class='ocrx_word' id='word_1_567' title='bbox 3489 3548 3594 3605; x_wconf 87' lang='lat' dir='ltr'><strong>per</strong></span> 
     </span>
     <span class='ocr_line' id='line_1_82' title="bbox 1946 3621 3594 3696; baseline -0.003 -14"><span class='ocrx_word' id='word_1_568' title='bbox 1946 3627 2100 3684; x_wconf 91' lang='lat' dir='ltr'><strong>idem</strong></span> <span class='ocrx_word' id='word_1_569' title='bbox 2139 3633 2370 3696; x_wconf 88' lang='lat' dir='ltr'><strong>tempus</strong></span> <span class='ocrx_word' id='word_1_570' title='bbox 2418 3623 2980 3693; x_wconf 77' lang='lat' dir='ltr'><strong>Hierosolymitanus</strong></span> <span class='ocrx_word' id='word_1_571' title='bbox 3035 3621 3252 3678; x_wconf 88' lang='lat' dir='ltr'><strong>electus</strong></span> <span class='ocrx_word' id='word_1_572' title='bbox 3299 3636 3594 3678; x_wconf 87' lang='lat' dir='ltr'><strong>consecra-</strong></span> 
     </span>
     <span class='ocr_line' id='line_1_83' title="bbox 1947 3709 3594 3780; baseline -0.005 -6"><span class='ocrx_word' id='word_1_573' title='bbox 1947 3716 2123 3774; x_wconf 87' lang='lat' dir='ltr'><strong>tionis</strong></span> <span class='ocrx_word' id='word_1_574' title='bbox 2161 3731 2278 3771; x_wconf 81' lang='lat' dir='ltr'><strong>suae</strong></span> <span class='ocrx_word' id='word_1_575' title='bbox 2319 3728 2533 3769; x_wconf 90' lang='lat' dir='ltr'><strong>munus</strong></span> <span class='ocrx_word' id='word_1_576' title='bbox 2592 3713 2850 3768; x_wconf 85' lang='lat' dir='ltr'><strong>nondum</strong></span> <span class='ocrx_word' id='word_1_577' title='bbox 2894 3711 3245 3780; x_wconf 88' lang='lat' dir='ltr'><strong>obtinuerat,</strong></span> <span class='ocrx_word' id='word_1_578' title='bbox 3271 3726 3379 3768; x_wconf 88' lang='lat' dir='ltr'><strong>nec</strong></span> <span class='ocrx_word' id='word_1_579' title='bbox 3430 3709 3594 3767; x_wconf 83' lang='lat' dir='ltr'><strong>missi</strong></span> 
     </span>
     <span class='ocr_line' id='line_1_84' title="bbox 1947 3797 3596 3877; baseline -0.005 -15"><span class='ocrx_word' id='word_1_580' title='bbox 1947 3808 2019 3862; x_wconf 89' lang='lat' dir='ltr'><strong>ab</strong></span> <span class='ocrx_word' id='word_1_581' title='bbox 2076 3820 2143 3861; x_wconf 89' lang='lat' dir='ltr'><strong>eo</strong></span> <span class='ocrx_word' id='word_1_582' title='bbox 2189 3802 2434 3877; x_wconf 74' lang='lat' dir='ltr'><strong>propriae</strong></span> <span class='ocrx_word' id='word_1_583' title='bbox 2480 3817 2669 3858; x_wconf 70' lang='lat' dir='ltr'><strong>causat</strong></span> <span class='ocrx_word' id='word_1_584' title='bbox 2719 3801 2973 3874; x_wconf 89' lang='lat' dir='ltr'><strong>patroni,</strong></span> <span class='ocrx_word' id='word_1_585' title='bbox 3007 3818 3038 3856; x_wconf 89' lang='lat' dir='ltr'><strong>a</strong></span> <span class='ocrx_word' id='word_1_586' title='bbox 3088 3800 3225 3858; x_wconf 88' lang='lat' dir='ltr'><strong>sede</strong></span> <span class='ocrx_word' id='word_1_587' title='bbox 3271 3797 3596 3872; x_wconf 85' lang='lat' dir='ltr'><strong>apostolica</strong></span> 
     </span>
     <span class='ocr_line' id='line_1_85' title="bbox 1949 3888 3593 3962; baseline -0.004 -11"><span class='ocrx_word' id='word_1_588' title='bbox 1949 3895 2180 3951; x_wconf 77' lang='lat' dir='ltr'><strong>fuerant</strong></span> <span class='ocrx_word' id='word_1_589' title='bbox 2210 3891 2461 3949; x_wconf 80' lang='lat' dir='ltr'><strong>reversi:</strong></span> <span class='ocrx_word' id='word_1_590' title='bbox 2506 3890 2813 3947; x_wconf 85' lang='lat' dir='ltr'><strong>asciscitur</strong></span> <span class='ocrx_word' id='word_1_591' title='bbox 2850 3889 2921 3946; x_wconf 90' lang='lat' dir='ltr'><strong>de</strong></span> <span class='ocrx_word' id='word_1_592' title='bbox 2971 3888 3246 3947; x_wconf 88' lang='lat' dir='ltr'><strong>mandato</strong></span> <span class='ocrx_word' id='word_1_593' title='bbox 3277 3888 3434 3962; x_wconf 85' lang='lat' dir='ltr'><strong>regio</strong></span> <span class='ocrx_word' id='word_1_594' title='bbox 3465 3889 3593 3945; x_wconf 76' lang='lat' dir='ltr'><strong>Att-</strong></span> 
     </span>
     <span class='ocr_line' id='line_1_86' title="bbox 1946 3976 3593 4052; baseline -0.005 -13"><span class='ocrx_word' id='word_1_595' title='bbox 1946 3982 2256 4039; x_wconf 87' lang='lat' dir='ltr'><strong>tiochenus</strong></span> <span class='ocrx_word' id='word_1_596' title='bbox 2312 3979 2639 4052; x_wconf 86' lang='lat' dir='ltr'><strong>patriarcba</strong></span> <span class='ocrx_word' id='word_1_597' title='bbox 2708 3977 3055 4048; x_wconf 64' lang='lat' dir='ltr'><strong>aimericus,</strong></span> <span class='ocrx_word' id='word_1_598' title='bbox 3107 3976 3209 4049; x_wconf 90' lang='lat' dir='ltr'><strong>qui</strong></span> <span class='ocrx_word' id='word_1_599' title='bbox 3270 3984 3324 4032; x_wconf 91' lang='lat' dir='ltr'><strong>et</strong></span> <span class='ocrx_word' id='word_1_600' title='bbox 3381 3976 3593 4048; x_wconf 72' lang='lat' dir='ltr'><strong>reginae</strong></span> 
     </span>
     <span class='ocr_line' id='line_1_87' title="bbox 1948 4065 3595 4141; baseline -0.003 -14"><span class='ocrx_word' id='word_1_601' title='bbox 1948 4070 2239 4127; x_wconf 89' lang='lat' dir='ltr'><strong>unctionis</strong></span> <span class='ocrx_word' id='word_1_602' title='bbox 2269 4070 2515 4141; x_wconf 83' lang='lat' dir='ltr'><strong>gratiam</strong></span> <span class='ocrx_word' id='word_1_603' title='bbox 2558 4069 2724 4141; x_wconf 63' lang='lat' dir='ltr'><strong>regis</strong></span> <span class='ocrx_word' id='word_1_604' title='bbox 2773 4068 3063 4125; x_wconf 82' lang='lat' dir='ltr'><strong>conferret</strong></span> <span class='ocrx_word' id='word_1_605' title='bbox 3082 4071 3140 4123; x_wconf 88' lang='lat' dir='ltr'><strong>et</strong></span> <span class='ocrx_word' id='word_1_606' title='bbox 3168 4066 3427 4140; x_wconf 85' lang='lat' dir='ltr'><strong>conjugii</strong></span> <span class='ocrx_word' id='word_1_607' title='bbox 3463 4065 3595 4122; x_wconf 89' lang='lat' dir='ltr'><strong>usl-</strong></span> 
     </span>
     <span class='ocr_line' id='line_1_88' title="bbox 1948 4155 3592 4218; baseline -0.004 -1"><span class='ocrx_word' id='word_1_608' title='bbox 1948 4165 2064 4218; x_wconf 87' lang='lat' dir='ltr'><strong>tata</strong></span> <span class='ocrx_word' id='word_1_609' title='bbox 2092 4158 2372 4215; x_wconf 86' lang='lat' dir='ltr'><strong>solemnia</strong></span> <span class='ocrx_word' id='word_1_610' title='bbox 2398 4157 2733 4216; x_wconf 87' lang='lat' dir='ltr'><strong>celebraret.</strong></span> <span class='ocrx_word' id='word_1_611' title='bbox 2767 4157 2868 4213; x_wconf 83' lang='lat' dir='ltr'><strong>Hic</strong></span> <span class='ocrx_word' id='word_1_612' title='bbox 2913 4156 3153 4213; x_wconf 89' lang='lat' dir='ltr'><strong>demum</strong></span> <span class='ocrx_word' id='word_1_613' title='bbox 3185 4172 3362 4212; x_wconf 89' lang='lat' dir='ltr'><strong>uxore</strong></span> <span class='ocrx_word' id='word_1_614' title='bbox 3388 4155 3592 4212; x_wconf 87' lang='lat' dir='ltr'><strong>tradu-</strong></span> 
     </span>
     <span class='ocr_line' id='line_1_89' title="bbox 1947 4245 3589 4321; baseline -0.004 -13"><span class='ocrx_word' id='word_1_615' title='bbox 1947 4257 2058 4320; x_wconf 91' lang='lat' dir='ltr'><strong>cta,</strong></span> <span class='ocrx_word' id='word_1_616' title='bbox 2090 4266 2325 4307; x_wconf 90' lang='lat' dir='ltr'><strong>omnem</strong></span> <span class='ocrx_word' id='word_1_617' title='bbox 2382 4249 2545 4306; x_wconf 89' lang='lat' dir='ltr'><strong>illam</strong></span> <span class='ocrx_word' id='word_1_618' title='bbox 2595 4248 2902 4316; x_wconf 78' lang='lat' dir='ltr'><strong>levitatem,</strong></span> <span class='ocrx_word' id='word_1_619' title='bbox 2935 4264 3050 4321; x_wconf 85' lang='lat' dir='ltr'><strong>qua</strong></span> <span class='ocrx_word' id='word_1_620' title='bbox 3100 4263 3286 4319; x_wconf 88' lang='lat' dir='ltr'><strong>usque</strong></span> <span class='ocrx_word' id='word_1_621' title='bbox 3314 4246 3389 4303; x_wconf 86' lang='lat' dir='ltr'><strong>ad</strong></span> <span class='ocrx_word' id='word_1_622' title='bbox 3419 4245 3589 4302; x_wconf 91' lang='lat' dir='ltr'><strong>illum</strong></span> 
     </span>
     <span class='ocr_line' id='line_1_90' title="bbox 1948 4334 3595 4412; baseline -0.003 -16"><span class='ocrx_word' id='word_1_623' title='bbox 1948 4341 2099 4398; x_wconf 90' lang='lat' dir='ltr'><strong>diem</strong></span> <span class='ocrx_word' id='word_1_624' title='bbox 2126 4342 2289 4412; x_wconf 83' lang='lat' dir='ltr'><strong>justo</strong></span> <span class='ocrx_word' id='word_1_625' title='bbox 2319 4339 2575 4412; x_wconf 89' lang='lat' dir='ltr'><strong>amplius</strong></span> <span class='ocrx_word' id='word_1_626' title='bbox 2596 4339 2902 4396; x_wconf 83' lang='lat' dir='ltr'><strong>dicebatur</strong></span> <span class='ocrx_word' id='word_1_627' title='bbox 2921 4337 3235 4406; x_wconf 87' lang='lat' dir='ltr'><strong>laborasse,</strong></span> <span class='ocrx_word' id='word_1_628' title='bbox 3258 4336 3338 4392; x_wconf 87' lang='lat' dir='ltr'><strong>ita</strong></span> <span class='ocrx_word' id='word_1_629' title='bbox 3360 4334 3595 4408; x_wconf 87' lang='lat' dir='ltr'><strong>penitus</strong></span> 
     </span>
     <span class='ocr_line' id='line_1_91' title="bbox 1950 4425 3592 4503; baseline -0.004 -18"><span class='ocrx_word' id='word_1_630' title='bbox 1950 4431 2240 4503; x_wconf 88' lang='lat' dir='ltr'><strong>deposuit,</strong></span> <span class='ocrx_word' id='word_1_631' title='bbox 2275 4433 2339 4485; x_wconf 87' lang='lat' dir='ltr'><strong>ut</strong></span> <span class='ocrx_word' id='word_1_632' title='bbox 2368 4444 2502 4485; x_wconf 88' lang='lat' dir='ltr'><strong>cum</strong></span> <span class='ocrx_word' id='word_1_633' title='bbox 2538 4427 2816 4501; x_wconf 82' lang='lat' dir='ltr'><strong>Apostolo</strong></span> <span class='ocrx_word' id='word_1_634' title='bbox 2846 4427 3136 4484; x_wconf 85' lang='lat' dir='ltr'><strong>videretur</strong></span> <span class='ocrx_word' id='word_1_635' title='bbox 3167 4442 3330 4499; x_wconf 89' lang='lat' dir='ltr'><strong>posse</strong></span> <span class='ocrx_word' id='word_1_636' title='bbox 3360 4425 3552 4483; x_wconf 87' lang='lat' dir='ltr'><strong>dicere</strong></span> <span class='ocrx_word' id='word_1_637' title='bbox 3578 4441 3592 4479; x_wconf 76' lang='grc' dir='ltr'><em>τ</em></span> 
     </span>
    </p>
   </div>
   <div class='ocr_carea' id='block_1_17' title="bbox 188 4508 3592 4592">
    <p class='ocr_par' dir='ltr' id='par_1_19' title="bbox 188 4508 3592 4592">
     <span class='ocr_line' id='line_1_92' title="bbox 188 4508 3592 4592; baseline -0.001 -19"><span class='ocrx_word' id='word_1_638' title='bbox 188 4517 401 4592; x_wconf 85' lang='lat' dir='ltr'><strong>priam,</strong></span> <span class='ocrx_word' id='word_1_639' title='bbox 433 4513 628 4572; x_wconf 85' lang='lat' dir='ltr'><strong>studio</strong></span> <span class='ocrx_word' id='word_1_640' title='bbox 658 4517 717 4569; x_wconf 94' lang='lat' dir='ltr'><strong>et</strong></span> <span class='ocrx_word' id='word_1_641' title='bbox 742 4510 1043 4584; x_wconf 87' lang='lat' dir='ltr'><strong>vigilantia</strong></span> <span class='ocrx_word' id='word_1_642' title='bbox 1088 4526 1326 4566; x_wconf 90' lang='lat' dir='ltr'><strong>suorum</strong></span> <span class='ocrx_word' id='word_1_643' title='bbox 1376 4509 1655 4578; x_wconf 85' lang='lat' dir='ltr'><strong>fidelium,</strong></span> <span class='ocrx_word' id='word_1_644' title='bbox 1687 4508 1832 4568; x_wconf 88' lang='lat' dir='ltr'><strong>dela·</strong></span> <span class='ocrx_word' id='word_1_645' title='bbox 1865 4524 1910 4589; x_wconf 70' lang='grc' dir='ltr'>Β</span> <span class='ocrx_word' id='word_1_646' title='bbox 1942 4521 2077 4577; x_wconf 71' lang='lat' dir='ltr'><strong>Cum</strong></span> <span class='ocrx_word' id='word_1_647' title='bbox 2106 4535 2276 4578; x_wconf 64' lang='lat' dir='ltr'><strong>essem</strong></span> <span class='ocrx_word' id='word_1_648' title='bbox 2303 4517 2889 4592; x_wconf 70' lang='lat' dir='ltr'><strong>parvula³‚sapiebam</strong></span> <span class='ocrx_word' id='word_1_649' title='bbox 2917 4520 2982 4573; x_wconf 78' lang='lat' dir='ltr'><strong>ut</strong></span> <span class='ocrx_word' id='word_1_650' title='bbox 3006 4517 3296 4590; x_wconf 75' lang='lat' dir='ltr'><strong>parvolas,</strong></span> <span class='ocrx_word' id='word_1_651' title='bbox 3330 4515 3592 4587; x_wconf 78' lang='lat' dir='ltr'><strong>loquebar</strong></span> 
     </span>
    </p>
   </div>
   <div class='ocr_carea' id='block_1_18' title="bbox 179 4599 1832 5301">
    <p class='ocr_par' dir='ltr' id='par_1_20' title="bbox 179 4599 1832 5301">
     <span class='ocr_line' id='line_1_93' title="bbox 183 4599 1831 4665; baseline -0.005 0"><span class='ocrx_word' id='word_1_652' title='bbox 183 4613 315 4665; x_wconf 90' lang='lat' dir='ltr'><strong>tum</strong></span> <span class='ocrx_word' id='word_1_653' title='bbox 336 4607 426 4663; x_wconf 85' lang='lat' dir='ltr'><strong>est</strong></span> <span class='ocrx_word' id='word_1_654' title='bbox 471 4602 800 4661; x_wconf 89' lang='lat' dir='ltr'><strong>ecclesiam.</strong></span> <span class='ocrx_word' id='word_1_655' title='bbox 833 4599 936 4658; x_wconf 88' lang='lat' dir='ltr'><strong>Cui</strong></span> <span class='ocrx_word' id='word_1_656' title='bbox 994 4600 1276 4657; x_wconf 85' lang='lat' dir='ltr'><strong>successit</strong></span> <span class='ocrx_word' id='word_1_657' title='bbox 1325 4601 1601 4656; x_wconf 89' lang='lat' dir='ltr'><strong>dominus</strong></span> <span class='ocrx_word' id='word_1_658' title='bbox 1636 4600 1831 4656; x_wconf 85' lang='lat' dir='ltr'><strong>Letar-</strong></span> 
     </span>
     <span class='ocr_line' id='line_1_94' title="bbox 183 4688 1828 4766; baseline -0.004 -14"><span class='ocrx_word' id='word_1_659' title='bbox 183 4697 320 4763; x_wconf 83' lang='lat' dir='ltr'><strong>dus,</strong></span> <span class='ocrx_word' id='word_1_660' title='bbox 349 4694 612 4766; x_wconf 87' lang='lat' dir='ltr'><strong>ejusdem</strong></span> <span class='ocrx_word' id='word_1_661' title='bbox 644 4690 899 4749; x_wconf 70' lang='lat' dir='ltr'><strong>ecclesias</strong></span> <span class='ocrx_word' id='word_1_662' title='bbox 932 4689 1108 4763; x_wconf 89' lang='lat' dir='ltr'><strong>prior,</strong></span> <span class='ocrx_word' id='word_1_663' title='bbox 1138 4688 1231 4745; x_wconf 85' lang='lat' dir='ltr'><strong>vir</strong></span> <span class='ocrx_word' id='word_1_664' title='bbox 1260 4695 1601 4746; x_wconf 79' lang='lat' dir='ltr'><strong>mansuetus</strong></span> <span class='ocrx_word' id='word_1_665' title='bbox 1624 4688 1828 4745; x_wconf 88' lang='lat' dir='ltr'><strong>admo-</strong></span> 
     </span>
     <span class='ocr_line' id='line_1_95' title="bbox 186 4777 1829 4852; baseline -0.004 -10"><span class='ocrx_word' id='word_1_666' title='bbox 186 4784 350 4852; x_wconf 90' lang='lat' dir='ltr'><strong>dum,</strong></span> <span class='ocrx_word' id='word_1_667' title='bbox 372 4780 622 4840; x_wconf 80' lang='lat' dir='ltr'><strong>affabilis</strong></span> <span class='ocrx_word' id='word_1_668' title='bbox 651 4784 708 4837; x_wconf 87' lang='lat' dir='ltr'><strong>et</strong></span> <span class='ocrx_word' id='word_1_669' title='bbox 735 4780 1044 4850; x_wconf 84' lang='lat' dir='ltr'><strong>benignus,</strong></span> <span class='ocrx_word' id='word_1_670' title='bbox 1078 4777 1177 4851; x_wconf 91' lang='lat' dir='ltr'><strong>qui</strong></span> <span class='ocrx_word' id='word_1_671' title='bbox 1208 4778 1381 4835; x_wconf 89' lang='lat' dir='ltr'><strong>hodie</strong></span> <span class='ocrx_word' id='word_1_672' title='bbox 1410 4778 1588 4836; x_wconf 87' lang='lat' dir='ltr'><strong>etiam</strong></span> <span class='ocrx_word' id='word_1_673' title='bbox 1639 4777 1829 4835; x_wconf 89' lang='lat' dir='ltr'><strong>eidem</strong></span> 
     </span>
     <span class='ocr_line' id='line_1_96' title="bbox 188 4867 1832 4947; baseline -0.003 -18"><span class='ocrx_word' id='word_1_674' title='bbox 188 4875 399 4947; x_wconf 65' lang='lat' dir='ltr'><strong>praest</strong></span> <span class='ocrx_word' id='word_1_675' title='bbox 422 4868 1068 4940; x_wconf 76' lang='lat' dir='ltr'><strong>Ecclesiae,vicesimnm</strong></span> <span class='ocrx_word' id='word_1_676' title='bbox 1086 4869 1323 4924; x_wconf 85' lang='lat' dir='ltr'><strong>tertium</strong></span> <span class='ocrx_word' id='word_1_677' title='bbox 1354 4868 1580 4924; x_wconf 88' lang='lat' dir='ltr'><strong>babens</strong></span> <span class='ocrx_word' id='word_1_678' title='bbox 1619 4867 1677 4924; x_wconf 89' lang='lat' dir='ltr'><strong>in</strong></span> <span class='ocrx_word' id='word_1_679' title='bbox 1694 4883 1832 4939; x_wconf 91' lang='lat' dir='ltr'><strong>pon-</strong></span> 
     </span>
     <span class='ocr_line' id='line_1_97' title="bbox 187 4957 1831 5029; baseline -0.003 -9"><span class='ocrx_word' id='word_1_680' title='bbox 187 4962 410 5020; x_wconf 83' lang='lat' dir='ltr'><strong>tificatu</strong></span> <span class='ocrx_word' id='word_1_681' title='bbox 438 4977 683 5020; x_wconf 90' lang='lat' dir='ltr'><strong>annum.</strong></span> <span class='ocrx_word' id='word_1_682' title='bbox 705 4960 814 5025; x_wconf 89' lang='lat' dir='ltr'><strong>Qui</strong></span> <span class='ocrx_word' id='word_1_683' title='bbox 848 4965 1044 5015; x_wconf 90' lang='lat' dir='ltr'><strong>autem</strong></span> <span class='ocrx_word' id='word_1_684' title='bbox 1077 4958 1148 5014; x_wconf 90' lang='lat' dir='ltr'><strong>de</strong></span> <span class='ocrx_word' id='word_1_685' title='bbox 1178 4957 1471 5029; x_wconf 73' lang='lat' dir='ltr'><strong>praedictis</strong></span> <span class='ocrx_word' id='word_1_686' title='bbox 1491 4958 1721 5017; x_wconf 90' lang='lat' dir='ltr'><strong>nuntiis</strong></span> <span class='ocrx_word' id='word_1_687' title='bbox 1734 4975 1831 5015; x_wconf 91' lang='lat' dir='ltr'><strong>su·</strong></span> 
     </span>
     <span class='ocr_line' id='line_1_98' title="bbox 183 5046 1832 5126; baseline -0.004 -16"><span class='ocrx_word' id='word_1_688' title='bbox 183 5051 549 5126; x_wconf 81' lang='lat' dir='ltr'><strong>perfuerunt,</strong></span> <span class='ocrx_word' id='word_1_689' title='bbox 580 5049 855 5108; x_wconf 88' lang='lat' dir='ltr'><strong>dominus</strong></span> <span class='ocrx_word' id='word_1_690' title='bbox 899 5046 1166 5104; x_wconf 83' lang='lat' dir='ltr'><strong>videlicet</strong></span> <span class='ocrx_word' id='word_1_691' title='bbox 1218 5047 1547 5103; x_wconf 76' lang='lat' dir='ltr'><strong>fleuit-edus</strong></span> <span class='ocrx_word' id='word_1_692' title='bbox 1594 5051 1832 5104; x_wconf 86' lang='lat' dir='ltr'><strong>consta-</strong></span> 
     </span>
     <span class='ocr_line' id='line_1_99' title="bbox 183 5133 1830 5209; baseline -0.003 -12"><span class='ocrx_word' id='word_1_693' title='bbox 183 5141 470 5198; x_wconf 89' lang='lat' dir='ltr'><strong>bularius.</strong></span> <span class='ocrx_word' id='word_1_694' title='bbox 494 5137 822 5197; x_wconf 86' lang='lat' dir='ltr'><strong>Joscelinus</strong></span> <span class='ocrx_word' id='word_1_695' title='bbox 853 5152 1079 5209; x_wconf 89' lang='lat' dir='ltr'><strong>quoque</strong></span> <span class='ocrx_word' id='word_1_696' title='bbox 1108 5135 1375 5203; x_wconf 88' lang='lat' dir='ltr'><strong>Piselius,</strong></span> <span class='ocrx_word' id='word_1_697' title='bbox 1406 5142 1460 5191; x_wconf 88' lang='lat' dir='ltr'><strong>et</strong></span> <span class='ocrx_word' id='word_1_698' title='bbox 1492 5133 1830 5192; x_wconf 88' lang='lat' dir='ltr'><strong>Willelmus</strong></span> 
     </span>
     <span class='ocr_line' id='line_1_100' title="bbox 179 5221 1829 5301; baseline -0.003 -16"><span class='ocrx_word' id='word_1_699' title='bbox 179 5230 251 5287; x_wconf 90' lang='lat' dir='ltr'><strong>de</strong></span> <span class='ocrx_word' id='word_1_700' title='bbox 279 5229 488 5297; x_wconf 72' lang='lat' dir='ltr'><strong>Bru-iis,</strong></span> <span class='ocrx_word' id='word_1_701' title='bbox 519 5228 720 5301; x_wconf 80' lang='lat' dir='ltr'><strong>inclyti</strong></span> <span class='ocrx_word' id='word_1_702' title='bbox 749 5230 804 5283; x_wconf 85' lang='lat' dir='ltr'><strong>et</strong></span> <span class='ocrx_word' id='word_1_703' title='bbox 852 5224 1076 5283; x_wconf 87' lang='lat' dir='ltr'><strong>nobiles</strong></span> <span class='ocrx_word' id='word_1_704' title='bbox 1123 5224 1252 5291; x_wconf 82' lang='lat' dir='ltr'><strong>viri,</strong></span> <span class='ocrx_word' id='word_1_705' title='bbox 1278 5227 1335 5280; x_wconf 91' lang='lat' dir='ltr'><strong>et</strong></span> <span class='ocrx_word' id='word_1_706' title='bbox 1364 5223 1420 5278; x_wconf 89' lang='lat' dir='ltr'><strong>in</strong></span> <span class='ocrx_word' id='word_1_707' title='bbox 1449 5221 1829 5281; x_wconf 81' lang='lat' dir='ltr'><strong>saecularibus</strong></span> 
     </span>
    </p>
   </div>
   <div class='ocr_carea' id='block_1_19' title="bbox 1941 4603 3593 5129">
    <p class='ocr_par' dir='ltr' id='par_1_21' title="bbox 1941 4603 3593 5129">
     <span class='ocr_line' id='line_1_101' title="bbox 1943 4603 3592 4684; baseline -0.005 -17"><span class='ocrx_word' id='word_1_708' title='bbox 1943 4616 2007 4667; x_wconf 76' lang='lat' dir='ltr'><strong>at</strong></span> <span class='ocrx_word' id='word_1_709' title='bbox 2031 4611 2330 4684; x_wconf 54' lang='lat' dir='ltr'><strong>parvalum</strong></span> <span class='ocrx_word' id='word_1_710' title='bbox 2358 4625 2430 4667; x_wconf 74' lang='lat' dir='ltr'><strong>aa:</strong></span> <span class='ocrx_word' id='word_1_711' title='bbox 2456 4624 2561 4681; x_wconf 79' lang='lat' dir='ltr'><strong>quo</strong></span> <span class='ocrx_word' id='word_1_712' title='bbox 2591 4614 2779 4664; x_wconf 73' lang='lat' dir='ltr'><strong>autem</strong></span> <span class='ocrx_word' id='word_1_713' title='bbox 2804 4608 2981 4677; x_wconf 74' lang='lat' dir='ltr'><strong>sacius</strong></span> <span class='ocrx_word' id='word_1_714' title='bbox 3029 4622 3152 4661; x_wconf 80' lang='lat' dir='ltr'><strong>sum</strong></span> <span class='ocrx_word' id='word_1_715' title='bbox 3185 4604 3291 4673; x_wconf 81' lang='lat' dir='ltr'><strong>vir,</strong></span> <span class='ocrx_word' id='word_1_716' title='bbox 3332 4603 3592 4659; x_wconf 77' lang='lat' dir='ltr'><strong>evacuavi</strong></span> 
     </span>
     <span class='ocr_line' id='line_1_102' title="bbox 1944 4692 3587 4774; baseline -0.006 -17"><span class='ocrx_word' id='word_1_717' title='bbox 1944 4717 2068 4774; x_wconf 68' lang='lat' dir='ltr'><strong>quae</strong></span> <span class='ocrx_word' id='word_1_718' title='bbox 2112 4706 2239 4757; x_wconf 74' lang='lat' dir='ltr'><strong>sant</strong></span> <span class='ocrx_word' id='word_1_719' title='bbox 2267 4700 2491 4771; x_wconf 79' lang='lat' dir='ltr'><strong>parvuli</strong></span> <span class='ocrx_word' id='word_1_720' title='bbox 2510 4697 2555 4770; x_wconf 93' lang='grc' dir='ltr'><strong>(Ι</strong></span> <span class='ocrx_word' id='word_1_721' title='bbox 2590 4699 2715 4754; x_wconf 80' lang='lat' dir='ltr'><strong>Gor.</strong></span> <span class='ocrx_word' id='word_1_722' title='bbox 2745 4711 2870 4764; x_wconf 83' lang='lat' dir='ltr'><strong>xm,</strong></span> <span class='ocrx_word' id='word_1_723' title='bbox 2904 4696 3016 4768; x_wconf 84' lang='lat'><strong>11).</strong></span> <span class='ocrx_word' id='word_1_724' title='bbox 3050 4692 3196 4752; x_wconf 88' lang='lat' dir='ltr'><strong>Nam</strong></span> <span class='ocrx_word' id='word_1_725' title='bbox 3245 4695 3303 4748; x_wconf 86' lang='lat' dir='ltr'><strong>et</strong></span> <span class='ocrx_word' id='word_1_726' title='bbox 3350 4706 3587 4748; x_wconf 89' lang='lat' dir='ltr'><strong>uxorem</strong></span> 
     </span>
     <span class='ocr_line' id='line_1_103' title="bbox 1945 4780 3588 4863; baseline -0.008 -15"><span class='ocrx_word' id='word_1_727' title='bbox 1945 4790 2320 4863; x_wconf 90' lang='lat' dir='ltr'><strong>postmodum</strong></span> <span class='ocrx_word' id='word_1_728' title='bbox 2352 4784 2797 4845; x_wconf 89' lang='lat' dir='ltr'><strong>commendabili</strong></span> <span class='ocrx_word' id='word_1_729' title='bbox 2830 4782 3102 4840; x_wconf 86' lang='lat' dir='ltr'><strong>dilexisse</strong></span> <span class='ocrx_word' id='word_1_730' title='bbox 3122 4780 3338 4838; x_wconf 90' lang='lat' dir='ltr'><strong>dicitur</strong></span> <span class='ocrx_word' id='word_1_731' title='bbox 3356 4780 3588 4849; x_wconf 78' lang='lat' dir='ltr'><strong>affectu,</strong></span> 
     </span>
     <span class='ocr_line' id='line_1_104' title="bbox 1944 4870 3593 4947; baseline -0.005 -11"><span class='ocrx_word' id='word_1_732' title='bbox 1944 4883 2000 4936; x_wconf 89' lang='lat' dir='ltr'><strong>et</strong></span> <span class='ocrx_word' id='word_1_733' title='bbox 2027 4879 2141 4936; x_wconf 89' lang='lat' dir='ltr'><strong>tori</strong></span> <span class='ocrx_word' id='word_1_734' title='bbox 2174 4879 2347 4933; x_wconf 86' lang='lat' dir='ltr'><strong>fldem</strong></span> <span class='ocrx_word' id='word_1_735' title='bbox 2380 4891 2566 4947; x_wconf 89' lang='lat' dir='ltr'><strong>nsque</strong></span> <span class='ocrx_word' id='word_1_736' title='bbox 2587 4875 2661 4931; x_wconf 89' lang='lat' dir='ltr'><strong>ad</strong></span> <span class='ocrx_word' id='word_1_737' title='bbox 2717 4877 3045 4930; x_wconf 89' lang='lat' dir='ltr'><strong>extremum</strong></span> <span class='ocrx_word' id='word_1_738' title='bbox 3093 4870 3146 4928; x_wconf 89' lang='lat' dir='ltr'><strong>ei</strong></span> <span class='ocrx_word' id='word_1_739' title='bbox 3178 4870 3432 4927; x_wconf 86' lang='lat' dir='ltr'><strong>creditur</strong></span> <span class='ocrx_word' id='word_1_740' title='bbox 3454 4885 3593 4927; x_wconf 88' lang='lat' dir='ltr'><strong>con-</strong></span> 
     </span>
     <span class='ocr_line' id='line_1_105' title="bbox 1942 4960 3592 5036; baseline -0.004 -12"><span class='ocrx_word' id='word_1_741' title='bbox 1942 4982 2200 5025; x_wconf 84' lang='lat' dir='ltr'><strong>servasse</strong></span> <span class='ocrx_word' id='word_1_742' title='bbox 2220 4964 2501 5022; x_wconf 85' lang='lat' dir='ltr'><strong>illibatam</strong></span> <span class='ocrx_word' id='word_1_743' title='bbox 2539 4979 2555 5020; x_wconf 90' lang='lat'><strong>:</strong></span> <span class='ocrx_word' id='word_1_744' title='bbox 2587 4962 2930 5036; x_wconf 87' lang='lat' dir='ltr'><strong>postpositis</strong></span> <span class='ocrx_word' id='word_1_745' title='bbox 2963 4961 3162 5034; x_wconf 88' lang='lat' dir='ltr'><strong>itaque</strong></span> <span class='ocrx_word' id='word_1_746' title='bbox 3190 4960 3414 5018; x_wconf 84' lang='lat' dir='ltr'><strong>levibus</strong></span> <span class='ocrx_word' id='word_1_747' title='bbox 3445 4961 3592 5018; x_wconf 87' lang='lat' dir='ltr'><strong>acti-</strong></span> 
     </span>
     <span class='ocr_line' id='line_1_106' title="bbox 1941 5048 3588 5129; baseline -0.007 -14"><span class='ocrx_word' id='word_1_748' title='bbox 1941 5058 2052 5115; x_wconf 89' lang='lat' dir='ltr'><strong>bus</strong></span> <span class='ocrx_word' id='word_1_749' title='bbox 2073 5055 2242 5129; x_wconf 88' lang='lat' dir='ltr'><strong>quasi</strong></span> <span class='ocrx_word' id='word_1_750' title='bbox 2274 5058 2534 5112; x_wconf 82' lang='lat' dir='ltr'><strong>mutatus</strong></span> <span class='ocrx_word' id='word_1_751' title='bbox 2583 5054 2655 5110; x_wconf 88' lang='lat' dir='ltr'><strong>ab</strong></span> <span class='ocrx_word' id='word_1_752' title='bbox 2712 5051 2834 5119; x_wconf 90' lang='lat' dir='ltr'><strong>illo,</strong></span> <span class='ocrx_word' id='word_1_753' title='bbox 2869 5051 3023 5108; x_wconf 88' lang='lat' dir='ltr'><strong>seria</strong></span> <span class='ocrx_word' id='word_1_754' title='bbox 3069 5050 3244 5123; x_wconf 86' lang='lat' dir='ltr'><strong>coepit</strong></span> <span class='ocrx_word' id='word_1_755' title='bbox 3291 5048 3588 5123; x_wconf 87' lang='lat' dir='ltr'><strong>amplecti,</strong></span> 
     </span>
    </p>
   </div>
   <div class='ocr_carea' id='block_1_20' title="bbox 1940 5140 2998 5288">
    <p class='ocr_par' dir='ltr' id='par_1_22' title="bbox 1940 5140 2998 5288">
     <span class='ocr_line' id='line_1_107' title="bbox 1940 5140 2875 5204; baseline -0.01 0"><span class='ocrx_word' id='word_1_756' title='bbox 1940 5151 1998 5204; x_wconf 88' lang='lat' dir='ltr'><strong>et</strong></span> <span class='ocrx_word' id='word_1_757' title='bbox 2028 5143 2307 5203; x_wconf 87' lang='lat' dir='ltr'><strong>attentius</strong></span> <span class='ocrx_word' id='word_1_758' title='bbox 2334 5148 2579 5199; x_wconf 85' lang='lat' dir='ltr'><strong>tractare</strong></span> <span class='ocrx_word' id='word_1_759' title='bbox 2599 5140 2875 5199; x_wconf 86' lang='lat' dir='ltr'><strong>salubria.</strong></span> 
     </span>
     <span class='ocr_line' id='line_1_108' title="bbox 2526 5229 2998 5288; baseline -0.006 0"><span class='ocrx_word' id='word_1_760' title='bbox 2526 5230 2766 5288; x_wconf 78' lang='lat' dir='ltr'>CAPUT</span> <span class='ocrx_word' id='word_1_761' title='bbox 2803 5229 2998 5287; x_wconf 85' lang='lat' dir='ltr'><strong>xxm.</strong></span> 
     </span>
    </p>
   </div>
   <div class='ocr_carea' id='block_1_21' title="bbox 176 5312 3580 5398">
    <p class='ocr_par' dir='ltr' id='par_1_23' title="bbox 176 5312 3580 5398">
     <span class='ocr_line' id='line_1_109' title="bbox 176 5312 3580 5398; baseline -0.005 -11"><span class='ocrx_word' id='word_1_762' title='bbox 176 5318 473 5375; x_wconf 64' lang='lat' dir='ltr'><strong>0¹0¹&#39;0U825</strong></span> <span class='ocrx_word' id='word_1_763' title='bbox 505 5317 847 5382; x_wconf 69' lang='lat' dir='ltr'><strong>admodum·</strong></span> <span class='ocrx_word' id='word_1_764' title='bbox 880 5331 983 5388; x_wconf 71' lang='grc' dir='ltr'><strong>ΡΝ)</strong></span> <span class='ocrx_word' id='word_1_765' title='bbox 1030 5314 1292 5385; x_wconf 64' lang='grc' dir='ltr'><strong>ῑΠΙῦΠῢῙΟ</strong></span> <span class='ocrx_word' id='word_1_766' title='bbox 1314 5312 1422 5369; x_wconf 63' lang='lat' dir='ltr'><strong>Sibi</strong></span> <span class='ocrx_word' id='word_1_767' title='bbox 1452 5312 1646 5380; x_wconf 86' lang='lat' dir='ltr'><strong>verbo,</strong></span> <span class='ocrx_word' id='word_1_768' title='bbox 1668 5313 1823 5385; x_wconf 63' lang='lat'><strong>⁸9⁰⁶</strong></span> <span class='ocrx_word' id='word_1_769' title='bbox 1934 5327 2241 5398; x_wconf 80' lang='lat' dir='ltr'><strong>Imperator</strong></span> <span class='ocrx_word' id='word_1_770' title='bbox 2287 5320 2934 5393; x_wconf 75' lang='lat' dir='ltr'><strong>constantinopolitanas</strong></span> <span class='ocrx_word' id='word_1_771' title='bbox 2979 5316 3322 5376; x_wconf 75' lang='lat' dir='ltr'><strong>Antiochiam</strong></span> <span class='ocrx_word' id='word_1_772' title='bbox 3369 5315 3523 5372; x_wconf 77' lang='lat' dir='ltr'><strong>venit</strong></span> <span class='ocrx_word' id='word_1_773' title='bbox 3559 5335 3580 5385; x_wconf 85' lang='lat'><strong>,-</strong></span> 
     </span>
    </p>
   </div>
   <div class='ocr_carea' id='block_1_22' title="bbox 168 5400 1822 5657">
    <p class='ocr_par' dir='ltr' id='par_1_24' title="bbox 168 5400 1822 5657">
     <span class='ocr_line' id='line_1_110' title="bbox 172 5400 1822 5479; baseline -0.004 -15"><span class='ocrx_word' id='word_1_774' title='bbox 172 5406 484 5464; x_wconf 88' lang='lat' dir='ltr'><strong>dominnm</strong></span> <span class='ocrx_word' id='word_1_775' title='bbox 508 5406 919 5479; x_wconf 88' lang='lat' dir='ltr'><strong>imperatorem</strong></span> <span class='ocrx_word' id='word_1_776' title='bbox 950 5402 1140 5459; x_wconf 88' lang='lat' dir='ltr'><strong>debita</strong></span> <span class='ocrx_word' id='word_1_777' title='bbox 1183 5401 1467 5457; x_wconf 85' lang='lat' dir='ltr'><strong>instantes</strong></span> <span class='ocrx_word' id='word_1_778' title='bbox 1496 5400 1822 5473; x_wconf 85' lang='lat' dir='ltr'><strong>diligentia,</strong></span> 
     </span>
     <span class='ocr_line' id='line_1_111' title="bbox 171 5490 1811 5569; baseline -0.003 -17"><span class='ocrx_word' id='word_1_779' title='bbox 171 5495 416 5553; x_wconf 86' lang='lat' dir='ltr'><strong>tandem</strong></span> <span class='ocrx_word' id='word_1_780' title='bbox 471 5499 605 5569; x_wconf 86' lang='lat' dir='ltr'><strong>post</strong></span> <span class='ocrx_word' id='word_1_781' title='bbox 650 5496 990 5551; x_wconf 85' lang='lat' dir='ltr'><strong>innumeras</strong></span> <span class='ocrx_word' id='word_1_782' title='bbox 1048 5490 1381 5556; x_wconf 89' lang='lat' dir='ltr'><strong>dilationes,</strong></span> <span class='ocrx_word' id='word_1_783' title='bbox 1411 5494 1470 5546; x_wconf 90' lang='lat' dir='ltr'><strong>et</strong></span> <span class='ocrx_word' id='word_1_784' title='bbox 1508 5490 1811 5548; x_wconf 81' lang='lat' dir='ltr'><strong>verborum</strong></span> 
     </span>
     <span class='ocr_line' id='line_1_112' title="bbox 168 5576 1821 5657; baseline -0.004 -14"><span class='ocrx_word' id='word_1_785' title='bbox 168 5582 509 5657; x_wconf 63' lang='lat' dir='ltr'><strong>enigmata,</strong></span> <span class='ocrx_word' id='word_1_786' title='bbox 540 5582 735 5655; x_wconf 88' lang='lat' dir='ltr'><strong>qualia</strong></span> <span class='ocrx_word' id='word_1_787' title='bbox 780 5580 962 5640; x_wconf 68' lang='lat' dir='ltr'><strong>Graeoi</strong></span> <span class='ocrx_word' id='word_1_788' title='bbox 992 5578 1264 5654; x_wconf 72' lang='lat' dir='ltr'><strong>quolibet</strong></span> <span class='ocrx_word' id='word_1_789' title='bbox 1291 5576 1651 5650; x_wconf 76' lang='lat' dir='ltr'><strong>cavillantes,</strong></span> <span class='ocrx_word' id='word_1_790' title='bbox 1684 5593 1821 5653; x_wconf 82' lang='lat' dir='ltr'><strong>par-</strong></span> 
     </span>
    </p>
   </div>
   <div class='ocr_carea' id='block_1_23' title="bbox 2001 5390 3578 5537">
    <p class='ocr_par' dir='ltr' id='par_1_25' title="bbox 2001 5390 3578 5537">
     <span class='ocr_line' id='line_1_113' title="bbox 2004 5390 3578 5468; baseline -0.006 -17"><span class='ocrx_word' id='word_1_791' title='bbox 2004 5399 2254 5468; x_wconf 74' lang='lat' dir='ltr'><strong>princeps</strong></span> <span class='ocrx_word' id='word_1_792' title='bbox 2286 5392 2602 5467; x_wconf 69' lang='lat' dir='ltr'><strong>Raynahlus</strong></span> <span class='ocrx_word' id='word_1_793' title='bbox 2643 5393 2709 5450; x_wconf 78' lang='lat' dir='ltr'><strong>de</strong></span> <span class='ocrx_word' id='word_1_794' title='bbox 2736 5409 2802 5448; x_wconf 90' lang='lat' dir='ltr'><strong>eo</strong></span> <span class='ocrx_word' id='word_1_795' title='bbox 2830 5391 2970 5464; x_wconf 77' lang='lat' dir='ltr'><strong>quod</strong></span> <span class='ocrx_word' id='word_1_796' title='bbox 2998 5395 3058 5447; x_wconf 89' lang='lat' dir='ltr'><strong>in</strong></span> <span class='ocrx_word' id='word_1_797' title='bbox 3090 5390 3318 5462; x_wconf 78' lang='lat' dir='ltr'><strong>Cyprios</strong></span> <span class='ocrx_word' id='word_1_798' title='bbox 3344 5390 3578 5445; x_wconf 85' lang='lat' dir='ltr'><strong>commi·</strong></span> 
     </span>
     <span class='ocr_line' id='line_1_114' title="bbox 2001 5465 3060 5537; baseline -0.008 -11"><span class='ocrx_word' id='word_1_799' title='bbox 2001 5472 2149 5526; x_wconf 74' lang='lat' dir='ltr'><strong>serat</strong></span> <span class='ocrx_word' id='word_1_800' title='bbox 2169 5468 2536 5537; x_wconf 72' lang='lat' dir='ltr'><strong>satisfaciens,</strong></span> <span class='ocrx_word' id='word_1_801' title='bbox 2565 5466 2619 5522; x_wconf 82' lang='lat' dir='ltr'><strong>ei</strong></span> <span class='ocrx_word' id='word_1_802' title='bbox 2646 5465 3060 5523; x_wconf 75' lang='lat' dir='ltr'><strong>reconciliatur.</strong></span> 
     </span>
    </p>
   </div>
   <div class='ocr_carea' id='block_1_24' title="bbox 2003 5567 3584 5650">
    <p class='ocr_par' dir='ltr' id='par_1_26' title="bbox 2003 5567 3584 5650">
     <span class='ocr_line' id='line_1_115' title="bbox 2003 5567 3584 5650; baseline -0.005 -15"><span class='ocrx_word' id='word_1_803' title='bbox 2003 5576 2219 5635; x_wconf 70' lang='lat' dir='ltr'><strong>Eodem</strong></span> <span class='ocrx_word' id='word_1_804' title='bbox 2261 5590 2433 5645; x_wconf 83' lang='lat' dir='ltr'><strong>auno,</strong></span> <span class='ocrx_word' id='word_1_805' title='bbox 2463 5573 2739 5633; x_wconf 86' lang='lat' dir='ltr'><strong>dominus</strong></span> <span class='ocrx_word' id='word_1_806' title='bbox 2792 5575 3111 5650; x_wconf 75' lang='lat' dir='ltr'><strong>imperator</strong></span> <span class='ocrx_word' id='word_1_807' title='bbox 3161 5567 3584 5644; x_wconf 74' lang='lat' dir='ltr'><strong>Constantino·</strong></span> 
     </span>
    </p>
   </div>
  </div>
 </body>
</html>
