3784 6000
32 5769 47 5868 -r-
31 5681 35 5686 ·

80 5797 97 5868 -.ι

104 214 225 278 293

1032 212 1232 277 uls‘r.
1278 210 1555 275 RERUM
1596 208 2129 273 TRANsuAmN.
2176 241 2254 253 —
2295 207 2448 271 Lm.
2493 206 2604 270 lu.

3390 206 3514 270 294

102 348 161 409 in
193 347 437 409 Oriente
463 349 856 409 continentur.
886 347 1185 407 Orientem
1215 355 1411 406 autem
1442 345 1753 405 Antioche·
1780 356 1840 423 Α
1868 344 2095 403 habens
2123 342 2186 401 in
2214 341 2491 411 Domino;
2522 350 2576 399 et
2605 338 2812 398 erectis
2848 337 3094 409 vexiliis,
3134 356 3276 398 suos
3297 340 3504 399 exhor·

102 456 271 508 nam,
293 441 468 512 iuxta
496 448 752 499 veterum
781 438 1503 512 auctoritatem'yocamus
1544 438 1755 495 dioece·

103 531 239 589 sim.
280 530 583 604 Habetque
622 531 824 591 Cilicia
865 532 936 588 ab
978 531 1197 589 oriente
1238 528 1640 602 Celessyriam,
1682 527 1754 584 ab

102 620 411 678 occidente
429 637 567 678 vero
591 621 872 679 Isauriam
889 639 906 692 3
928 639 963 678 a
982 619 1381 692 septentrione
1401 619 1578 675 Tauri
1596 632 1757 674 mon·

104 710 183 767 tis
200 710 393 784 juga3
422 710 499 768 ab
528 716 725 769 austro
745 726 900 781 vero,
924 726 1085 767 mare
1105 711 1436 783 cypricum,
1460 710 1580 765 sive
1609 708 1757 781 Myr-

106 807 297 859 toum.
344 803 620 862 Continet
665 813 859 861 autem
902 804 1054 861 infra
1091 820 1155 860 se
1198 802 1344 860 duos
1384 799 1753 874 metropoles,

108 894 361 952 Tarsum
395 894 685 963 videlicet,
717 894 975 953 doctoris
1003 895 1263 968 gentium
1296 894 1541 966 patriam
1570 898 1629 951 et
1656 911 1759 950 na·

105 985 221 1042 tale
263 984 647 1055 domicilium,
678 985 750 1041 de
780 1002 895 1058 qua
923 985 1092 1042 nobis
1122 985 1183 1041 in
1211 985 1484 1057 praesenti
1514 989 1606 1042 eet
1635 1002 1756 1041 ser-

108 1090 229 1144 mo,
278 1077 338 1132 et
388 1077 769 1146 Anavarzam,
808 1076 1133 1148 {utramque
1179 1092 1315 1133 cum
1365 1077 1491 1133 suls
1547 1076 1757 1133 suffra-

108 1163 318 1237 ganeis
365 1164 644 1223 urbibus:
695 1165 852 1223 unde
897 1166 1026 1220 duae
1076 1165 1271 1237 potius
1311 1166 1586 1222 dicuntur
1623 1165 1760 1222 Cili-

108 1251 233 1319 cia,
266 1253 458 1323 prima
510 1260 565 1310 et
611 1251 892 1310 secunda.
940 1253 1189 1310 Tarsum
1218 1257 1436 1319 {autem
1482 1253 1758 1312 fundasse

107 1341 330 1398 dicitur
388 1341 612 1411 Tarsis,
673 1342 967 1400 secundus
1025 1342 1281 1400 filiorum
1314 1342 1586 1414 saphan,
1650 1342 1756 1399 sslii

104 1429 344 1503 Japhet,
376 1430 485 1489 filii
533 1431 652 1490 Noe
688 1432 870 1500 tertii,
898 1432 1051 1490 sicut
1077 1436 1335 1491 veterum
1383 1433 1602 1490 habent
1636 1436 1756 1489 tra·

105 1521 387 1594 ditiones,
438 1525 497 1579 et
536 1526 882 1594 argumento
920 1526 1010 1580 eet
1039 1523 1198 1580 urbis
1232 1539 1268 1579 a
1296 1523 1575 1581 vocabulo
1614 1538 1757 1580 con-

106 1610 314 1669 ditoris
356 1612 781 1671 denominatio.
832 1614 1069 1672 Solinus
1095 1619 1291 1672 tamen
1323 1615 1395 1671 de
1424 1615 1587 1672 urbis
1615 1631 1756 1671 con-

106 1702 293 1759 ditore
320 1701 497 1759 aliter
524 1704 729 1770 sentit,
758 1704 961 1760 dicens
990 1702 1151 1777 itassin
1175 1704 1623 1777 quadragesimo
1652 1709 1757 1761 ter·

106 1792 186 1848 tio
213 1793 483 1863 capitulo
520 1793 597 1850 De
631 1793 1109 1850 memorabilibus:
1160 1794 1353 1851 Cilicia
1396 1799 1629 1851 matrem
1659 1809 1756 1849 ur-

106 1880 263 1937 bium
314 1881 483 1939 babet
541 1883 799 1952 Tarsum,
842 1900 1008 1956 quam
1063 1885 1253 1940 Danae
1296 1884 1473 1956 proles
1518 1885 1751 1940 nobilis-

101 1971 277 2027 simis
299 1976 535 2029 Perseus
561 1973 782 2030 locavit.
819 1976 981 2030 Hanc
1017 1973 1221 2030 urbem
1261 1973 1572 2030 intersecat
1608 1974 1752 2046 Cyd-

105 2076 217 2117 nus
246 2063 483 2132 amnis;
514 2061 674 2119 bunc
703 2062 803 2120 alii
830 2063 1175 2135 precipitari
1191 2064 1380 2120 Tauro
1413 2068 1628 2132 monte,
1652 2061 1750 2120 alii

106 2149 355 2208 derivari
386 2167 459 2208 ex
486 2151 652 2209 alveo
681 2151 938 2225 Hydaspi
968 2153 1352 2210 tradiderunt.
1378 2152 1441 2209 Et
1463 2157 1652 2225 potest
1674 2159 1749 2209 ta·

102 2255 235 2297 men
260 2246 585 2314 atrumque
607 2256 808 2298 verum
831 2258 981 2310 esse,
1004 2247 1061 2298 et
1086 2243 1241 2314 quod
1265 2242 1502 2299 Tharais
1524 2242 1750 2314 primus

106 2344 231 2386 eam
264 2330 615 2398 fundaverit,
646 2335 705 2388 et
724 2332 880 2403 quod
901 2333 1276 2403 postmodum
1299 2348 1427 2388 eam
1452 2347 1750 2405 reparave-

105 2420 193 2488 rit,
212 2418 309 2477 vel
329 2419 700 2491 ampliaverit
711 2420 977 2478 Perseus.
994 2421 1102 2478 Ubi
1133 2437 1265 2479 cum
1280 2422 1402 2478 dies
1412 2421 1749 2494 aliquotdo-

104 2510 303 2569 minus
318 2510 662 2567 Tancredue
678 2514 738 2567 et
758 2512 849 2568 sul
863 2513 920 2567 iu
940 2513 1143 2569 eodem
1166 2517 1635 2585 perseverassent
1655 2528 1748 2569 ne-

106 2601 281 2673 gotio,
314 2600 477 2657 cives
504 2601 576 2656 ad
606 2599 715 2658 boc
744 2600 1130 2673 compulerat,
1158 2606 1216 2657 et
1245 2601 1422 2657 minis
1442 2606 1499 2659 et
1518 2600 1750 2658 blandis

104 2689 507 2759 suasionibus,
538 2691 715 2762 quod,
746 2690 1073 2748 introducto
1102 2692 1227 2762 ejns
1256 2691 1462 2748 vexillo
1493 2699 1546 2748 et
1575 2708 1751 2764 super

106 2780 313 2837 turrim
353 2779 806 2838 eminentiorem
867 2781 1073 2850 locato,
1148 2781 1375 2852 signum
1441 2782 1752 2839 deditionis

108 2870 311 2929 lutura
342 2871 557 2928 fecisse
585 2870 948 2941 viderentur3
979 2888 1047 2928 ea
1075 2877 1272 2928 tamen
1302 2873 1656 2942 conditione,
1688 2874 1755 2930 ut

110 2977 289 3036 usque
310 2963 629 3020 adventum
653 2962 877 3021 domini
900 2962 1217 3021 Boamundi
1240 2968 1298 3022 et
1327 2964 1567 3037 majoris
1595 2980 1753 3022 exer·

111 3053 283 3121 citus,
305 3069 411 3110 eos
431 3058 798 3111 conservaret
814 3054 1123 3111 indemnes
1148 3073 1162 3123 ;
1188 3070 1294 3111 nec
1315 3072 1349 3111 a
1374 3055 1624 3127 propriis
1649 3057 1751 3112 do·

110 3141 345 3199 miciliis
379 3142 612 3201 interim
657 3143 1004 3216 demigrare,
1038 3147 1136 3201 sut
1162 3161 1271 3202 sua
1301 3146 1566 3202 deserere
1615 3162 1756 3216 prai-

110 3231 203 3288 dia
248 3230 475 3288 invitos
504 3232 902 3303 compelleret;
945 3233 1058 3306 ipsi
1107 3239 1303 3291 autem
1353 3234 1542 3291 eidem
1591 3235 1767 3292 adve-

120 3319 327 3390 nienti,
380 3320 589 3377 urbem
620 3320 747 3378 sine
796 3321 1135 3379 difficultate
1164 3324 1567 3396 resignarent:
1606 3322 1765 3398 quod

119 3409 365 3468 verbum
393 3409 636 3467 domino
674 3411 969 3469 Tancredo
1001 3411 1215 3469 bonum
1253 3414 1445 3470 visum
1477 3417 1567 3471 est
1592 3423 1648 3472 et
1675 3430 1769 3470 ac-

123 3505 383 3573 ceptum.
418 3501 556 3556 Erat
581 3507 773 3557 autem
804 3502 1076 3572 praedicta
1104 3503 1324 3570 civitas,
1364 3503 1517 3561 sicut
1545 3508 1602 3560 et
1629 3503 1767 3560 reli-

126 3605 237 3662 qua
260 3589 547 3646 universa
565 3589 743 3663 regio.
765 3590 1126 3648 Christianos
1145 3591 1368 3648 habens
1390 3592 1767 3663 habitatores,

125 3681 423 3737 Armenoc
461 3678 730 3737 videlicet
761 3684 819 3737 et
845 3681 1091 3750 Graecos,
1123 3681 1636 3756 exceptissffpaucis,
1670 3681 1771 3755 qui

128 3784 303 3826 usum
323 3774 387 3826 et
408 3768 808 3826 auctoritatem
848 3769 1130 3828 babentes
1161 3770 1401 3839 militiae,
1434 3772 1772 3829 munitioni·

126 3859 236 3916 bus
264 3862 580 3932 preerant,
608 3858 888 3931 populum
917 3860 1173 3918 violenta
1217 3862 1614 3918 dominatione
1643 3878 1772 3933 pre-

128 3955 393 4017 mentem
426 3947 701 4006 fidelibus
730 3954 926 4007 autem
960 3950 1210 4007 militare
1239 3968 1354 4008 nou
1397 3952 1773 4024 permitteba-

130 4041 249 4105 tur,
276 4037 383 4096 sed
414 4037 907 4112 negotiationibus
931 4044 987 4096 et
1016 4040 1385 4112 agriculturae
1406 4040 1621 4097 dabant
1644 4056 1779 4110 ope·

134 4143 282 4184 nm.
312 4128 547 4185 Interea
572 4128 850 4185 dominus
883 4128 1202 4187 balduinus
1234 4130 1398 4188 ducis
1423 4131 1619 4198 frater,
1640 4146 1775 4186 cum

136 4214 227 4272 bis
244 4215 351 4288 qui
372 4231 575 4274 secum
594 4219 966 4289 advenerant,
987 4219 1154 4276 devia
1176 4223 1436 4286 secutus,
1459 4217 1778 4275 amximam

138 4303 321 4363 victus
350 4305 672 4379 pertulerat
697 4307 980 4381 inopiam,
1012 4310 1371 4381 tandemque
1400 4317 1529 4381 post
1562 4307 1780 4365 multos

140 4411 401 4454 errorum
431 4396 713 4454 circuitus
743 4398 804 4454 in
838 4400 1055 4456 montis
1083 4399 1361 4456 verticem
1391 4415 1534 4455 casu
1563 4415 1627 4456 se
1652 4414 1786 4455 con·

1860 435 2080 492 tatione
2127 434 2528 502 corroborans,
2587 430 2851 503 procedit
2896 430 3345 488 advenientibus
3397 432 3507 488 ob·

1861 525 2038 583 viam.
2062 527 2382 595 Postquam
2401 538 2530 578 vero
2547 520 2824 593 utrinque
2838 524 3043 579 mutuo
3061 521 3174 577 sibi
3195 535 3502 578 occurren-

1860 616 1949 671 tes
1979 618 2036 669 et
2063 612 2540 683 comtemplantes
2558 627 2618 669 se
2634 613 2704 668 de
2723 611 2936 681 vicino,
2958 628 3122 668 arma
3142 611 3505 683 cognoscunt

1860 720 1978 762 non
1998 718 2127 761 esse
2146 701 2397 773 hostilia,
2416 701 2801 758 confidentius
2816 699 3176 766 accedentes,
3195 700 3255 756 in
3275 704 3508 759 mutuos

1861 797 2041 851 ruunt
2069 791 2408 865 amplexus;
2437 795 2494 848 et
2528 802 2653 864 post
2680 795 2879 864 gratas
2910 791 2984 846 ad
3019 790 3266 847 invicem
3297 792 3503 848 confa-

1860 883 2212 949 bulationes,
2263 882 2490 952 junctis
2531 879 2866 953 agminibus
2897 878 2969 935 ad
3002 879 3202 936 urbem
3233 884 3500 952 redeunt,

1862 973 2225 1031 obsidionem
2268 971 2681 1028 continuaturi.
2725 969 2832 1026 Ubi
2865 986 2899 1026 a
2939 968 3176 1025 domino
3204 968 3504 1027 Tancredo

1864 1064 2115 1120 multum
2147 1061 2513 1134 hospitaliter
2542 1064 2601 1117 et
2630 1059 2800 1131 plena
2828 1059 3108 1115 charitate
3137 1057 3410 1131 suscepti,
3434 1058 3506 1116 de

1857 1155 2133 1227 gregibus
2163 1157 2218 1210 et
2248 1150 2544 1220 armentis,
2578 1166 2702 1222 quae
2741 1149 2813 1204 de
2861 1148 3164 1218 adjacente
3194 1152 3502 1205 contraxe-

1861 1248 1952 1300 rat
1980 1243 2233 1316 regione,
2277 1241 2580 1298 honestum
2633 1255 2696 1296 ea
2745 1245 2912 1295 nocte
2943 1235 3272 1294 habuerunt
3302 1236 3505 1295 convi-

1864 1349 2047 1391 vium.

2485 1434 2722 1493 CAPUT
2778 1433 2904 1491 XX.

1860 1531 2169 1589 Balduinus
2206 1527 2472 1586 Tancredi
2499 1526 2766 1583 vexillum
2797 1525 2863 1581 de
2894 1539 3019 1580 arce
3056 1522 3296 1580 civitatis
3333 1522 3500 1595 dejici

1931 1605 2206 1668 mandat:
2247 1618 2407 1657 suum
2446 1598 2652 1654 ibidem
2700 1599 2859 1653 locat.
2901 1595 3206 1652 Tanos-edus
3240 1595 3504 1666 indignu-

1934 1680 2022 1731 tus
2049 1675 2269 1731 recedit.
2303 1672 2491 1743 Guelso
2513 1670 2775 1726 adamam
2803 1674 3050 1740 occupat.

1937 1786 2101 1840 Mane
2130 1786 2327 1839 autem
2363 1780 2529 1843 sacto,
2562 1778 2822 1833 videntes
2867 1775 3142 1832 dominus
3185 1774 3508 1832 Balduinus

1862 1878 1921 1932 et
1951 1872 2051 1946 qui
2083 1887 2216 1928 cum
2248 1886 2314 1927 co
2352 1872 2519 1926 erant
2556 1865 2780 1922 domini
2819 1864 3094 1921 Tancredi
3135 1863 3413 1921 vexillum
3447 1864 3508 1919 in

1861 1963 2159 2037 superiore
2205 1959 2457 2017 civitatis
2498 1973 2629 2013 arce
2668 1957 2943 2022 locatum,
2981 1953 3211 2010 invidie
3243 1953 3504 2011 stimulis

1861 2053 2086 2127 agitati,
2109 2047 2486 2124 professionis
2505 2047 2880 2102 immemores
2911 2044 3068 2116 (qua,
3099 2041 3259 2099 velut
3289 2042 3504 2100 uterini

1861 2145 2086 2208 fratres,
2114 2144 2330 2213 quanto
2361 2143 2620 2209 tempore
2649 2136 3033 2202 incesserant,
3055 2132 3339 2189 habentes
3361 2147 3501 2190 una-

1858 2231 2189 2289 nimitatem
2220 2229 2463 2300 spiritus
2484 2226 2543 2282 in
2564 2223 2793 2281 vinculo
2815 2221 2995 2295 pacis,
3021 2221 3114 2278 usi
3150 2221 3398 2293 fuerant,
3440 2229 3499 2280 et

1857 2329 2135 2396 perpetuo
2147 2320 2523 2376 decreverant
2536 2313 2840 2381 utendum,
2857 2311 3144 2383 indignati
3162 2321 3298 2368 sunt
3313 2312 3493 2384 quod,

1855 2414 1940 2470 eis
1971 2408 2373 2484 presentibus,
2407 2407 2507 2479 qui
2539 2404 2723 2461 multo
2756 2401 3018 2460 fortiores
3048 2408 3103 2458 et
3133 2404 3378 2473 maiores
3401 2403 3507 2458 ha·

1857 2503 2062 2558 berent
2084 2498 2300 2571 copias,
2333 2496 2507 2568 signa
2536 2511 2644 2551 sua
2673 2492 2733 2548 in
2765 2490 2971 2547 urbem
3001 2490 3317 2547 immittere
3348 2507 3498 2562 prae·

1856 2594 2228 2665 sumpsisset.
2263 2589 2547 2646 Dominus
2576 2602 2710 2643 vero
2731 2586 3072 2642 Tancredus
3093 2601 3317 2654 eorum,
3346 2585 3498 2642 sicut

1858 2685 2159 2741 modestus
2203 2684 2345 2746 erat,
2394 2676 2858 2748 indignationem
2920 2675 3186 2741 mitigare
3233 2675 3496 2747 cupiens,

1860 2773 2149 2847 allegabat
2168 2770 2322 2844 quod
2344 2769 2563 2839 dejejus
2584 2766 2790 2823 vexillo
2812 2766 3030 2823 factum
3055 2765 3245 2822 fuerat
3266 2765 3510 2825 minime

1858 2864 1920 2920 in
1954 2877 2157 2919 eorum
2191 2858 2522 2916 redundare
2543 2856 2929 2930 ignominiam
2951 2874 2966 2925 ς
2990 2871 3128 2912 nam
3150 2860 3285 2914 ante
3304 2871 3507 2913 eorum

1848 2951 2176 3018 ,adventum
2207 2952 2266 3006 et
2290 2947 2568 3005 adventus
2597 2961 2763 3019 spem
2786 2945 3072 3019 aliquam,
3093 2961 3193 3003 eas
3214 2958 3348 3003 cum
3367 2941 3510 2999 civi-

1868 3041 1978 3096 bus
2001 3040 2060 3096 in
2091 3039 2305 3094 virtute
2336 3056 2444 3095 sua
2465 3037 2798 3098 obtinuerat
2817 3029 3198 3088 conditiones.
3229 3031 3515 3090 Dominus

1870 3135 2068 3186 autem
2117 3128 2952 3203 hiduinum-suggerentibus
2995 3132 3192 3200 sociis,
3237 3137 3294 3190 et
3338 3131 3412 3189 ad
3454 3131 3515 3189 id

1873 3238 1979 3294 pro
2017 3237 2186 3293 posse
2234 3222 2669 3295 instigantibus,
2719 3241 2911 3281 causae
2957 3226 3230 3283 meritum
3279 3240 3394 3282 non
3425 3225 3519 3282 di-

1871 3312 2208 3385 stinguens;
2240 3314 2338 3369 sed
2372 3324 2577 3384 preter
2602 3314 2867 3371 debitum
2897 3332 3004 3373 suo
3034 3318 3247 3373 ductus
3276 3315 3513 3389 spiritu,

1873 3404 2063 3460 verbis
2076 3405 2420 3475 procacibus
2432 3407 2736 3464 dominum
2755 3410 3106 3467 exacerbans
3120 3409 3510 3476 Tancredum,

1876 3509 2000 3550 rem
2029 3509 2096 3550 eo
2125 3500 2469 3568 arroganter
2512 3497 2774 3570 deduxit,
2825 3504 2890 3555 ut
2936 3516 3081 3571 pene
3127 3516 3289 3556 arma
3336 3499 3398 3554 in
3451 3513 3515 3554 se

1877 3587 2558 3659 converterenthtragem
2592 3596 2857 3646 mutuam
2881 3594 3211 3660 operantes.
3245 3588 3522 3644 Factum-

1878 3689 1994 3744 que
2022 3681 2112 3732 est
2142 3685 2201 3731 ut
2231 3676 2460 3732 civibus
2490 3677 2563 3731 ad
2587 3693 2646 3733 se
2668 3679 2887 3735 vocatis
2907 3679 3140 3749 publice
3163 3678 3520 3748 minaretur3

1879 3763 2031 3833 quod
2066 3762 2180 3818 nisi
2211 3762 2495 3821 'l'ancredi
2524 3765 2819 3822 vexillium
2853 3767 3231 3838 deponerent,
3262 3769 3321 3821 et
3341 3779 3516 3820 suum

1879 3851 2006 3907 loco
2047 3850 2204 3908 illius
2247 3854 2551 3926 erigerent,
2593 3855 2773 3912 invito
2803 3872 2870 3911 eo
2902 3857 3003 3928 qui
3033 3856 3119 3912 eis
3150 3853 3522 3911 securitatem

1884 3942 2250 4014 promiserat,
2284 3945 2485 4000 urbem
2524 3949 2582 4001 et
2610 3945 2951 4003 suburbana
2981 3947 3041 4001 in
3068 3961 3282 4019 gyrum
3324 3943 3525 4000 omnia

1883 4032 2136 4090 tarderet
2180 4034 2544 4092 exterminio.
2598 4035 2874 4094 videntes
2933 4054 3103 4109 porro
3161 4036 3316 4094 cives
3363 4033 3519 4108 quod

1884 4122 2154 4180 Balduini
2203 4123 2390 4182 multo
2442 4125 2695 4197 majores
2740 4132 2932 4183 essent
2975 4127 3178 4200 copioe,
3226 4131 3287 4183 et
3333 4126 3521 4182 virtus

1882 4211 2055 4286 longe
2084 4215 2471 4287 prestantior,
2501 4217 2609 4273 sub
2638 4216 2860 4274 eisdem
2883 4218 3316 4276 conditionibus
3345 4220 3404 4274 et
3433 4231 3534 4288 pa-

1888 4307 2113 4360 ctorum
2145 4304 2353 4373 forma,
2385 4323 2562 4378 quam
2595 4309 2760 4381 prius
2787 4310 3027 4365 domino
3055 4307 3357 4366 Tancredo
3382 4305 3539 4379 pepi·

1887 4400 2113 4466 gerant,
2158 4394 2383 4467 deJ‘ecto
2424 4396 2636 4469 priore,
2668 4398 2890 4456 domini
2928 4398 3064 4455 Bald
3078 4400 3203 4456 uini
3235 4398 3297 4454 in
3326 4395 3535 4454 eadem

142 4483 298 4542 tulit·
330 4485 489 4544 unde
517 4486 842 4560 subjectam
883 4487 1093 4546 Ciliciae
1125 4489 1446 4562 regionem,
1479 4504 1614 4546 cum
1650 4488 1776 4546 suis
1806 4467 1853 4534 D
1885 4499 2015 4540 arce
2063 4483 2397 4543 locaverunt
2441 4487 2730 4545 vexillum.
2794 4488 2961 4554 Quod
3007 4490 3212 4546 videns
3261 4486 3538 4543 dominus

142 4574 388 4632 urbibus
432 4591 623 4649 usque
662 4576 738 4633 ad
790 4592 947 4635 mare
987 4577 1528 4649 prospectu·=libero
1590 4579 1787 4649 posset

146 4665 375 4722 intueri.
406 4666 542 4734 Qui,
590 4670 902 4739 postquam
930 4667 1082 4725 circa
1125 4668 1376 4725 Tarsum
1422 4672 1613 4725 castra
1657 4683 1784 4725 esse

146 4754 435 4827 cognovit,
484 4755 745 4812 bostium
807 4764 960 4814 ratus
1010 4756 1408 4829 tabernacula,
1453 4758 1564 4814 iter
1611 4772 1782 4815 suum

148 4840 308 4913 eoepii
346 4839 570 4898 babere
620 4846 990 4915 suspectum;
1040 4844 1288 4917 experiri
1330 4849 1529 4902 tamen
1564 4843 1783 4915 volens,

149 4929 311 5000 cnjus
336 4935 499 4987 esset
525 4929 629 4988 illa
656 4932 834 5005 regio,
881 4937 938 4990 et
976 4935 1145 5004 cujus
1175 4937 1387 5002 castra,
1420 4950 1551 5006 quie
1580 4935 1653 4991 de
1700 4950 1787 4991 re·

152 5023 303 5076 moto
336 5027 744 5094 conspexerat,
802 5022 1176 5080 animositate
1231 5023 1418 5087 solita,
1450 5039 1582 5080 cum
1626 5022 1789 5080 omni

152 5125 251 5166 suo
278 5110 569 5168 comitatu
608 5113 681 5168 ad
714 5114 1070 5186 campestria
1100 5114 1496 5170 descenderat.
1531 5120 1603 5171 At
1653 5131 1787 5171 vero

152 5203 427 5260 dominus
474 5203 832 5270 Tancredus,
882 5207 1264 5276 praemonitus
1303 5206 1375 5262 ab
1406 5206 1497 5263 his
1536 5222 1681 5279 quos
1729 5211 1789 5265 in

153 5292 401 5363 speculis
430 5292 877 5351 sublimioribus
919 5294 1228 5363 locaverat,
1269 5295 1520 5353 hostium
1575 5311 1789 5367 prisca-

152 5395 289 5438 vens
326 5382 603 5452 iusidias,
647 5383 834 5440 socios
862 5401 1208 5457 convocans,
1239 5401 1404 5441 arma
1432 5384 1704 5457 corripit:
1736 5388 1794 5442 et

156 5467 410 5530 hostium
442 5477 607 5531 ratus
637 5473 896 5547 agmina,
927 5489 1060 5547 quai
1092 5474 1220 5532 urbi
1266 5473 1483 5532 vellent
1528 5474 1793 5533 subsidia

154 5561 505 5627 ministrare.
552 5563 808 5622 occurrit
862 5564 950 5621 eis
1004 5564 1450 5637 imperterritus,
1519 5563 1793 5622 fiduciam

1892 4574 2253 4645 Tancredus,
2283 4580 2446 4634 tanta
2473 4578 2754 4634 confusus
2778 4578 3014 4650 injuria,
3038 4578 3244 4634 merito
3265 4575 3539 4645 concepit

1893 4663 2390 4737 indignationem;
2418 4668 2520 4723 sed
2551 4667 2781 4724 saniore
2809 4666 3076 4735 consilio,
3109 4670 3168 4723 ct
3195 4665 3292 4739 pia
3322 4664 3532 4735 longa·

1895 4753 2186 4826 nimitate,
2216 4761 2441 4813 motum
2471 4758 2649 4814 animi
2681 4762 3035 4829 temperans,
3068 4756 3281 4812 timens
3321 4769 3395 4810 ne
3432 4767 3532 4825 pe-

1895 4842 2145 4901 riculosa
2174 4846 2349 4902 nimis
2378 4847 2530 4903 inter
2551 4846 2813 4903 fidelium
2845 4848 2998 4903 acies
3018 4845 3268 4902 oriretur
3295 4843 3535 4901 dissen-

1896 4933 2007 4999 sio,
2039 4932 2248 4989 solutis
2276 4935 2503 5004 castris,
2532 4935 2602 4991 ad
2637 4937 2840 4991 urbem
2872 4935 3148 5005 vicinam,
3198 4933 3293 4990 cui
3327 4949 3538 4992 nomen

1895 5023 2120 5089 Adana,
2150 5039 2213 5079 se
2241 5023 2506 5079 contulit.
2541 5025 2630 5079 Ad
2662 5040 2840 5095 quam
2887 5025 3251 5097 perveniens,
3285 5041 3403 5083 non
3449 5028 3543 5082 est

1899 5114 2222 5185 permissus
2252 5114 2520 5170 introire:
2553 5115 2889 5173 obtinuerat
2930 5116 3089 5173 enim
3138 5117 3401 5173 eamdem
3448 5116 3536 5172 ci·

1899 5206 2136 5261 vitatem
2180 5204 2420 5276 quidam
2468 5202 2693 5274 Guell'o,
2745 5206 2978 5262 natione
3023 5205 3384 5278 Burgundio,
3428 5205 3538 5275 qui

1900 5311 2034 5351 cum
2067 5294 2195 5351 aliis
2225 5310 2259 5350 a
2297 5295 2516 5366 majore
2552 5294 2777 5351 divisus
2806 5297 3082 5366 exercitu,
3130 5298 3327 5352 turbas
3375 5309 3540 5353 seor-

1900 5400 2034 5441 sum
2082 5388 2363 5453 traxerat;
2414 5389 2472 5441 et
2500 5384 2571 5441 ad
2620 5384 2909 5442 civitatem
2954 5384 3118 5441 illam
3159 5400 3299 5441 casu
3332 5399 3536 5458 perve-

1902 5475 2091 5543 niens,
2122 5473 2322 5545 ejectis
2352 5474 2486 5532 inde
2512 5474 2833 5532 Tui-corum
2862 5474 3063 5548 copiis,
3095 5492 3223 5533 eam
3257 5476 3543 5537 violenter

1902 5568 2306 5638 occupaverat.
2353 5565 2612 5622 Audiens
2641 5565 2823 5639 igitur
2867 5565 3140 5625 domiuus
3183 5566 3539 5643 Tancredus,
