3784 6000
193 258 261 317 17
1693 252 2129 318 EPISTOLAE.

3543 218 3624 321 is

538 592 889 751 ARN
904 592 1295 752 ULFI
1395 593 2477 758 LEXOVIENSIS
2568 596 3293 759 EPISOOPI

1605 884 2224 1004 EPISTOLAE

184 1123 277 1179 AD
307 1121 703 1182 flmmeum
747 1122 797 1181 11
828 1123 1077 1182 REGEM
1106 1122 1413 1193 ANGLIAE,
1445 1125 1503 1183 S.
1538 1123 1855 1183 'monam
1904 1125 2520 1184 ARCHIEPISCOPUM
2553 1127 3184 1200 CANTUARIENSEM,
3229 1131 3324 1188 ΕΤ
3373 1132 3588 1192 Amos

840 1278 884 1335 Ε
910 1276 1088 1335 codice
1115 1293 1220 1334 mr.
1252 1277 1351 1350 qui
1378 1276 1441 1335 in
1458 1277 1686 1351 colteqio
1716 1280 1775 1339 S.
1804 1279 2035 1338 loannis
2065 1282 2338 1352 Baptistae
2369 1281 2668 1339 oxoniensi
2689 1285 2960 1341 servatur.

334 1747 653 1799 ram-Ario,
681 1746 752 1787 sn
791 1745 1055 1786 summust
1083 1744 1408 1788 anemone.
1440 1744 1689 1788 noa-flou.

240 1820 549 1893 Epistolas
565 1834 692 1891 quae
710 1819 1029 1891 aliquando
1049 1818 1302 1876 diversis
1321 1835 1357 1874 a
1379 1835 1471 1876 me
1492 1824 1634 1876 sunt
1655 1818 1838 1876 desti-

180 1915 323 1965 natae
351 1908 632 1982 personis
661 1907 722 1964 in
752 1906 1020 1965 libellum
1049 1907 1262 1981 redigi,
1294 1911 1513 1980 tuoque
1544 1907 1834 1967 desiderio

180 1998 442 2072 postulas
492 1997 778 2055 exhiberi.
812 1996 1248 2070 Aequievissem
1298 1995 1601 2066 libentius,
1634 1998 1685 2054 si
1715 1996 1834 2054 sci·

186 2105 303 2144 rem
338 2089 493 2161 quod
531 2103 634 2144 eas
662 2103 820 2144 esses
850 2086 1012 2158 quasi
1040 2086 1319 2143 furtivum
1352 2084 1576 2157 aliquid
1606 2085 1836 2143 babitu-

183 2195 299 2247 rns,
331 2178 475 2250 quia
506 2177 569 2233 in
600 2177 789 2234 lucem
821 2174 1050 2249 prodire
1080 2175 1328 2249 propriae
1375 2173 1833 2244 imperfectionis

182 2266 543 2324 conscientia
589 2282 707 2322 non
756 2271 1141 2339 praesumunt.
1174 2264 1377 2321 Timeo
1424 2263 1603 2332 enim,
1637 2264 1689 2320 si
1719 2279 1829 2336 pu-

176 2355 347 2413 blicis
399 2359 768 2429 exponentur
814 2352 1172 2426 aspectibus,
1205 2369 1277 2411 ne
1307 2352 1581 2409 lectorem
1602 2352 1829 2424 ‚ieiunae

179 2447 394 2502 macies
439 2446 725 2503 orationis
758 2443 1038 2516 offendat,
1071 2443 1339 2516 mihique
1367 2443 1440 2500 ad
1477 2440 1827 2514 jactantiam

179 2537 489 2608 reputetur
514 2533 714 2603 editio,
746 2549 927 2607 quam
969 2537 1163 2591 tamen
1195 2548 1310 2589 non
1342 2532 1524 2589 fastus
1571 2534 1827 2589 ostenta·

179 2626 353 2684 tionis
384 2627 610 2698 elicuit,
642 2627 745 2686 sed
777 2625 1059 2685 instantia
1085 2628 1201 2684 tuae
1231 2625 1529 2684 charitatis
1559 2624 1823 2683 extorsit.

178 2715 557 2775 Decreveram
586 2732 685 2775 eas
717 2716 932 2775 futuris
963 2733 1080 2774 non
1123 2733 1416 2775 reservare
1446 2714 1822 2789 temporibus,

178 2806 273 2863 sed
293 2808 460 2865 omni
484 2806 754 2881 protinus
790 2806 1061 2865 abdicare
1101 2806 1402 2874 memoria,
1428 2806 1562 2878 quia
1588 2821 1704 2862 uon
1728 2822 1824 2862 sa-

177 2897 245 2952 tis
262 2896 352 2957 ‚de
374 2895 541 2953 cultu
567 2896 879 2967 sermonis,
901 2895 988 2953 vel
1010 2896 1423 2955 sententiarum
1447 2893 1655 2968 peritia
1685 2911 1821 2952 con-

1862 1647 1920 1714 Α
1949 1639 2231 1699 instantia
2249 1641 2603 1715 pontificalis
2624 1643 2802 1700 officii
2823 1659 2941 1700 non
2963 1647 3081 1702 tam
3101 1641 3308 1716 figuris
3329 1643 3605 1703 elocutio-

1950 1745 2091 1786 num
2138 1747 2316 1804 quam
2364 1732 2543 1789 saluti
2574 1733 2854 1807 prospicit
2890 1733 3245 1791 animarum.
3277 1732 3592 1793 Verumta-

1950 1835 2106 1889 men,
2156 1820 2208 1876 si
2254 1821 2608 1895 quandoque
2654 1838 2749 1880 me
2793 1821 2883 1880 vel
2943 1822 3263 1881 reverentia
3321 1836 3582 1895 persona

1946 1909 2037 1967 vel
2067 1911 2288 1984 negotii
2310 1914 2617 1985 quantitas
2641 1914 2928 1986 protrahit
2947 1916 3018 1971 ad
3044 1915 3445 1983 scribendam,
3465 1931 3595 1975 om-

1945 1999 2043 2057 nia
2073 1999 2219 2056 mihi
2251 2016 2385 2057 cum
2412 2000 2758 2059 difficultate
2777 2003 3145 2074 proveniunt,
3168 2019 3302 2060 cum
3325 2008 3383 2060 et
3414 2002 3589 2061 bebe-

1944 2087 2152 2145 tiorem
2207 2093 2477 2145 senectus
2525 2090 2732 2146 reddat
2779 2096 2839 2146 et
2890 2091 3200 2147 insolentia
3251 2092 3582 2149 tardiorem.

1943 2177 2111 2234 Mitto
2140 2178 2339 2251 itaque
2383 2179 2535 2251 quod
2581 2178 2903 2251 postulanti
2952 2195 3160 2249 negare
3207 2196 3322 2236 non
3370 2180 3580 2253 audeo,

1940 2267 2210 2340 sciasque
2229 2284 2344 2323 non
2368 2267 2628 2325 exbiberi
2651 2269 2864 2339 judici,
2880 2268 2981 2326 sed
3004 2267 3214 2337 amico,
3231 2270 3388 2341 apud
3411 2286 3585 2343 quem

1939 2357 2125 2430 gratia
2172 2356 2364 2428 potius
2410 2357 2806 2430 patrocinetur
2855 2358 2927 2415 ad
2973 2357 3229 2430 veniam,
3259 2373 3435 2430 quam
3483 2375 3582 2418 ex·

1939 2447 2122 2505 actior
2152 2447 2356 2520 peritia
2389 2449 2628 2505 reducat
2655 2449 2727 2505 ad
2759 2450 3033 2507 formam.

2232 2643 2305 2683 An
2335 2643 2604 2684 nominum
2635 2644 2829 2685 raram
2858 2644 3262 2687 οοεικετικυι.

2006 2715 2254 2774 Sustulit
2300 2716 2488 2773 virum
2536 2718 2804 2791 gloriosae
2844 2719 3133 2776 memorias
3171 2719 3578 2777 Innocentium

1933 2822 2145 2881 papam
2193 2807 2510 2863 necessitas
2550 2807 2826 2865 humsnae
2879 2808 3234 2866 conditionis
3282 2824 3313 2866 e
3359 2808 3574 2883 medio,

1931 2896 2099 2966 cujus
2141 2895 2396 2953 Ecclesia
2425 2896 2526 2953 Dei
2556 2896 2796 2954 liberata
2839 2897 3173 2970 triumphis,
3208 2899 3377 2969 quus
3404 2898 3574 2955 ador·

178 2986 450 3045 fidebam.
484 2985 715 3044 Mallem
762 2986 1060 3060 siquidem
1106 3002 1200 3043 eas
1253 2983 1508 3043 tenebris
1552 2984 1821 3042 damasso
1851 2997 1901 3065 Β
1932 2988 2070 3043 nata
2098 2985 2434 3055 virtutibus,
2451 2987 2624 3059 cujus
2654 2987 2904 3060 denique
2937 2987 3366 3061 magnificentia
3387 2988 3575 3046 fuerat

174 3078 531 3151 perennibus
560 3093 738 3151 quam
755 3076 985 3135 ridendi
1007 3075 1308 3133 materiam
1340 3073 1575 3132 invidias
1596 3074 1820 3147 praesti·

179 3166 335 3236 tisse,
362 3183 494 3240 quaa
523 3182 592 3223 eo
633 3166 901 3224 securius
942 3164 1133 3223 aliena
1160 3165 1504 3233 subsannat,
1535 3163 1675 3237 quia
1715 3181 1824 3221 sua

176 3257 348 3314 simili
399 3256 660 3329 periculo
707 3273 824 3313 non
869 3256 1121 3329 exponit.
1154 3254 1282 3313 Non
1311 3256 1465 3311 enim
1498 3255 1685 3311 eaeteri
1719 3271 1822 3311 nos

176 3348 255 3405 vel
298 3353 510 3405 nostra
533 3348 654 3404 tuis
683 3346 870 3405 oeulis
908 3346 1253 3415 intuentur;
1287 3362 1322 3402 a
1363 3361 1478 3419 quo
1507 3344 1557 3401 si
1588 3343 1729 3418 quid
1761 3344 1821 3400 in

176 3439 339 3497 nobis
372 3440 601 3496 bouum
632 3441 737 3508 est,
767 3437 1178 3511 magnificatur
1205 3436 1508 3509 attentius,
1523 3438 1582 3492 et
1610 3435 1824 3507 imper-

179 3529 405 3587 fectioni
456 3527 634 3589 venia
680 3527 871 3585 facilis
915 3526 1277 3600 indulgetur.
1307 3526 1502 3582 Animi
1535 3523 1821 3597 siquidem

176 3636 397 3687 eorum,
430 3635 587 3692 quos
610 3618 725 3675 odii
747 3617 860 3674 sibi
881 3616 969 3675 vel
990 3615 1218 3674 invidias
1239 3614 1554 3673 vindicavIt
1573 3613 1820 3686 affectio,

176 3712 327 3767 sicut
359 3708 790 3781 benignitatem
822 3705 1198 3779 indulgentias
1234 3705 1526 3774 nesciunt,
1546 3704 1633 3762 sic
1655 3705 1824 3761 ratio-

176 3801 261 3857 nis
285 3800 591 3872 judicium
636 3814 751 3856 non
782 3797 1100 3872 attingunt,
1130 3795 1230 3854 sed
1264 3795 1459 3852 omnia
1500 3795 1824 3853 metiuntur

176 3888 506 3955 affectibus,
540 3886 689 3943 nihil
720 3901 827 3943 sua
865 3885 1209 3942 meritorum
1241 3882 1673 3940 aestimationue
1701 3885 1823 3939 tax-

178 3984 363 4035 antes.
405 3977 525 4050 Ego
554 3975 751 4049 itaque
776 3974 1058 4033 voluntati
1089 3977 1202 4030 tuae
1232 3974 1438 4031 deesse
1468 3988 1585 4031 non
1610 3972 1821 4041 audeo,

178 4086 244 4126 ne
262 4065 840 4125 forteverecundiam
863 4065 1277 4139 negligentiam
1301 4068 1493 4137 putes,
1508 4062 1649 4137 quia
1668 4063 1823 4120 sicut

178 4158 412 4215 alternis
456 4156 717 4213 amicitia
768 4155 1116 4212 convalescit
1161 4152 1482 4225 obsequiis,
1514 4154 1599 4209 sic
1640 4153 1823 4208 alter-

182 4249 363 4304 utrius
414 4246 649 4305 incuria
695 4246 1037 4318 procedente
1065 4245 1313 4301 laxatur.
1344 4244 1588 4299 Summo
1627 4242 1823 4313 itaque

1928 3076 2266 3144 sublimata,
2292 3077 2393 3149 qui
2415 3092 2539 3134 eam
2572 3076 2896 3135 humilibus
2918 3076 3285 3150 placabilem,
3302 3077 3571 3149 tyrannis

1929 3175 2124 3224 autem
2154 3166 2579 3224 formidabilem
2602 3169 2871 3238 reddens,
2899 3172 3120 3241 quanto
3141 3167 3275 3241 plus
3298 3167 3568 3241 pravitati

1928 3256 2164 3315 terroris
2212 3255 2509 3325 intulerat,
2553 3261 2714 3313 tanto
2771 3257 3037 3330 religioni
3105 3257 3241 3330 plus
3306 3256 3573 3315 exhibuit

1928 3346 2250 3404 charitatis.
2268 3347 2432 3412 Quod
2447 3362 2587 3404 sane
2604 3351 2725 3404 tam
2738 3347 3019 3420 regularis
3044 3347 3368 3420 discipliuae
3387 3361 3567 3420 quam

1930 3435 2261 3493 monasticis
2285 3436 2587 3508 religionis
2611 3441 2914 3509 provectus
2933 3436 3354 3506 ostendit‚eum
3378 3436 3570 3494 civita·

1928 3528 2014 3581 tes
2060 3528 2116 3580 et
2160 3523 2399 3581 castella
2446 3526 2666 3596 passim
2713 3541 2818 3597 pre
2865 3525 3246 3584 saecularibus
3276 3525 3570 3599 regulares

1927 3612 2169 3671 clericos
2215 3613 2498 3682 habeant,
2547 3617 2606 3671 et
2641 3615 2870 3672 deserta
2917 3630 3166 3687 quaeque
3215 3615 3347 3688 plus
3397 3614 3570 3673 hodie

1927 3702 2348 3760 monachorum
2379 3719 2556 3776 quam
2605 3703 2861 3761 ferarum
2913 3706 3212 3775 quondam
3232 3704 3574 3762 habuerunt

1928 3791 2271 3850 bestiarum.
2305 3791 2372 3850 In
2402 3800 2587 3850 morte
2624 3792 2800 3866 igitur
2828 3793 2957 3863 eJus
2986 3808 3149 3865 spem
3202 3791 3314 3849 sibi
3361 3788 3572 3847 redivi-

1929 3897 2057 3939 vam
2089 3886 2367 3953 posuerat
2395 3880 2702 3953 desperata
2729 3879 3091 3952 malignitas,
3115 3882 3180 3936 ut
3207 3883 3347 3937 tunc
3368 3878 3444 3936 ad
3463 3892 3571 3935 ne·

1928 3971 2108 4028 farios
2157 3971 2340 4028 libere
2369 3975 2617 4027 conatus
2642 3972 2975 4040 erumperet
3018 3972 3078 4025 et
3107 3969 3330 4025 statum
3360 3967 3573 4037 trium·

1926 4059 2166 4133 phantis
2196 4060 2255 4116 in
2304 4056 2578 4115 omnibus
2607 4057 2878 4116 Ecclesiae
2923 4058 3313 4116 conculcaret.
3337 4058 3412 4114 At
3440 4072 3572 4116 vero

1928 4149 1990 4206 in
2038 4146 2402 4220 promotione
2444 4150 2655 4215 vestra,
2702 4148 2873 4220 quasi
2920 4149 3179 4222 quodam
3226 4148 3420 4205 statim
3449 4148 3572 4204 lan·

1927 4252 2129 4312 guore,
2161 4254 2298 4312 spes
2341 4237 2599 4311 maligna
2643 4238 2959 4308 contabuit,
2992 4238 3164 4297 bonis
3209 4241 3338 4295 orta
3384 4240 3476 4296 est
3504 4252 3575 4294 ex

182 4337 375 4393 studio
412 4335 759 4408 congregavi
810 4351 959 4407 quas
1004 4334 1186 4405 potui,
1218 4333 1360 4406 quia
1409 4330 1573 4388 nulla
1619 4344 1818 4387 earum
1849 4368 1893 4437 C
1933 4326 2141 4384 timore
2186 4329 2491 4392 securitas,
2525 4329 2584 4384 et
2631 4327 3048 4384 exsultationes
3095 4327 3198 4384 Dei
3244 4328 3305 4386 in
3336 4329 3574 4400 gutture

180 4424 331 4495 apud
356 4439 453 4480 me
479 4420 839 4494 exemplaria
884 4420 1229 4488 residebant,
1260 4419 1363 4477 sed
1392 4417 1465 4475 ab
1494 4417 1589 4475 his
1618 4434 1652 4473 a
1681 4417 1821 4490 qui-
1934 4416 2196 4473 omnium
2217 4420 2560 4473 sonuerunt.
2575 4416 2701 4473 Non
2723 4416 2879 4473 enim
2901 4417 3573 4488 ambiguntquinvestrae

178 4514 279 4570 bus
318 4512 524 4585 aliquo
562 4527 701 4569 casu
729 4515 967 4568 servatis
1010 4511 1263 4577 fuerant,
1294 4508 1454 4566 velut
1499 4507 1822 4565 emendica-

175 4608 265 4661 tas
305 4602 535 4674 aecepi.
566 4604 638 4658 Bt
680 4600 1040 4673 antiquiores
1078 4599 1343 4672 quidem,
1372 4598 1573 4655 studia
1603 4595 1826 4653 scilicet

176 4694 444 4751 melioris
474 4692 683 4763 etatis,
713 4690 923 4762 elapsis
955 4693 1116 4758 sunt,
1156 4705 1284 4761 quoe
1323 4686 1619 4746 recentius
1659 4700 1828 4743 exer-

175 4783 315 4841 citia
366 4780 657 4839 scholaria
702 4779 1065 4848 redolebant,
1112 4777 1247 4850 quia
1294 4776 1376 4834 ibi
1424 4780 1482 4833 et
1527 4775 1826 4833 sententiaa

174 4872 543 4947 promptiore
584 4868 982 4927 tractabantur
1023 4867 1279 4940 ingenio,
1311 4870 1369 4923 et
1397 4882 1544 4923 usus
1571 4864 1828 4921 accurati

175 4961 479 5020 sermonis
507 4959 731 5031 copiam
780 4956 1170 5015 ministrabat.
1203 4957 1368 5014 Tunc
1400 4955 1559 5012 enim
1590 4954 1721 5010 loeta
1751 4953 1828 5010 re·

172 5052 325 5110 stivo
359 5050 615 5123 quodam
641 5047 939 5106 schemate
965 5045 1308 5104 decurrebat
1336 5045 1541 5113 oratio,
1572 5060 1705 5101 cum
1735 5043 1827 5100 in-

175 5141 355 5215 genio
386 5138 652 5196 doctrina
672 5152 1028 5196 concurrens
1054 5150 1249 5193 rerum
1278 5134 1644 5192 inventiones
1675 5149 1830 5190 com·

176 5233 363 5290 moda
390 5227 629 5287 secundi
656 5227 947 5286 sermonis
989 5225 1316 5284 elocutione
1355 5225 1663 5282 formabat.
1696 5224 1830 5289 Quae

174 5339 315 5380 vero
349 5318 666 5377 novissime
702 5318 919 5389 scripta
948 5318 1107 5387 sunt,
1140 5316 1451 5388 quemdam
1484 5314 1731 5370 trahunt
1760 5312 1832 5368 de

179 5408 465 5487 presenti
499 5411 800 5467 senectute
828 5406 1141 5476 defectum,
1166 5404 1307 5479 quia
1334 5402 1658 5477 provectior
1692 5406 1833 5458 aetas

183 5500 480 5560 memoria
510 5498 636 5570 jam
666 5497 933 5571 segniore
976 5495 1273 5568 torpescit,
1304 5498 1363 5552 et
1411 5494 1833 5566 occupationes

183 5588 526 5654 necessaria
560 5587 777 5650 studiis
804 5586 998 5662 spatia
1032 5602 1153 5647 nou
1188 5585 1515 5658 indulgent,
1556 5582 1830 5656 quoniam

1932 4504 2259 4562 sanctitatis
2289 4505 2485 4561 studio
2516 4509 2869 4579 propagetur
2899 4506 3055 4577 quod
3087 4505 3181 4578 pio
3214 4504 3345 4575 eJus
3374 4503 3574 4560 labore

1927 4594 2248 4667 plantatum
2280 4598 2389 4651 est.
2421 4594 2559 4662 Quis
2579 4596 2736 4652 enim
2765 4595 2977 4652 audeat
3000 4609 3229 4668 sperare
3258 4590 3575 4650 dissimilia

1928 4683 2017 4742 vel
2065 4684 2294 4741 minora
2340 4684 2413 4741 de
2455 4684 2643 4754 vobis,
2683 4700 2860 4756 quem
2908 4684 3053 4740 adeo
3100 4688 3158 4739 et
3203 4681 3416 4753 prioris
3443 4680 3574 4738 vito

1933 4774 2266 4831 rudimenta
2303 4774 2712 4830 commendant
2751 4779 2805 4830 et
2853 4770 3140 4829 modernae
3190 4768 3574 4842 promotionis

1931 4862 2192 4936 auspicia
2230 4864 2428 4921 divina
2476 4862 2724 4934 probant
2759 4861 3055 4918 voluntate
3103 4858 3451 4932 praelatum‘?
3477 4858 3576 4917 Se.-

1930 4952 2151 5026 pientia
2180 4952 2359 5022 enim,
2393 4953 2563 5024 quus
2593 4954 2682 5008 est
2710 4967 2746 5006 a
2773 4951 2887 5022 fine
2914 4963 3086 5022 usque
3115 4947 3186 5006 ad
3212 4948 3382 5022 tinem
3407 4948 3577 5018 forti-

1932 5051 2013 5100 ter
2041 5058 2107 5098 ae
2157 5044 2401 5098 suaviter
2447 5042 2593 5097 bene
2641 5043 2851 5097 cuncta
2894 5038 3200 5113 disponere
3244 5038 3398 5112 (Sap.
3429 5037 3577 5111 vm),

1934 5132 2161 5191 sortiter
2206 5131 2317 5188 hoc
2365 5132 2436 5186 de
2485 5129 2672 5202 vobis,
2725 5130 2862 5204 quia
2914 5129 3267 5201 efticaciter3
3300 5129 3576 5197 suaviter,

1935 5222 2071 5295 quia
2101 5219 2464 5278 concorditer
2501 5217 2860 5294 adimplevit.
2893 5220 3004 5278 Sed
3045 5236 3149 5277 nec
3179 5219 3288 5276 soli
3319 5217 3436 5275 sibi
3462 5217 3578 5274 Ro·

1936 5328 2112 5368 mana
2142 5309 2399 5368 Ecclesia
2430 5311 2577 5368 tanti
2603 5311 2798 5385 operis
2827 5308 3062 5367 laudem
3087 5314 3332 5382 arroget,
3355 5323 3463 5365 nec
3486 5307 3576 5364 in·

1936 5401 2162 5461 vidiose
2185 5400 2491 5458 adversum
2521 5415 2627 5458 nos
2657 5400 2728 5458 de
2750 5402 2915 5457 tanta
2943 5398 3255 5456 concordia
3274 5396 3579 5472 glorietur,

1938 5491 2215 5565 quoniam
2246 5490 2308 5547 in
2338 5489 2450 5549 boo
2478 5489 2677 5566 ipsum
2700 5507 2733 5547 a
2760 5489 2940 5547 multo
2964 5488 3092 5561 jam
3122 5491 3382 5563 tempore
3403 5485 3586 5545 mino·

1938 5597 2068 5641 rum
2099 5580 2491 5643 Ecclesiarutn
2514 5585 2646 5642 vota
2676 5583 3088 5645 convenerant,
3113 5594 3221 5641 nec
3239 5580 3423 5641 atium
3439 5577 3583 5641 adeo
