3784 6000
289 458 470 532 cipes,
501 457 861 527 compertum
889 449 1169 506 habentes
1198 446 1352 518 quod
1390 459 1508 501 non
1560 443 1924 514 proficerent,

283 548 387 606 sed
419 545 615 620 potius
644 541 930 599 inutiliter
981 552 1215 609 operam
1272 536 1688 592 consumerent
1715 536 1777 588 et
1803 535 1927 588 stu-

286 637 472 702 dium,
502 632 656 707 apud
710 645 775 686 se
820 630 1086 701 quaerunt
1123 623 1482 697 diligentius,
1513 622 1928 680 deliberatione

283 723 602 802 proposita,
635 736 751 793 quo
800 719 859 775 in
920 720 1084 774 tanta
1132 713 1478 771 necessitate
1506 728 1655 785 opus
1677 710 1756 767 eit
1782 726 1929 768 con-

282 814 438 872 silio.
469 815 740 884 Dumque
779 808 934 865 circa
971 806 1029 861 id
1080 804 1442 872 insisterent,
1475 801 1794 875 plurimum
1816 815 1929 856 au-

280 903 514 962 xietatis
542 900 916 966 sustinentes,
939 911 1073 952 occe
1106 894 1346 968 quidam
1369 891 1787 965 Longobardus
1817 905 1932 945 na·-

282 993 465 1064 tiono,
497 991 781 1048 accedens
812 987 883 1044 ad
915 982 1435 1060 principes,videns
1474 982 1629 1056 quod
1659 980 1928 1037 omnium

280 1081 573 1140 artificum
602 1079 978 1137 eluderentur
993 1076 1363 1148 argumenta,
1378 1080 1435 1129 et
1474 1071 1643 1130 labor
1660 1071 1791 1128 sine
1807 1070 1929 1128 l'ru·

279 1176 382 1230 otu
422 1170 730 1243 deperiret,
763 1168 942 1238 hujus
989 1165 1132 1223 artis
1175 1164 1476 1238 protessus
1513 1168 1599 1220 est
1622 1176 1685 1218 se
1715 1160 1931 1217 habere

279 1259 568 1334 peritiam,
602 1273 895 1327 asserens,
926 1255 1078 1329 quod
1107 1253 1157 1311 si
1200 1254 1254 1310 ei
1283 1258 1555 1325 sumptus
1600 1251 1673 1308 de
1696 1248 1928 1323 publico

276 1349 555 1422 adoperis
567 1345 1138 1405 consummationem
1161 1343 1539 1409 sufficientes,
1572 1344 1630 1397 et
1656 1353 1929 1396 necessa-

277 1438 350 1496 rii
381 1437 873 1505 ministrarentur,
906 1436 1303 1506 ipse,auctore
1332 1430 1599 1499 Domino,
1621 1429 1768 1486 infra
1782 1444 1931 1501 pau-

280 1542 382 1587 cos
411 1528 535 1585 dies
556 1528 764 1585 turrim
797 1526 1158 1599 praedictam,
1190 1524 1317 1580 sine
1345 1522 1562 1578 damno
1594 1524 1929 1577 nostrorum

279 1619 351 1677 ad
405 1622 619 1676 terram
678 1617 993 1689 dejiceret3
1024 1621 1079 1670 et
1122 1613 1238 1670 late
1280 1615 1570 1685 patentem
1620 1609 1928 1665 introitum

278 1708 558 1767 omnibus
577 1706 805 1780 ingredi
827 1701 1561 1771 volentibus,ministraret.
1581 1697 1931 1769 Sumptibus

276 1797 456 1870 igitur
482 1799 554 1854 de
594 1794 829 1869 publico
873 1792 1225 1850 ministratis
1252 1792 1324 1848 ad
1352 1806 1586 1848 omnem
1620 1787 1928 1845 sufficien-

276 1886 443 1956 tiam,
474 1889 531 1941 et
558 1884 770 1941 salario
799 1883 1040 1954 insuper
1093 1881 1380 1952 condigno
1428 1895 1534 1952 pro
1551 1879 1682 1950 ejus
1712 1875 1931 1934 laboris

273 1970 823 2045 recompensatione
847 1969 1459 2043 designato,subjecta
1487 1983 1590 2039 pro
1618 1965 1771 2023 votis
1802 1980 1928 2020 ma·

278 2063 448 2127 teria,
497 2059 833 2117 machinam
885 2059 1032 2115 miro
1072 2057 1359 2115 construit
1415 2055 1697 2124 artifici03
1727 2053 1809 2110 ita
1866 2057 1934 2109 ut

282 2151 384 2225 qui
413 2150 575 2207 intus
594 2153 781 2218 erant,
805 2148 1138 2205 nolentibus
1158 2147 1446 2215 hostibus,
1473 2145 1598 2202 sine
1637 2159 1744 2202 suo
1773 2142 1933 2217 peri-

281 2243 415 2300 culo
445 2257 610 2299 secus
638 2256 874 2297 murum
932 2255 1060 2296 eam
1121 2242 1360 2311 possent
1405 2237 1734 2311 applicare;
1766 2239 1825 2292 et
1842 2233 1933 2291 iu·

281 2333 465 2391 terius
488 2331 757 2398 latentes,
772 2345 1008 2385 murum
1028 2328 1314 2386 suffodere
1335 2342 1450 2384 non
1473 2325 1765 2394 timerent,
1779 2323 1937 2398 quod

280 2420 409 2493 ipso
433 2435 624 2477 rerum
646 2417 1038 2491 experimento
1060 2416 1291 2491 plenius
1312 2417 1548 2475 edocuit
1582 2414 1657 2472 ad
1699 2413 1934 2471 eviden-

277 2512 443 2569 tiam.
474 2509 622 2567 Nam
671 2509 996 2582 composito
1041 2512 1101 2565 et
1128 2511 1352 2564 armato
1396 2507 1654 2578 undique
1683 2522 1786 2578 pro
1826 2521 1938 2562 sua

276 2599 575 2657 voluntate
603 2598 1187 2669 instrumento,viros
1219 2598 1397 2653 sortes
1437 2604 1493 2653 et
1523 2596 1815 2661 loricatos,
1840 2611 1935 2651 ar·

276 2688 393 2746 mis
413 2693 471 2746 et
501 2688 703 2745 ferreis
733 2686 1161 2753 instrumentis,
1202 2687 1275 2743 ad
1328 2683 1763 2742 suffodiendum
1796 2699 1934 2739 mn-

277 2794 410 2837 rum
443 2777 793 2836 necessariis
821 2777 1162 2838 instructos.
1195 2775 1303 2833 sub
1341 2775 1545 2832 eadem
1577 2790 1775 2831 secum
1819 2775 1938 2831 col-

271 2868 404 2943 ligit
461 2868 769 2935 machina;
802 2883 982 2940 quam
1037 2867 1214 2925 etiam
1272 2883 1408 2923 cum
1467 2864 1592 2922 suis
1622 2865 1932 2937 opificibus

270 2957 451 3034 probe
482 2957 679 3029 nimis,
711 2962 767 3015 et
797 2961 1211 3030 argumentose
1250 2956 1598 3030 plurimum,
1632 2960 1787 3014 trans
1817 2955 1933 3013 val-

266 3048 390 3108 lum
414 3049 665 3124 positam
699 3048 994 3106 moenibus
1024 3048 1296 3121 applicat.
1325 3046 1491 3104 Cives
1522 3050 1719 3103 autem
1749 3046 1922 3104 solita

269 3140 556 3196 instantes
588 3138 898 3210 protervia,
929 3137 1220 3194 immissis
1253 3137 1484 3209 magnis
1506 3136 1843 3207 molaribus,
1864 3143 1921 3193 ot

267 3227 402 3301 igue
431 3226 845 3299 superinjecto,
867 3241 992 3297 quis
1022 3224 1221 3281 omnia
1252 3228 1491 3298 propter
1517 3224 1794 3281 culminis
1826 3241 1922 3281 ar·

275 3315 561 3374 deitatem
592 3319 652 3372 et
680 3314 864 3371 latera
893 3314 1129 3383 devexa,
1161 3314 1436 3387 quoniam
1489 3313 1771 3371 inhaerere
1802 3330 1922 3372 non

271 3409 647 3478 poterant,ut
676 3404 961 3461 damnum
993 3403 1276 3474 subjectis
1306 3404 1652 3478 irrogarent,
1675 3404 1748 3461 de
1776 3420 1921 3461 con-

270 3497 437 3552 sueto
493 3492 709 3550 auxilio
765 3498 1067 3566 coeperunt
1093 3492 1388 3564 diffidere3
1411 3497 1469 3550 et
1522 3493 1918 3562 instrumenti,

268 3583 423 3656 quod
453 3583 792 3640 nullatenus
823 3581 1030 3640 laedere
1072 3586 1359 3655 poterant,
1392 3582 1573 3639 robur
1613 3583 1919 3639 admiran-

269 3676 386 3744 tur,
416 3675 477 3729 et
531 3672 776 3731 artificis
830 3675 1268 3746 argumentum.
1327 3671 1437 3739 Qui
1484 3676 1681 3728 autem
1711 3671 1825 3727 sub
1854 3688 1921 3729 ea

264 3760 527 3819 latebant
554 3762 874 3831 testudine,
905 3762 1093 3819 securi
1152 3761 1388 3834 penitus
1435 3761 1507 3818 ab
1540 3760 1799 3818 hostium
1828 3761 1919 3818 in·

269 3851 438 3909 sidiis
469 3850 543 3909 ad
591 3852 1035 3924 infringendum
1060 3868 1320 3919 murum,
1350 3855 1409 3907 et
1436 3852 1645 3908 turrim
1670 3851 1921 3909 subver-

270 3941 506 3998 tendam
538 3942 678 3999 totis
707 3941 931 3999 instant
958 3940 1219 4008 viribus‚·
1247 3945 1305 3998 et
1338 3940 1752 3999 convulsorum
1791 3941 1919 3999 loco

270 4028 536 4103 lapidum
566 4029 796 4102 stipites
827 4035 1191 4103 supponunt,
1221 4038 1275 4088 et
1304 4030 1556 4104 ligneam
1579 4030 1916 4101 materiam3

271 4133 345 4176 ne
376 4121 537 4191 parte
568 4118 719 4174 muri
751 4119 1018 4177 interiore
1048 4120 1525 4183 suffossa.subito
1538 4125 1770 4178 corruat
1781 4136 1919 4195 pars

274 4224 342 4264 su
352 4208 609 4280 periuret
622 4206 951 4264 machinam
972 4209 1344 4280 comprimat,
1359 4227 1483 4281 quae
1497 4214 1671 4267 tantae
1692 4213 1920 4282 pondus

271 4292 719 4366 magnitudinis,
766 4299 824 4350 et
863 4295 1324 4353 immensitatem
1366 4298 1547 4354 ruinae
1578 4298 1917 4357 nullatenus

267 4381 420 4439 ferre
451 4385 699 4453 poterat.
753 4384 928 4440 Facta
974 4383 1152 4456 igitur
1197 4389 1359 4442 tanta
1388 4387 1760 4457 suffossione,
1785 4405 1915 4462 qun

1344 216 1772 285 GUILLELMI
1808 214 2207 287 ,TYRENSIS
2251 215 2613 281 Ananim).

278 365 692 429 convenientes
723 366 1054 421 nostrarum
1084 357 1375 430 legionum
1409 355 1525 413 Deo
1554 352 1742 412 devoti
1764 353 1925 427 prin·
1953 354 2008 423 Α

3561 224 3689 285 284

2675 349 2908 408 CAPUT
2945 353 3040 408 xl.

2038 460 2190 518 Uror
2209 458 2522 517 solimanni
2565 475 2692 514 cum
2743 459 2949 514 duobus
2976 459 3112 528 filiis
3154 462 3377 533 fugiens
3438 465 3685 535 capitur.

2106 534 2413 603 Desperant
2437 534 2622 593 cives:
2647 546 2772 586 cum
2829 532 3022 587 Tatino
3079 532 3269 590 Graeco
3305 533 3371 590 de
3406 535 3690 594 deditione

2110 607 2398 666 tractant:
2444 603 2747 658 mittuntur
2787 603 2861 658 ad
2911 605 3294 676 imperatorem
3347 622 3517 678 super
3552 623 3612 665 co
3654 627 3690 665 a

2105 675 2454 748 principibus
2483 677 2685 731 nuntii.

2106 799 2386 857 solimani
2416 815 2547 856 vero
2580 814 2744 868 uxor,
2768 816 2895 872 quae
2925 799 3207 858 hactenus
3236 801 3404 860 urbis
3431 803 3685 863 obsessae

2032 888 2333 947 molestias
2361 889 2545 947 multo
2578 889 2774 947 labore
2815 889 3149 963 pertulerat,
3178 892 3361 949 turris
3408 910 3575 966 casu,
3603 895 3685 954 se-

2038 981 2231 1037 mineo
2275 994 2435 1035 more
2478 979 2806 1050 perterrita,
2839 979 3059 1051 paratis
3091 981 3337 1037 navibus
3367 983 3511 1040 urbe
3530 983 3682 1042 clam

2036 1085 2288 1143 egressa,
2320 1069 2392 1125 ad
2416 1067 2543 1126 loca
2569 1068 2790 1125 tutiora
2826 1084 2890 1125 se
2920 1084 3053 1125 cum
3085 1069 3316 1128 ancillis
3348 1080 3403 1130 et
3433 1072 3685 1131 tamilla-

2035 1158 2198 1216 ribus
2236 1159 2551 1217 transferre
2599 1163 3020 1232 proposuerat3
3054 1160 3157 1216 sed
3202 1162 3413 1234 nostri,
3444 1163 3547 1235 qui
3587 1179 3690 1236 per

2034 1249 2229 1307 lacum
2256 1248 2317 1305 in
2351 1248 2596 1321 navigiis
2651 1252 2837 1319 erant,
2870 1249 2943 1305 ad
2993 1249 3352 1309 cohibendos
3408 1252 3690 1311 introitus

2035 1339 2339 1411 exitusque
2394 1338 2611 1394 civium
2668 1339 2954 1409 deputati,
2985 1339 3128 1396 dum
3172 1341 3498 1399 studiosius
3528 1358 3691 1400 more

2036 1427 2409 1503 prudentium
2424 1432 2633 1483 cuncta
2655 1427 3027 1499 perlustrant,
3043 1428 3355 1488 abeuntem
3369 1433 3688 1505 reperiunt,

2038 1518 2279 1591 capiunt
2304 1521 2593 1591 repertam
2618 1536 2633 1586 ;
2656 1523 2715 1574 et
2733 1523 2966 1591 captam
3016 1534 3152 1576 cum
3182 1520 3418 1578 duobus
3449 1521 3586 1578 filiis
3617 1528 3691 1579 te·

2039 1608 2210 1665 nellis
2230 1608 2573 1674 admodum,
2597 1608 2961 1680 principibus
2985 1614 3426 1681 repraeseuta'nt,
3443 1611 3544 1685 qui
3576 1613 3688 1668 sub

2039 1702 2199 1754 arcta
2226 1697 2491 1753 custodia
2522 1713 2655 1753 cum
2709 1697 2843 1754 aliis
2896 1698 3255 1770 concaptivis
3311 1715 3442 1757 eam
3473 1701 3685 1772 praeci—

2039 1787 2210 1860 piunt
2239 1786 2579 1860 diligentius
2601 1786 2911 1844 observari.
2936 1787 3097 1843 Cives
3114 1790 3308 1845 autem
3337 1791 3396 1845 et
3426 1789 3498 1846 de
3519 1790 3684 1847 aditu

2040 1878 2308 1936 hostibus
2330 1879 2613 1951 patefacto
2642 1887 2697 1935 et
2752 1879 2823 1936 de
2863 1878 3194 1951 captivitate
3222 1884 3396 1937 tantae
3427 1881 3682 1951 feminae,

2041 1971 2238 2026 mente
2294 1968 2614 2041 plurimum
2664 1970 3038 2037 consternati,
3072 1986 3311 2042 prorsus
3360 1971 3432 2028 de
3459 1971 3681 2029 viribus

2042 2058 2397 2127 diffidentes,
2426 2059 2610 2116 missa
2639 2058 2947 2133 legatione,
2969 2076 3004 2115 a
3023 2059 3389 2133 principibus
3417 2060 3687 2119 inducias

2044 2146 2364 2221 postulant,
2397 2149 2468 2205 de
2500 2148 2928 2221 suajdeditione
2948 2164 3084 2206 cum
3110 2149 3332 2207 eisdem
3363 2154 3683 2208 tractaturi.

2041 2238 2290 2296 Tatinus
2308 2245 2525 2306 autem,
2539 2236 2735 2311 dequo
2758 2238 3030 2312 superius
3041 2240 3398 2298 mentionem
3419 2240 3688 2312 fecimus,

2045 2327 2449 2401 praesentiens,
2477 2328 2650 2385 sicuti
2690 2327 2781 2384 vir
2830 2333 2952 2386 orat
2993 2328 3462 2400 versutissimus,
3494 2331 3691 2404 populi

2044 2433 2081 2474 a
2108 2417 2202 2474 sui
2223 2417 2471 2474 tuitione
2499 2417 2825 2475 deficientis
2856 2418 3240 2491 voluntatem,
3264 2421 3514 2492 maiores
3553 2421 3694 2479 civi-

2045 2507 2182 2563 tatis
2212 2510 2584 2579 convenerat,
2617 2523 2861 2565 monens
2892 2514 2956 2565 ut
2986 2508 3045 2565 in
3075 2509 3167 2565 sui
3200 2509 3490 2567 deditione
3510 2510 3698 2567 domi-

2044 2610 2187 2651 num
2219 2597 2619 2667 imperatorem
2649 2597 3022 2668 honorarent,
3047 2614 3379 2671 proponens
3410 2599 3563 2671 quod
3596 2599 3694 2657 hic

2042 2687 2485 2759 peregrinorum
2517 2688 2827 2758 exercitus,
2851 2689 2953 2762 qui
3008 2705 3265 2762 praesens
3304 2694 3452 2760 erat,
3482 2690 3553 2746 ad
3577 2690 3693 2746 alia

2039 2776 2389 2849 properabat
2446 2778 2713 2850 negotia3
2751 2793 2854 2834 nec
2883 2793 2956 2836 ex
3009 2777 3315 2852 principali
3367 2780 3689 2858 proposito,

2042 2865 2509 2936 sedincidenter,
2527 2872 2583 2925 et
2599 2869 2765 2940 quasi
2792 2870 3198 2941 praetereundo
3219 2870 3277 2925 in
3302 2884 3429 2926 eam
3453 2870 3691 2926 descen-

2041 2954 2268 3013 dissent
2293 2956 2679 3015 obsidiouem.
2711 2957 3024 3015 Dominum
3056 2962 3253 3017 autem
3276 2958 3689 3032 imperatorem

2040 3045 2194 3103 circa
2222 3061 2286 3103 se
2314 3047 2571 3119 positum
2601 3048 2885 3105 haberent
2913 3053 3212 3122 perpetuo,
3243 3050 3316 3106 de
3344 3050 3510 3120 cujus
3529 3065 3689 3106 com·

2032 3135 2355 3193 mendabili
2377 3136 2693 3209 plurimum
2716 3142 2955 3211 possent
2974 3138 3286 3197 clementia
3316 3154 3686 3211 praesumere,

2030 3228 2090 3283 et
2115 3241 2345 3298 semper
2374 3235 2708 3299 exspectare
2741 3227 2999 3285 meliora.
3031 3228 3331 3301 Optimum
3364 3244 3503 3302 ergo
3523 3235 3671 3298 erat,

2031 3314 2181 3371 utin
2211 3331 2278 3371 eo
2311 3315 2459 3371 sacto
2520 3316 2949 3389 imperatorem,
2973 3317 3314 3375 hominibus
3372 3318 3590 3391 ignotis
3629 3323 3686 3376 et

2030 3404 2183 3475 genti
2215 3403 2477 3462 barbarae
2528 3411 2950 3478 praeponerent,
2983 3406 3066 3463 ita
3124 3411 3190 3464 ut
3240 3407 3300 3463 in
3340 3408 3470 3479 eius
3502 3424 3682 3465 manu

2030 3493 2189 3552 fieret
2213 3493 2454 3564 deditio,
2487 3511 2664 3569 quam
2694 3496 2993 3553 declinare
3039 3513 3157 3553 non
3182 3502 3468 3568 poterant,
3496 3502 3553 3555 et
3575 3515 3679 3571 per

2030 3598 2131 3641 eos
2154 3584 2357 3641 urbem
2416 3586 2702 3657 reciperet
2747 3585 3084 3658 imperator,
3114 3586 3285 3657 quus
3324 3602 3441 3644 non
3473 3588 3678 3645 multis

2031 3677 2187 3729 retro
2216 3675 2599 3744 temporibus,
2629 3691 2733 3747 per
2786 3675 3107 3733 Turcorum
3163 3674 3524 3746 violentiam,
3557 3676 3675 3733 im-

2031 3762 2258 3834 perium
2290 3763 2510 3836 injuste
2538 3763 2833 3821 amiserat.
2867 3764 2969 3820 His
2993 3772 3051 3822 et
3083 3765 3419 3835 hujusmodi
3442 3782 3680 3838 persua-

2028 3867 2133 3909 sus
2162 3850 2374 3908 civium
2403 3857 2745 3926 conventus,
2775 3853 2835 3909 in
2868 3869 3046 3910 manu
3068 3854 3436 3927 imperatorie
3457 3855 3684 3927 eligunt

2030 3942 2262 4013 urbem,
2294 3958 2568 4015 personas
2598 3959 2827 4016 quoque
2856 3958 2997 4001 suas
3044 3948 3103 4000 et
3129 3959 3367 4000 omnem
3396 3945 3677 4003 substan-

2030 4029 2172 4089 tiam
2205 4031 2363 4089 salva
2399 4031 2821 4102 incolumitate,
2873 4033 3207 4106 resignar03
3239 4049 3346 4091 nec
3387 4037 3585 4091 tamen
3618 4035 3679 4092 id

2028 4122 2247 4179 nostris
2278 4122 2585 4180 molestum
2615 4122 2725 4179 fuit
2753 4121 3158 4196 principibus3
3193 4123 3413 4197 quippe
3441 4140 3579 4181 cum
3603 4125 3676 4181 ad

2029 4220 2142 4278 alia
2169 4225 2292 4280 tota
2319 4238 2515 4279 eorum
2551 4228 2886 4297 properaret
2932 4222 3202 4291 intentio,
3235 4237 3342 4280 nec
3371 4222 3464 4280 his
3494 4223 3677 4281 inhae-

2029 4328 2154 4369 rere
2214 4329 2414 4369 eorum
2467 4323 2618 4371 esset
2669 4314 3075 4387 propositum3
3106 4317 3411 4384 sperantes
3453 4321 3677 4383 tamen,

2029 4402 2184 4474 quod
2210 4402 2378 4473 juxta
2434 4409 2735 4475 pactorum
2796 4408 3074 4472 tenorem,
3106 4402 3264 4461 salve
3288 4407 3489 4460 essent
3514 4418 3678 4460 exer·

271 4471 346 4530 ad
372 4470 552 4529 turris
570 4471 953 4543 dejectionem
987 4472 1253 4530 sufficere
1282 4491 1456 4546 posse
1492 4475 1826 4547 videbatui-3
1858 4483 1920 4535 et
1947 4481 1995 4549 1)
2025 4490 2170 4547 „itui
2197 4492 2255 4548 in
2287 4492 2562 4548 solatium
2593 4492 2809 4549 12501-53
2855 4500 2913 4549 gt
2947 4494 3291 4550 damnorum
3321 4507 3449 4564 qu„
3481 4499 3677 4564 penu.

262 4561 682 4621 sustentaculis
694 4578 818 4636 quis
841 4578 1070 4619 murum
1084 4578 1221 4620 casu
1229 4578 1356 4621 rum
1369 4564 1774 4624 sustentabant
1785 4567 1920 4641 igne

265 4651 590 4725 supposito,
621 4656 679 4710 et
702 4652 1028 4710 nutriendis
1066 4651 1301 4724 ignibus
1330 4659 1469 4727 apta
1496 4655 1760 4727 subjecta
1796 4673 1923 4716 ma-

266 4742 431 4810 teria,
464 4738 800 4798 machinam
830 4741 1192 4815 relinquunt,
1210 4743 1280 4800 ad
1302 4759 1444 4802 suos
1472 4759 1607 4801 cum
1637 4744 1796 4801 omni
1823 4760 1918 4803 ce·

266 4828 492 4889 leritate
522 4846 585 4889 se
612 4831 996 4889 conferentes.
1027 4832 1375 4906 Factumque
1401 4837 1507 4903 est,
1538 4833 1622 4891 ita
1647 4837 1714 4890 ut
1741 4834 1923 4893 circa-

264 4920 456 4977 noctis
477 4921 757 4992 medium,
790 4922 950 4979 omni
980 4920 1451 4981 fulcimentorum
1466 4927 1919 4999 consumptama

263 5008 503 5075 teria,et
532 5009 768 5084 ignibus
798 5011 1072 5071 edacibus
1094 5014 1153 5070 in
1184 5014 1411 5072 cineres
1443 5015 1696 5085 redacta,
1731 5017 1914 5076 turris

264 5114 395 5156 cum
426 5100 588 5156 tanto
621 5099 845 5171 fragore
875 5102 1163 5175 ceciderit,
1194 5108 1261 5162 ut
1285 5106 1460 5161 etiam
1493 5110 1741 5163 remotos
1770 5123 1915 5179 quo-

267 5189 404 5248 dam
435 5187 1017 5249 horroreooncuterot
1038 5210 1057 5261 ;
1075 5197 1133 5251 et
1151 5196 1712 5255 terremotusinstar
1737 5198 1917 5255 corda

266 5278 624 5338 conturbans
654 5283 712 5338 et
738 5279 1009 5355 ingerens
1030 5282 1427 5357 formidinem,
1457 5287 1531 5344 ad
1560 5301 1736 5360 quem
1758 5286 1914 5345 soui-

265 5370 396 5427 tum
450 5370 648 5429 excito
688 5371 962 5445 legiones,
994 5373 1070 5433 ad
1117 5391 1283 5434 arma
1328 5375 1661 5447 convolant,
1684 5377 1911 5436 animos

263 5450 538 5533 induunt,
568 5464 847 5536 tauquam
876 5464 1081 5525 urbem
1100 5465 1382 5525 violenter
1408 5465 1757 5539 ingressuri.

2028 4580 2240 4651 lerant,
2270 4582 2458 4655 spolia
2478 4582 2751 4642 civitatis.
2775 4584 3043 4658 Captivos
3062 4589 3256 4642 tamen
3277 4583 3352 4640 de
3369 4582 3674 4640 fratribus,

2031 4687 2179 4744 quos
2202 4675 2325 4728 tum
2357 4687 2504 4744 eaepe
2534 4672 2721 4730 dictus
2751 4673 3128 4730 Solimannue
3159 4681 3283 4730 tum
3312 4673 3386 4729 de
3415 4673 3674 4730 exercitu

2030 4759 2178 4817 Petri
2225 4759 2512 4830 Eremitae,
2545 4762 2698 4834 apud
2748 4767 2998 4820 castrum
3049 4763 3275 4834 Civitot,
3314 4766 3445 4820 tum
3494 4762 3672 4819 etiam

2030 4863 2177 4921 quos
2206 4849 2360 4906 cives
2390 4850 2451 4906 in
2481 4850 2781 4908 obsidione
2806 4858 3095 4923 ceperant,
3125 4850 3383 4909 libertati
3430 4851 3671 4909 restitu-

2027 4941 2140 5009 tos,
2174 4944 2373 4996 noster
2404 4940 2618 5011 recepit
2636 4940 2923 4997 exercitus
2944 4940 3247 4998 universos
3266 4944 3584 5014 antequam
3601 4939 3673 4997 de

2026 5042 2229 5087 eorum
2261 5029 2557 5087 deditione
2583 5030 2801 5087 vellent
2831 5030 3071 5087 tractari
3096 5044 3455 5102 sermonem,
3483 5036 3544 5089 et
3571 5046 3667 5088 eo·

2026 5135 2154 5177 rum
2184 5120 2244 5176 in
2301 5120 2414 5177 hac
2472 5125 2634 5193 parte
2692 5121 2840 5177 votis
2897 5119 3259 5177 satisfacere.
3299 5123 3539 5178 Factum
3585 5123 3673 5177 est

2023 5209 2221 5283 igitur,
2243 5210 2401 5283 quod
2467 5210 2540 5266 de
2579 5210 2911 5283 principum
2968 5209 3339 5267 conniventia
3384 5213 3444 5269 et
3469 5209 3669 5285 populi

2021 5314 2306 5358 consensu
2340 5299 2505 5357 missi
2535 5305 2676 5357 sunt
2703 5302 2773 5357 ad
2805 5301 3215 5372 imperatorem
3235 5301 3671 5369 nuntii,dicen-

2019 5394 2147 5446 tea:
2192 5389 2484 5463 Principes
2525 5396 2608 5467 σεξ
2638 5389 2987 5449 christianus
3043 5392 3342 5460 exercitus,
3380 5391 3478 5463 qui
3519 5389 3669 5462 apud

2018 5480 2211 5536 urbem
2231 5481 2513 5539 Nicaenam
2527 5482 2589 5539 in
2615 5482 2736 5555 ejus
2752 5480 3030 5539 obsidione
3055 5496 3157 5555 pro
3183 5480 3392 5539 Christi
3415 5478 3668 5538 nominis

2015 5584 2204 5629 amore
2248 5570 2485 5644 fideliter
2518 5572 2937 5644 laboraverunt,
2963 5587 3088 5630 eam
3139 5578 3365 5632 auctore
3413 5571 3662 5641 Domino,
