3784 6000
506 215 688 273 Hts'r.
732 206 985 272 RERUM
1028 206 1519 269 TRANSMARIN.
1556 236 1628 251 —
1666 204 1802 267 [AB.
1842 201 2019 265 xxn.
2058 206 2460 267 BALDUINUS
2497 211 2570 267 lv
2607 210 2775 270 REX.

3248 211 3355 270 870

137 344 271 401 :irea
299 340 865 413 urbemlegionibus
884 345 941 396 et
968 338 1081 394 sibi
1103 336 1361 394 vicissim
1383 349 1587 391 succe-
1614 332 1663 391 A
1694 349 1929 402 cussus,
1956 339 2013 391 et
2042 349 2105 390 se
2130 339 2188 392 et
2211 334 2364 394 alios
2394 338 2692 395 revocavit
2718 338 2798 395 ab
2826 354 3007 412 opere
3031 340 3295 414 incoepto
3339 358 3357 413 ς

143 450 211 490 us
235 431 584 504 agminibus
594 437 820 501 ,tantas
835 445 940 502 per
957 427 1221 484 triduum
1233 427 1585 483 continuum

140 523 187 579 is
208 521 405 578 intulit
430 520 742 590 angustias
775 524 857 584 ut,
880 522 1098 590 negata
1118 514 1345 589 requie,
1373 529 1482 570 nec
1507 513 1587 569 ad

137 627 300 669 anem
320 609 587 682 corporis
612 607 1017 664 necessariam
1045 605 1224 661 terias
1253 603 1588 673 indulgeret

137 718 182 756 s.
207 700 508 757 Machinas
537 704 741 755 tamen
769 713 873 753 seu
887 694 1422 767 jaculatorias,seu
1449 692 1588 749 alte·

137 790 329 854 meris,
360 787 585 861 quibus
618 786 811 843 solent
839 786 917 842 ab
947 784 1223 841 hostibus
1254 780 1587 855 expugnari

137 879 229 945 lia,
263 877 457 934 nullas
486 892 689 933 secum
717 874 1026 942 detulerat,
1053 877 1156 930 aut
1183 872 1329 946 quia
1358 872 1588 943 absque

164 966 534 1025 adminiculo
563 966 774 1021 urbem
797 963 991 1020 subito
1008 967 1064 1019 et
1088 963 1215 1018 sine
1242 959 1589 1017 difficultate

137 1057 440 1114 vitrabatur
479 1070 654 1127 posse
696 1051 1021 1124 effringere,
1070 1055 1127 1108 et
1163 1050 1433 1107 obtinere
1473 1049 1590 1105 vio-

137 1168 142 1209 ;
170 1150 272 1202 aut
291 1144 436 1218 quia
455 1150 803 1200 nostrorum
822 1143 1074 1198 celerem
1090 1143 1448 1214 exspectans
1472 1138 1589 1195 ad-

137 1251 195 1303 n,
228 1241 455 1290 tantam
473 1248 721 1304 operam
746 1231 1024 1287 inutiliter
1045 1244 1400 1285 consumere
1425 1243 1590 1284 recu-

137 1368 141 1383 .
168 1322 334 1395 quod
366 1327 569 1379 tamen
592 1322 823 1394 absque
846 1319 1141 1377 machinis
1169 1323 1418 1391 poterat,
1451 1317 1589 1373 dili·—

140 1412 305 1468 tudio
333 1417 389 1468 et
415 1417 536 1469 tota
557 1410 941 1483 percurrebat
970 1408 1389 1464 sollicitudine.
1418 1411 1587 1474 Nam,

137 1501 443 1567 sdiximus,
491 1501 787 1556 infinitam
836 1497 1283 1554 multitudinem
1331 1495 1440 1552 sibi
1487 1512 1591 1568 per

141 1589 439 1647 lternatim
462 1589 909 1654 succedentem,
927 1586 1192 1644 seriatim
1207 1587 1364 1643 circa
1381 1586 1590 1642 urbem

1693 437 1957 495 cumque
1987 439 2094 495 per
2132 424 2400 481 triduum
2432 442 2586 499 pene
2616 428 2992 495 continuum,
3026 429 3106 487 ita
3138 432 3352 492 urbem

1693 510 2131 582 impugnasset,
2147 512 2411 570 videntes
2424 515 2585 587 quod
2598 531 2719 573 non
2733 518 3107 589 proficerent,
3131 523 3236 596 qui
3250 538 3356 596 per

1698 615 1860 656 mare
1903 600 2293 669 advenerant,
2326 603 2401 659 de
2439 604 2727 662 mandato
2775 607 3122 667 salahadini
3157 613 3216 668 in
3252 629 3354 687 ga-

1696 687 1819 745 leas
1849 704 1913 745 se
1937 690 2312 762 recipientes,
2341 693 2500 750 cirea
2522 696 2712 752 noctis
2734 696 2970 754 initium
2986 701 3170 757 tertiae
3196 701 3351 760 clam

1695 782 1754 834 et
1780 777 1854 833 de
1872 783 2045 836 nocte
2058 780 2276 836 reversi
2299 786 2456 837 sunt.
2480 782 2878 842 salahadinus
2895 802 3158 862 quoque,
3186 805 3357 849 revo-

1695 867 1843 923 catis
1870 868 2235 938 agminibus,
2263 869 2342 926 ab
2372 871 2518 927 urbe
2549 872 2865 930 discedens
2889 876 3355 952 aliquantulum,
3400 888 3408 895 '

1696 971 1805 1027 per
1823 958 2188 1029 campestria
2206 974 2343 1031 quoe
2359 960 2487 1015 urbi
2502 963 2798 1033 praedictae
2811 965 3107 1036 adjacent,
3124 972 3355 1029 turmas

1697 1044 2170 1118 coepitdividere,
2188 1054 2374 1104 turres
2385 1065 2521 1122 quoe
2532 1053 2769 1108 erantin
2784 1054 3358 1125 adiacentibussub-

1700 1133 1946 1190 urbanis
1975 1133 2241 1191 funditus
2271 1136 2449 1207 dejici
2481 1139 2871 1212 proecipiens3
2901 1145 3006 1199 sed
3025 1161 3132 1201 nec
3145 1160 3356 1218 pome-

1697 1221 1802 1278 riis
1824 1229 1881 1279 et
1911 1222 2141 1288 vinetis,
2171 1239 2306 1295 quae
2337 1225 2397 1281 in
2419 1226 2664 1283 circuitu
2690 1229 2854 1286 urbis
2876 1239 3046 1288 erant
3071 1233 3354 1306 plurima,

1698 1319 2032 1385 parcentes,
2063 1313 2123 1368 in
2154 1315 2346 1369 securi
2373 1321 2430 1371 et
2459 1317 2626 1372 ascia
2646 1324 2864 1376 cuncta
2902 1320 3263 1392 dejecerunt.
3289 1326 3361 1382 Ut

1699 1407 1902 1458 autem
1927 1399 1985 1457 in
2018 1401 2330 1458 obsidione
2352 1403 2599 1461 liberius
2638 1407 2938 1482 tutiusque
2976 1427 3356 1482 perseverare

1700 1494 1922 1562 posset,
1947 1491 2182 1548 viarum
2211 1496 2512 1565 quasdam
2544 1495 2920 1555 difficultates
2958 1505 3015 1556 et
3043 1501 3360 1574 angustias

1698 1593 1740 1651 q
1763 1595 1833 1634 1ae
1856 1579 2007 1635 inter
2029 1580 2236 1636 urbem
2255 1583 2601 1652 praedictam
2621 1591 2677 1642 et
2697 1585 2980 1644 Sidonem
2996 1590 3232 1662 positoe,
3253 1607 3361 1664 per

137 1685 341 1743 worm·
389 1694 524 1750 (μω
585 1682 816 1734 tantam
859 1677 919 1733 jn
972 1692 1096 1743 003,
1151 1676 1253 1748 qui
1301 1676 1361 1731 jn
1408 1676 1591 1730 muris
1621 1689 1664 1744 B
1700 1670 3057 1738 quasnostroexercituiadurbisliberationem
3075 1680 3360 1740 accedere

137 1766 551 1833 stturribuS,et
573 1766 650 1822 ad
675 1766 982 1822 tuitionem
1011 1765 1165 1821 urbis
1186 1764 1588 1830 desudabant,

137 1872 287 1912 trum
317 1855 716 1912 immittebant
738 1854 1198 1923 multitudinem,
1221 1853 1389 1927 quod
1408 1855 1593 1910 instar

137 1945 243 2002 inis
269 1949 327 2000 et
358 1944 567 2000 urbem
600 1943 896 2016 replerent
911 1949 968 2000 et
987 1943 1229 2001 moenia.
1254 1945 1369 1999 Nec
1398 1942 1591 1998 solum

137 2034 215 2090 do
246 2034 526 2090 obsessos
551 2033 630 2089 ab
662 2032 824 2089 urbis
857 2033 1103 2089 tuitione
1130 2034 1472 2088 nitebantur
1502 2048 1593 2087 ar-

137 2139 324 2178 rerum
353 2127 411 2178 et
439 2122 720 2187 fossores,
754 2123 856 2194 qui
909 2123 986 2178 ad
1018 2123 1132 2179 hoc
1163 2120 1495 2194 specialiter
1530 2125 1593 2176 ut

136 2228 173 2268 n
198 2210 584 2276 suffoderent,
621 2212 804 2268 vocati
834 2211 1089 2278 fuerant,
1117 2211 1399 2268 violenter
1427 2210 1592 2267 labo·

137 2307 149 2357 t
182 2300 593 2369 intromittere,
630 2305 690 2356 ut
720 2301 1116 2357 antemuralia
1142 2316 1470 2372 murosque
1508 2298 1594 2356 ef-

137 2390 246 2447 sdo
260 2389 527 2446 etaditus
541 2389 1197 2463 patefecerent,quibus
1220 2396 1587 2447 armatorum

137 2522 142 2539 .
178 2479 379 2535 invitis
406 2479 637 2536 civibus
682 2480 1133 2550 ingrederentur
1161 2484 1256 2547 ;et
1287 2482 1349 2535 ut
1389 2478 1505 2550 ipsi
1528 2477 1586 2533 li·

155 2567 504 2624 huicstudio
520 2583 771 2639 operam
801 2575 1046 2640 possent
1072 2567 1439 2640 impendere,
1468 2566 1589 2634 alii,

137 2657 453 2724 misimus,
487 2656 749 2713 arcubus
792 2657 1100 2714 instabant
1135 2663 1190 2714 et
1235 2657 1485 2724 balistis,
1535 2661 1593 2712 et

137 2745 433 2802 atelorum
455 2747 536 2802 im
546 2746 857 2813 missione;
890 2751 1124 2803 ettanta
1138 2746 1593 2818 instabantpro-

137 2875 147 2902 ,
196 2833 364 2907 quod
398 2834 495 2891 vix
537 2836 665 2891 sine
714 2836 920 2892 mortis
964 2834 1249 2907 periculo,
1293 2835 1396 2907 qni
1433 2834 1592 2891 intus

153 2924 410 2998 digitum
431 2925 1005 2982 audebantexerere.
1026 2926 1192 2985 Cives
1208 2931 1430 2995 tamen,
1460 2924 1595 2982 licet

1702 1755 1940 1823 volenti,
1974 1755 2049 1812 de
2082 1758 2434 1815 necessitate
2473 1758 2708 1817 futurus
2737 1771 2866 1821 erat
2895 1767 3205 1835 transitus,
3234 1784 3360 1826 non

1703 1843 1902 1900 solum
1927 1860 1964 1901 a
1988 1846 2109 1901 suis
2147 1846 2527 1918 pedestribus
2560 1850 2746 1906 turbis
2776 1856 3060 1927 occupari
3092 1855 3312 1914 fecerat
3347 1872 3362 1926 ;

1703 1948 1913 1989 verum
1936 1932 2038 1990 ubi
2059 1940 2222 1991 erant
2245 1937 2510 2007 majores
2532 1941 2842 2009 angustiae,
2874 1943 3043 2001 siccis
3062 1944 3366 2018 lapidibus

1702 2021 1933 2094 absque
1961 2031 2277 2094 coemento,
2312 2041 2500 2099 usque
2522 2027 2577 2083 in
2599 2028 2803 2101 ipsum
2833 2046 2999 2088 mare
3025 2032 3369 2093 feceratde-

1700 2110 1840 2167 duci
1868 2113 2194 2169 maceriam
2227 2129 2242 2180 3
2278 2118 2338 2171 ut
2379 2121 2629 2190 utroque
2673 2118 3108 2192 impedimento
3142 2129 3363 2181 nostrae

1700 2200 2315 2273 retardataelegiones,
2345 2219 2417 2260 eo
2444 2206 2643 2262 minus
2667 2207 2847 2265 libere
2860 2210 2936 2266 ad
2951 2227 3088 2267 eum
3117 2218 3372 2284 possent

1701 2290 2003 2356 accedere,
2027 2290 2279 2364 ipseque
2293 2291 2531 2349 interim
2548 2310 2668 2352 non
2688 2295 2982 2355 desineret
3002 2300 3212 2357 urbem
3242 2318 3374 2359 mo-

1700 2376 1938 2434 lestare.
1970 2378 2239 2451 Cumque
2271 2379 2515 2437 firmum
2550 2382 2856 2456 fixumque
2883 2386 3051 2459 prius
3074 2388 3373 2447 diceretur

1702 2465 1925 2523 habere
1951 2468 2347 2539 propositum,
2374 2469 2454 2525 ab
2478 2472 2642 2528 urbis
2661 2472 3001 2541 obsidione,
3033 2477 3144 2534 nisi
3163 2493 3237 2536 ea
3253 2479 3376 2537 vio-

1702 2555 1895 2612 lenter
1914 2554 2180 2623 efl’racta,
2210 2573 2330 2613 non
2351 2558 2681 2626 discedere,
2700 2569 2929 2622 mutata
2953 2566 3280 2634 voluntate,
3300 2572 3367 2625 ut

1701 2642 2115 2718 praediximus,
2142 2645 2401 2703 reditum
2433 2649 2882 2709 acceleravitad
2901 2656 3365 2730 propria.Cujus

1701 2734 1786 2791 rei
1816 2750 2000 2791 causa
2029 2734 2214 2791 fuisse
2233 2735 2468 2803 dicitur,
2495 2741 2659 2811 quod
2691 2744 3020 2813 quemdam
3036 2744 3363 2804 litterarum

1703 2821 1997 2894 bajulum,
2029 2839 2164 2896 quae
2197 2824 2256 2880 in
2290 2825 2500 2882 urbem
2517 2827 2597 2884 ab
2623 2829 2970 2889 solidandos
2990 2833 3230 2893 animos
3252 2835 3369 2893 ob-

1703 2927 2035 2979 sessorum,
2049 2912 2465 2985 aquibusdam
2481 2915 2891 2988 dirigebantur
2901 2922 3200 2992 fidelibus,
3218 2940 3366 2983 casu

148 3021 346 3072 essent
383 3015 738 3082 admodum,
782 3016 1045 3090 pfaefeefi
1093 3023 1296 3073 tamen
1336 3017 1501 3073 urbig
1537 3020 1595 3072 αι
1632 3039 1672 3096 C
1705 3000 3075 3085 ceperant,quiobservabanttransitus;quem
3100 3020 3239 3072 ante
3259 3015 3367 3073 Sa-

143 3105 201 3177 pi
226 3103 509 3171 maxime,
531 3120 791 3177 quorum
816 3104 1078 3162 multain
1102 3121 1174 3162 eo
1204 3106 1360 3163 tacto
1387 3105 1596 3162 merito
1704 3090 2061 3149 lsthfldinum
2104 3090 2454 3159 deductum»
2519 3097 2891 3165 gravi³simis
2933 3102 3369 3174 quaestionibus

138 3194 402 3251 endatur
430 3195 616 3250 virtus
647 3201 704 3251 et
737 3195 1094 3261 constantia,
1129 3196 1368 3252 monitis
1406 3200 1464 3252 et
1503 3210 1598 3251 ex·

137 3284 376 3340 ionibus
389 3284 856 3356 acquiescentes,
872 3284 964 3341 his
978 3284 1263 3341 omnibus
1282 3300 1598 3356 argumen-

139 3377 428 3443 gumenta
451 3373 813 3444 objiciebant
841 3373 1160 3438 contraria.
1184 3379 1241 3431 et
1266 3374 1493 3430 nullam
1518 3389 1603 3430 re·

137 3459 192 3518 di
228 3468 418 3519 artem
466 3462 884 3536 relinquebant
940 3464 1311 3521 intentatam.
1362 3466 1509 3521 Nam
1548 3467 1604 3520 et

137 3568 156 3607 ι
191 3552 503 3609 exteriores
533 3551 890 3622 sagittarios,
933 3551 1047 3609 tela
1087 3559 1143 3609 et
1181 3553 1452 3623 sagittae,
1481 3557 1605 3610 arte

139 3640 320 3713 ispari
355 3641 441 3697 vel
471 3641 732 3698 studiore
756 3642 1132 3714 torquebant,
1160 3643 1606 3700 undehostibus

137 3729 266 3786 adia
293 3729 468 3800 longe
500 3730 1282 3803 multipliciorainterebant‚
1311 3736 1607 3789 eteausas

137 3836 157 3873 s
174 3817 284 3874 illis
300 3818 645 3889 irrogabant
671 3819 1059 3892 frequentius,
1090 3821 1353 3893 quicum
1381 3822 1607 3894 majore

137 3910 252 3965 fvia
289 3909 648 3966 videbantur
668 3909 908 3966 instare.
942 3912 1007 3965 Et
1031 3910 1123 3966 his
1137 3911 1239 3982 qui
1260 3927 1500 3966 murum
1525 3910 1610 3967 ni-

137 4003 228 4054 tur
249 3996 570 4064 suffodere,
605 4003 728 4055 arte
759 3998 1152 4055 occurrebant
1181 3999 1415 4066 eadem,
1439 4000 1521 4056 ita
1548 4005 1611 4057 ut

137 4101 291 4158 »pere
303 4085 742 4143 desudantibus
757 4087 1110 4161 plerumque
1132 4093 1235 4145 aut
1260 4089 1612 4144 mortemin-

137 4181 192 4241 1t,
236 4181 342 4233 aut
390 4174 655 4232 fodiendi
698 4176 997 4233 auferrent
1036 4178 1454 4233 instrumenta.
1496 4180 1613 4233 Nec

137 4281 150 4320 ι
178 4265 283 4338 qui
318 4280 422 4337 per
435 4270 621 4322 terras
638 4265 1023 4334 advenerant,
1042 4265 1152 4322 has
1168 4271 1363 4322 tantas
1387 4265 1612 4322 civibus

139 4352 566 4410 sisint'erebant
587 4353 889 4410 molestias
909 4371 922 4420 ;
947 4369 1154 4410 verum
1169 4358 1226 4410 et
1247 4354 1349 4426 qui
1371 4354 1615 4426 navigio

137 4447 354 4509 serant,
384 4458 506 4498 non
527 4444 725 4498 minus
745 4447 1036 4514 proterve,
1059 4459 1181 4500 non
1210 4444 1407 4500 minus
1436 4442 1617 4500 hosti·

137 4530 687 4588 bsessisinstabant.
706 4531 839 4603 lpse
853 4538 1053 4590 autem
1083 4533 1480 4590 salahadinus
1494 4548 1615 4590 non

164 4619 245 4676 ab
279 4620 423 4677 urbe
453 4621 512 4676 in
539 4621 686 4678 colle
705 4622 1081 4690 constitutus,
1112 4627 1167 4677 et
1199 4623 1440 4695 propria
1470 4637 1617 4695 prm·

137 4729 170 4777 t,
201 4713 261 4766 et
290 4709 717 4766 exhortationis
756 4710 938 4766 verbo
974 4726 1114 4767 suos
1152 4711 1229 4767 ad
1269 4710 1615 4768 instantiam

137 4799 272 4855 abat
302 4817 315 4866 ;
348 4815 540 4872 eaque
572 4804 741 4855 tenus
772 4799 1037 4872 prot'ecit,
1060 4799 1226 4871 quod
1264 4800 1517 4873 quidam
1541 4799 1616 4857 de

137 4887 329 4960 ipibus
341 4889 392 4960 ej
405 4906 472 4943 us
489 4889 726 4945 Clioelin
740 4906 806 4944 us
830 4889 1091 4955 nomine,
1109 4887 1303 4945 scalas
1317 4890 1618 4947 moenibus

137 4977 351 5033 caudas
376 4978 739 5044 decerneret,
764 4984 821 5034 et
846 4977 1127 5033 violenter
1161 4979 1616 5050 ingrediendum

137 5064 721 5139 lenuntiaret.Turpe
735 5068 949 5123 etenim
977 5067 1028 5122 ei
1056 5067 1365 5124 videbatur
1381 5067 1616 5138 etigno-

137 5156 491 5227 ›sum,quod
513 5161 710 5221 tantae,
732 5160 1036 5211 tantorum
1070 5155 1332 5213 virorum
1360 5156 1618 5214 multitu·

145 5243 398 5315 populus
432 5249 552 5300 tam
585 5244 856 5300 modicus
887 5248 1090 5317 posset
1120 5244 1211 5300 vel
1240 5244 1488 5302 auderet
1532 5262 1619 5303 re-

141 5347 194 5387 e.
219 5331 283 5387 ln
306 5348 431 5405 quo
458 5335 766 5406 proposito
800 5334 948 5390 dum
983 5337 1390 5406 perseveraret
1434 5340 1620 5392 atten-

141 5425 199 5478 et
229 5420 377 5478 alios
403 5422 479 5479 ad
509 5422 565 5478 id
594 5423 791 5495 ipsum
828 5428 951 5480 tum
984 5422 1166 5481 verbo
1189 5428 1315 5480 tum
1344 5424 1620 5497 exemplo

137 5514 281 5580 aret,
314 5511 515 5571 subito
538 5512 941 5584 sagittajuxta
964 5512 1208 5572 oculum
1234 5511 1298 5569 in
1320 5510 1472 5571 facie
1490 5527 1622 5587 per·

1708 3180 2112 3253 subjecerunt.
2143 3179 2251 3238 Ubi
2280 3186 2404 3238 tum
2433 3199 2504 3239 ex
2529 3185 2659 3256 ejus
2689 3188 3065 3248 confessione
3081 3193 3370 3251 violenter

1709 3273 1960 3338 extorta,
2001 3273 2130 3326 tum
2168 3285 2237 3326 ex
2284 3270 2613 3329 litterarum
2663 3281 2865 3334 tenore
2913 3287 3366 3353 cognoscentes,

1709 3358 1875 3432 quod
1904 3363 2248 3415 nostrorum
2282 3364 2530 3433 uterque
2549 3370 2797 3436 paratus
2819 3374 2947 3426 erat
2973 3370 3290 3439 exercitus,
3313 3377 3371 3430 et

1712 3447 1869 3504 infra
1884 3446 2155 3505 triduum
2171 3448 2378 3521 procul
2396 3453 2561 3506 omni
2575 3452 2762 3511 dubio
2780 3455 3120 3525 adfuturus,
3137 3467 3372 3520 mutato

1712 3536 2042 3610 proposito,
2057 3536 2381 3605 solverunt,
2403 3543 2465 3595 ut
2483 3540 2834 3612 praedictum
2846 3551 2956 3613 est,
2970 3546 3370 3607 obsidionem.

1716 3625 1931 3700 Classis
1963 3631 2162 3682 tamen
2178 3631 2387 3683 nostra
2413 3644 2605 3701 usque
2635 3631 2714 3687 ad
2742 3630 2945 3691 locum
2959 3639 3374 3705 pervenitdes-

1717 3713 1973 3771 tinatum
2002 3733 2019 3787 3
2056 3715 2163 3771 sed
2194 3715 2405 3773 urbem
2434 3718 2735 3789 reperiens
2765 3719 3037 3792 liberam,
3070 3726 3131 3781 in
3164 3732 3374 3800 portus

1718 3805 1877 3860 unde
1903 3805 2068 3877 prius
2097 3805 2337 3873 exierat,
2372 3821 2495 3863 non
2524 3807 2712 3866 multo
2745 3812 3051 3883 interjecto
3078 3819 3372 3889 tempore,

1717 3909 1954 3951 reversa
1981 3901 2088 3950 est.
2121 3897 2241 3951 Rex
2265 3900 2467 3952 autem
2489 3901 2546 3953 et
2567 3898 2879 3957 universus
2894 3904 3187 3962 exercitus
3217 3906 3368 3978 ejus.

1720 3983 1960 4054 cognito
1987 3982 2153 4057 quod
2166 3984 2366 4042 hostes
2377 3984 2456 4041 ab
2479 3985 2626 4043 urbe
2654 3987 3070 4051 discessissent
3097 3994 3370 4065 obsessa.

1719 4090 1859 4131 cum
1888 4074 2048 4146 apud
2064 4077 2285 4147 Tyrum
2311 4092 2416 4148 per
2445 4077 2571 4135 dies
2599 4078 2830 4153 aliquot
2862 4098 3095 4141 moram
3118 4085 3371 4155 fecisset.

1720 4163 2011 4220 revocatis
2039 4164 2537 4237 expeditionibus,
2561 4169 2869 4240 Sephorim
2898 4188 3168 4231 reversus
3192 4182 3302 4233 est.

2358 4270 2582 4329 CAPUT
2604 4276 2733 4332 xlx.

1645 4394 1693 4451 D
1723 4357 2140 4415 salahadinus
2188 4357 2554 4429 Euphratem
2618 4367 2853 4434 transit,
2904 4367 3379 4440 Mesopotamiam

2388 4431 2710 4503 inat-essm.

1798 4535 2199 4593 salahadinus
2212 4537 2457 4604 interea,
2471 4538 2620 4596 sicut
2643 4542 2871 4599 eratvir
2882 4544 3380 4618 vigilantissimus

1725 4630 1783 4682 et
1813 4631 1932 4682 toto
1966 4626 2181 4682 mentis
2218 4626 2432 4682 ardore
2472 4627 2550 4683 ad
2583 4628 2954 4689 dilatandam
2986 4636 3249 4693 nominis
3288 4639 3381 4696 sui

1725 4714 1977 4786 gloriam
2006 4719 2063 4770 et
2090 4716 2255 4786 regni
2281 4715 2714 4774 incrementum
2753 4720 3097 4788 anhelabat.
3143 4731 3384 4784 nostro-

1722 4819 1858 4860 rum
1891 4803 2044 4860 vires
2078 4804 2256 4875 quasi
2289 4820 2398 4877 pro
2433 4806 2620 4863 nihilo
2652 4807 2880 4865 ducens
2927 4816 2982 4867 et
3016 4814 3093 4869 ad
3147 4816 3382 4887 maiora

1727 4892 2059 4965 suspirans,
2092 4892 2170 4949 ad
2201 4897 2399 4966 partes
2434 4895 2685 4952 transire
2714 4897 3008 4970 disposuit
3037 4904 3382 4966 orientales.

1727 4982 1791 5038 ld
1814 4987 2031 5048 tamen,
2059 4981 2332 5039 nondum
2361 4998 2472 5057 pro
2502 4990 2661 5041 certo
2686 4985 2871 5059 liquet
2902 4993 3101 5047 utrum
3133 4995 3382 5068 proprio

1725 5070 1943 5127 ductus
1972 5071 2206 5143 spiritu,
2250 5078 2306 5128 et
2341 5072 2515 5130 solita
2550 5088 2817 5148 praeceps
2861 5082 3381 5151 magnanimitate,

1727 5159 1801 5216 sit
1829 5174 2154 5230 aggressus
2188 5176 2203 5227 ;
2231 5176 2306 5217 an
2329 5177 2364 5217 a
2389 5162 2760 5235 principibus
2779 5165 2937 5223 illius
2960 5169 3221 5239 regionis
3249 5188 3384 5230 evo-

1728 5253 1914 5316 catus,
1943 5264 2070 5306 rem
2100 5249 2257 5306 adeo
2277 5249 2604 5318 difficilem,
2632 5258 2689 5309 et
2733 5269 2870 5326 quas
2903 5273 3086 5329 supra
3124 5259 3280 5317 vires
3304 5263 3387 5319 vi·

1728 5336 2002 5403 debatur,
2035 5339 2430 5397 attentaverit.
2456 5342 2825 5417 Quacunqne
2857 5360 3000 5416 ergo
3025 5347 3265 5417 fiducia,
3289 5352 3385 5409 in-

1728 5431 1934 5498 gentes
1954 5427 2225 5501 equitum
2244 5428 2481 5503 collegit
2517 5431 2745 5504 copias,
2778 5437 2838 5490 et
2870 5439 3218 5510 compositis
3274 5457 3386 5514 pro

1726 5512 2003 5575 locorum
2015 5519 2423 5591 ettemporum
2435 5522 2880 5594 opportunitate
2889 5525 3162 5598 sarcinis,
3180 5533 3386 5609 atquae
