3784 6000
184 204 431 277 213'

1128 204 1335 275 Hlsw.
1383 212 1658 277 RERUM
1699 208 2247 278 TRANSMARIN.
2291 250 2371 265 -·
2414 220 2563 283 tle.
2609 222 2660 284 1.

3489 230 3609 295 Ἠ

183 347 505 421 ῐίςοηείαηι,
527 351 800 421 quantam
819 351 965 404 totus
983 345 1128 419 apud
1146 360 1205 403 se
1233 347 1502 415 residens,
1526 348 1842 418 uniformis,
1874 351 1931 417 A
1959 358 2044 406 ter
2069 352 2343 421 convivas,
2373 353 2573 411 audire
2605 355 2814 412 meruit
2831 371 2853 411 .-
2893 356 3197 422 Qnomodo
3228 356 3346 417 huc
3375 359 3610 419 intrasti

180 441 465 496 consuevit
494 438 674 495 unicis
700 443 758 493 et
776 434 1159 506 singularibus
1204 442 1397 508 aptore
1423 438 1646 495 studiis.
1694 438 1840 496 Unde

178 532 233 585 et
257 528 492 600 [acilius
517 532 758 583 meretur
782 527 1023 583 veniam.
1068 526 1434 583 Distinaeimus
1460 534 1650 584 autem
1682 528 1840 584 volu·

179 632 309 673 men
338 618 663 672 universum
690 617 749 670 in
782 614 946 671 libros
966 630 1107 671 xxm
1127 629 1422 688 eorumque
1451 615 1694 687 sinpulos
1721 632 1839 672 cer-

182 709 249 763 tis
279 704 699 775 desiqnavimus
733 702 1025 776 capitulis,
1073 719 1176 775 quo
1206 705 1405 761 lectori
1430 705 1652 776 [acilius
1682 706 1839 776 quid·

182 794 329 867 quid
356 794 431 853 de
454 793 715 851 articulis
769 791 1023 849 historiae
1049 792 1161 850 sibi
1199 793 1401 850 viderit
1445 795 1839 864 necessarium,

178 894 448 943 occurrat
483 902 504 943 .·
558 882 908 956 propositum
971 883 1243 952 habentes,
1291 887 1407 942 vita
1456 888 1673 952 comite,
1718 903 1839 958 quae

178 974 449 1046 deinceps
504 976 710 1031 nostris
747 974 1087 1045 temporibus
1130 990 1321 1031 rerum
1373 977 1693 1045 suturarum
1750 976 1843 1032 cle-

178 1072 395 1137 promet
426 1064 689 1131 varietas,
718 1064 808 1120 his
836 1079 957 1136 quse
983 1062 1356 1136 praemisimus
1385 1065 1587 1123 addere
1607 1082 1630 1129 ,·
1651 1072 1704 1123 et
1728 1082 1836 1123 nu·

182 1170 405 1211 merum
435 1168 639 1226 aueere
681 1152 972 1221 librorum,
1003 1169 1100 1224 pro
1149 1154 1462 1225 quantitate
1501 1155 1841 1212 occurrentis

176 1244 461 1300 mater-in.
492 1242 721 1299 certum
757 1257 925 1313 porro
952 1245 1218 1310 tenemus,
1249 1259 1348 1300 nec
1393 1259 1489 1300 nos
1529 1244 1641 1300 haec
1684 1244 1840 1314 fallit

178 1333 393 1404 opinio,
423 1331 567 1404 quod
587 1337 791 1389 nostroe
809 1330 1107 1402 imperitiae
1131 1335 1317 1388 testem
1334 1333 1687 1404 producimus
1704 1348 1838 1406 opus

174 1437 444 1496 praesens.
494 1422 565 1478 Bt
611 1420 712 1492 qui
753 1421 927 1477 latere
971 1436 1258 1491 possumus
1297 1422 1541 1490 silentes,
1589 1431 1835 1479 nostrum

176 1509 475 1568 scribendo
501 1509 791 1582 pro-limus
828 1508 1114 1580 desectum,
1162 1510 1288 1566 dum
1320 1512 1565 1582 officium
1592 1512 1833 1569 charita·

177 1602 247 1657 tis
290 1599 723 1667 amplectimur.-
768 1597 947 1670 maois
983 1606 1167 1656 tamen
1212 1600 1462 1657 volumus
1512 1601 1715 1673 absque
1770 1616 1837 1658 ea

1951 455 2066 495 non
2108 439 2329 498 babens
2379 449 2602 499 vestem
2651 443 2974 517 nuptialem
3005 444 3036 500 ‘l
3082 446 3297 517 (Malta.
3327 466 3467 521 xxn,
3519 451 3610 523 12)

1949 527 2091 598 quod
2119 544 2189 584 ne
2231 531 2387 586 nobis
2415 531 2649 599 accidat,
2680 534 2893 588 avertat
2921 533 3019 605 qui
3063 536 3212 592 solus
3237 543 3430 610 potest,
3486 541 3598 596 mi·

1945 620 2158 673 serator
2187 621 2237 674 et
2285 621 2596 677 misericors
2628 622 2909 678 Dominus.
2967 622 3206 682 scientes
3228 629 3435 700 tamen,
3463 644 3598 701 quo-

1948 708 2109 763 niam
2142 707 2510 780 multiloquio
2534 725 2647 765 non
2681 710 2830 767 solet
2851 711 3050 769 deesse
3079 721 3382 785 peccatum
3413 717 3601 790 (Pron.

1947 794 2027 865 (x,
2048 796 2141 867 20)
2169 813 2182 864 ;
2214 801 2266 853 et
2293 797 2486 855 maeri
2541 799 2782 854 hominis
2830 798 3020 871 linqua
3048 803 3111 858 in
3143 803 3357 862 lubrico
3382 809 3586 878 posita,

1945 898 2170 956 poenam
2197 888 2371 955 facile
2397 890 2661 954 meretur,
2692 888 2991 946 invitamus
3015 894 3282 962 (rates-ne,
3313 901 3369 951 et
3396 895 3596 953 eohor-

1950 980 2131 1031 tamur
2154 976 2213 1029 in
2245 977 2470 1033 Domino
2510 981 2756 1033 nostrum
2788 978 3069 1050 lectorem,
3117 987 3181 1037 ut
3224 999 3350 1039 cum
3385 985 3602 1056 justum

1948 1062 2394 1131 reprehensionis
2424 1067 2603 1122 locum
2634 1065 2928 1138 invenerit,
2950 1068 3217 1128 charitate
3243 1072 3446 1146 media,
3475 1079 3598 1132 uta-

1949 1160 2039 1209 tur
2063 1169 2127 1210 ea
2154 1153 2408 1224 licenter,
2446 1160 2497 1212 et
2525 1155 2590 1212 de
2616 1165 2801 1213 nostra
2846 1162 3210 1229 correctione,
3254 1163 3360 1219 sibi
3394 1165 3578 1235 acqui-

1947 1252 2034 1298 rat
2059 1247 2276 1301 aeternae
2308 1247 2471 1302 vitoae
2498 1247 2831 1316 proemium:
2859 1263 3168 1321 memorque
3206 1251 3382 1308 nostri
3399 1253 3460 1307 in
3486 1255 3604 1310 sais

1948 1333 2288 1389 orationibus
2321 1333 2574 1406 impetret
2602 1335 2748 1407 apud
2797 1337 3112 1403 Dominum,
3142 1345 3205 1394 ut
3248 1340 3510 1414 quidquid
3537 1340 3600 1399 in

1946 1436 2106 1492 opere
2125 1425 2385 1494 proesenti
2405 1423 2941 1494 deliquimus‚nobis
2964 1441 3074 1483 non
3098 1428 3331 1499 imputet
3350 1430 3431 1487 ad
3447 1446 3598 1487 mor-

1948 1518 2075 1579 tem,
2106 1511 2198 1567 sod
2227 1511 2292 1567 de
2341 1515 2589 1584 qratuila
2621 1513 2868 1571 bonitate
2911 1521 2963 1572 et
3011 1515 3216 1573 inolita
3258 1517 3461 1590 pietate
3486 1519 3606 1577 ele-

1945 1607 2154 1658 menter
2184 1603 2469 1674 indulqeat
2503 1604 2760 1661 Salvator
2786 1605 3000 1672 mundi,
3041 1607 3196 1675 cuius
3225 1608 3475 1666 tribunal
3502 1625 3602 1667 nos

175 1706 295 1762 quae
324 1690 493 1758 inflat
552 1687 823 1756 inveniri,
855 1704 1019 1760 quam
1066 1703 1133 1745 ea
1170 1705 1290 1761 quae
1336 1690 1573 1761 (edificat
1616 1706 1829 1748 carere.
1870 1720 1920 1785 B
1949 1694 2142 1747 miseri
2169 1700 2223 1748 et
2253 1694 2473 1749 inutiles
2502 1696 2564 1748 in
2595 1694 2756 1751 domo
2783 1696 2901 1766 ejus
2931 1695 3100 1760 servi.
3129 1701 3474 1755 accusantem
3499 1714 3603 1756 eu—

178 1781 323 1836 Nam
340 1781 467 1834 sins
482 1778 591 1835 illa
607 1778 794 1849 plures
825 1779 1059 1847 inpressi
1095 1778 1167 1834 ad
1199 1781 1443 1850 nuptias,
1477 1796 1668 1836 mensa
1697 1781 1840 1851 reqis
1947 1797 2048 1852 pra
2078 1781 2296 1837 modum
2326 1791 2573 1839 verentes
2602 1785 3020 1853 conscientiam,
3040 1801 3150 1842 non
3182 1787 3454 1845 immerito
3477 1791 3604 1860 for-

180 1866 397 1924 inoenti
414 1871 548 1923 sunt
559 1866 715 1940 eliani
730 1883 751 1929 .·
768 1869 867 1938 qui
884 1875 1070 1923 autem
1091 1866 1213 1923 sine
1237 1867 1342 1924 hac
1362 1870 1622 1925 inventus
1641 1875 1722 1924 est
1747 1869 1831 1924 in·

1950 1870 2248 1925 mittamus.

1219 2141 1545 2226 LIBER
1631 2142 2066 2231 PRIMUS
2122 2144 2561 2231 INCIPIT.

713 2497 944 2554 CAPUT
983 2498 1290 2556 PRIMUM.

171 2607 325 2679 Quod
356 2615 603 2677 tempore
628 2607 877 2663 Heraclii
927 2608 1183 2679 Anqusti,
1217 2611 1422 2665 Homar
1448 2610 1598 2680 filius
1641 2611 1832 2680 Catab,

240 2682 449 2737 tertius
494 2682 617 2749 post
660 2678 995 2748 natamus,
1059 2680 1175 2737 dux
1210 2680 1480 2750 Arphum,
1511 2682 1833 2738 universam

240 2752 543 2823 occupavit
570 2749 827 2823 Syriam.

240 2858 525 2916 Tradunt
561 2864 782 2916 veteres
838 2858 1120 2926 historie,
1177 2863 1235 2916 et
1289 2860 1346 2916 id
1404 2859 1600 2934 ipsum
1659 2861 1830 2917 etiam

176 2947 403 3008 habent
432 2947 820 3006 Orientalium
846 2949 1206 3019 traditiones,
1239 2950 1395 3022 quod
1426 2953 1689 3022 tempore
1718 2965 1830 3020 quo

1944 2500 2350 2574 comprimeret
2379 2501 2778 2572 insolentiam,
2803 2502 3013 2559 maluit
3041 2505 3112 2560 ed
3138 2503 3368 2577 propria
3389 2520 3596 2579 sospes

1944 2590 2148 2659 redire,
2179 2607 2356 2662 quam
2382 2591 2605 2648 viribus
2625 2592 2972 2665 imparibus,
2997 2591 3282 2650 bellorum
3307 2608 3368 2649 se
3390 2593 3592 2651 dubiis

1944 2680 2306 2736 committere
2351 2680 2606 2737 casibus.
2663 2681 2760 2737 Sic
2790 2696 2929 2752 ergo
2984 2696 3053 2738 eo
3101 2682 3456 2751 discedente,
3489 2683 3590 2755 qni

1941 2769 2172 2823 afflictis
2204 2768 2425 2825 civibus
2457 2772 2762 2826 tenebatur
2792 2770 3182 2841 patrocinium
3232 2771 3585 2840 ministrare,

1939 2859 2196 2915 Arabum
2228 2858 2473 2916 invaluit
2517 2859 2813 2931 violentia,
2868 2859 2948 2917 ita
2994 2866 3060 2917 ut
3108 2859 3305 2918 subito
3346 2865 3405 2918 et
3431 2860 3584 2918 intra

1939 2952 2172 3023 tempus
2206 2949 2522 3018 modicum,
2563 2964 2599 3006 a
2631 2948 2896 3007 Laodicia
2927 2949 3102 3023 Syria
3124 2950 3392 3021 usquein
3419 2951 3590 3025 AEgy·

174 3037 486 3096 Heraclius
507 3041 806 3110 Augustus
828 3038 1157 3096 Romanum
1183 3040 1635 3098 administrabat
1661 3041 1833 3114 impe-
1861 3066 1907 3136 C
1945 3040 2131 3109 ptum,
2164 3038 2462 3094 universas
2483 3038 2892 3110 occupaverint
2915 3038 3201 3110 regiones.
3219 3038 3362 3106 Quis
3390 3044 3586 3097 autem

180 3128 361 3199 rium,
386 3126 735 3184 Mahumeth
764 3129 1136 3201 primogeniti
1165 3129 1392 3208 Satanae
1431 3130 1555 3202 (qui
1587 3146 1651 3187 se
1697 3146 1829 3202 pro-

177 3216 422 3289 phetam
445 3233 482 3272 a
507 3215 754 3274 Domino
776 3217 1023 3275 missum
1047 3219 1403 3288 mentiendo,
1444 3217 1826 3276 Orientalium

176 3305 468 3378 regiones,
501 3308 558 3361 et
600 3305 856 3363 maxime
883 3305 1154 3363 Arabiam
1198 3308 1525 3378 seduxerat)
1555 3308 1633 3363 ita
1663 3306 1829 3363 inva-

178 3393 373 3452 luerat
397 3394 660 3451 doctrina
695 3395 996 3467 pestilens,
1030 3400 1086 3451 et
1127 3396 1547 3453 disseminatus
1583 3395 1830 3469 languor

179 3483 257 3540 ita
289 3482 605 3541 universae
629 3488 1014 3557 occupaverat
1059 3485 1406 3556 provincias,
1450 3491 1508 3541 ut
1536 3486 1665 3557 ejus
1694 3501 1828 3541 suc-

181 3588 445 3630 cessores
460 3572 590 3643 jam
611 3589 726 3630 non
758 3572 1266 3632 exhortationibus
1285 3573 1376 3630 vel
1403 3574 1830 3647 praedicatione,

178 3662 275 3718 sed
305 3659 527 3734 gladiis
566 3666 629 3719 et
665 3661 945 3720 violentia
990 3663 1050 3720 in
1088 3680 1267 3721 suum
1297 3680 1549 3722 errorem
1583 3663 1830 3737 populos

180 3750 532 3809 descendere
563 3751 971 3825 compellerent
1005 3753 1235 3811 invitos.
1269 3755 1413 3811 Cum
1444 3754 1600 3810 enim
1624 3753 1832 3827 praedi·

179 3845 305 3898 etus
335 3841 665 3913 Angustus,
706 3842 889 3899 victor
933 3858 1199 3900 reversus
1244 3843 1316 3901 de
1371 3841 1607 3899 Perside
1651 3843 1835 3912 (unde

178 3947 419 3990 erucem
472 3931 705 3989 Domini
756 3948 891 3991 cum
948 3932 1129 4004 gloria
1179 3935 1585 4006 reportaverat)
1644 3932 1835 3991 adhuc

180 4021 239 4077 in
272 4021 449 4094 Syria
480 4036 702 4079 moram
753 4022 986 4092 faceret,
1017 4026 1076 4079 et
1120 4038 1223 4096 per
1263 4024 1609 4093 Modestum,
1641 4020 1827 4078 virum

183 4109 583 4168 venerabilem
594 4151 609 4179 ,
623 4126 793 4183 quem
805 4111 1224 4185 Hierosolymis
1235 4110 1805 4183 ordinaveratepisoo
1820 4142 1831 4150 ·

182 4214 357 4272 pum,
387 4197 774 4256 ecclesiarum
805 4200 1027 4268 ruinas,
1080 4216 1227 4272 quas
1262 4200 1495 4265 Cosroe,
1531 4199 1834 4255 Persarum

185 4292 429 4359 satrapa
462 4287 865 4361 nequissimus
895 4288 1185 4347 hostiliter
1214 4290 1525 4362 deiecerat,
1572 4288 1633 4344 in
1682 4288 1835 4361 prio-

1944 3125 2118 3182 suerit
2148 3125 2462 3195 praedietue
2491 3125 2854 3198 Mahumetb,
2884 3130 2943 3184 et
2971 3126 3149 3196 unde,
3188 3131 3245 3185 et
3291 3127 3588 3200 quomodo

1937 3213 2008 3267 ad
2029 3213 2179 3268 hanc
2210 3214 2532 3284 proruperit
2552 3213 2864 3286 insaniam,
2890 3218 2955 3271 ut
2972 3230 3034 3272 se
3049 3214 3395 3288 prophetam
3415 3230 3586 3272 men·

1940 3302 2033 3359 tiri
2070 3306 2129 3358 et
2174 3320 2209 3358 a
2259 3306 2371 3358 Deo
2411 3303 2656 3359 missum
2718 3302 2907 3361 dicere
2958 3308 3373 3377 praeumeret3
3407 3306 3580 3378 cujus

1939 3408 2110 3464 porro
2140 3391 2274 3448 vitae
2304 3399 2358 3447 et
2389 3393 2849 3450 conversationis
2883 3411 2897 3463 ;
2932 3393 3192 3467 quandiu
3235 3395 3579 3469 regnaverit,

1939 3486 1996 3538 et
2025 3480 2154 3551 ubi;
2204 3485 2262 3540 et
2300 3497 2444 3554 quos
2499 3483 2739 3540 demum
2787 3483 3055 3541 habuerit
3081 3499 3449 3543 successores
3479 3502 3498 3551 ς
3524 3489 3585 3543 et

1940 3571 2231 3643 quomodo
2288 3587 2436 3644 pene
2479 3573 2678 3628 orbem
2722 3571 3058 3630 uuiversum
3108 3573 3400 3645 pestiferis
3456 3574 3587 3646 ejus

1941 3662 2288 3734 repleverint
2317 3662 2711 3734 dogmatibus.
2744 3663 2842 3736 qui
2886 3678 3020 3721 eum
3059 3662 3120 3719 in
3150 3664 3354 3720 eodem
3392 3678 3585 3721 errore

1941 3751 2124 3809 secuti
2155 3755 2311 3820 sunt,
2350 3751 2487 3807 alibi
2522 3751 2912 3809 disseruimus
2955 3750 3289 3824 diligenter,
3339 3752 3495 3809 siout
3515 3767 3587 3808 ex

1942 3839 2433 3913 subsequentibus
2460 3842 2634 3898 datur
2662 3840 2907 3915 intelligi
2939 3840 3266 3898 manifeste.

2589 3948 2823 4005 CAPUT
2851 3947 2917 4005 11.

1945 4037 2081 4106 Quae
2105 4038 2215 4107 fait
2241 4037 2470 4099 occasio,
2502 4036 2642 4108 quod
2686 4040 2770 4093 ita
2823 4038 3002 4094 subito
3033 4038 3311 4095 Orientem
3357 4052 3584 4107 occupa-

2013 4110 2094 4164 vit
2120 4125 2144 4172 ;
2173 4109 2389 4180 ecquod
2413 4108 2556 4163 idem
2585 4110 3024 4182 Hierosolymam
3049 4112 3287 4179 veniens,
3322 4110 3590 4182 templum

2014 4179 2237 4237 Domini
2264 4179 2597 4250 reaedificari
2623 4185 2903 4254 praecepit.

2014 4286 2445 4360 cooperabatur
2473 4303 2616 4344 sane
2647 4289 2720 4345 ad
2755 4304 2961 4347 eorum
2995 4288 3383 4362 propositum,
3430 4288 3586 4362 quod

186 4392 313 4433 rem
337 4380 588 4439 etatum,
609 4377 762 4435 datis
779 4378 1118 4449 sumptibus
1137 4378 1504 4445 necessariis,
1530 4377 1833 4435 reformari
1945 4373 2147 4446 paucis
2176 4383 2311 4433 ante
2335 4376 2510 4433 annia
2539 4376 2847 4450 predictus
2894 4378 3123 4448 Gosroe,
3174 4379 3442 4436 eamdem
3487 4380 3589 4450 Sy-

187 4465 585 4538 procepisset.
615 4466 851 4536 Homer,
884 4468 1045 4526 filins
1074 4469 1269 4539 Catab,
1302 4486 1334 4526 a
1364 4467 1638 4541 praedicto
1668 4468 1839 4525 sedu-
1872 4448 1920 4513 D
1952 4465 2096 4521 riam
2127 4464 2408 4522 violenter
2433 4465 2756 4538 ingressus,
2791 4467 2968 4524 urbes
2997 4467 3306 4539 deiecerat,
3337 4479 3591 4524 concen-

184 4562 343 4612 ctore
373 4554 603 4625 tertius,
633 4559 846 4614 erroris
877 4561 935 4614 et
963 4558 1127 4630 regni
1159 4573 1487 4625 successor,
1526 4572 1662 4612 oum
1693 4554 1837 4611 infl-

182 4644 325 4702 nitie
346 4644 603 4701 Arabum
624 4645 831 4717 copiis,
850 4648 1145 4719 egregiam
1168 4647 1611 4705 Paiaestinorum
1634 4645 1837 4702 urbem

179 4737 399 4791 Gazam
416 4735 542 4805 Jam
563 4739 950 4809 occupaverat
967 4735 1267 4793 violenter.
1284 4735 1446 4793 Unde
1466 4733 1838 4808 postmodum

181 4820 684 4879 Damascenorum
705 4821 853 4881 fines
873 4839 1005 4881 cum
1030 4824 1151 4880 suis
1177 4823 1507 4897 legionibus
1532 4827 1590 4880 et
1612 4820 1841 4878 infinita

183 4909 585 4977 multitudine,
614 4927 787 4982 qnam
818 4928 1019 4969 secum
1053 4913 1339 4981 trahebat,
1371 4913 1698 4985 ingressus,
1728 4910 1838 4967 Da-

182 5014 452 5057 mascum
482 5007 932 5072 expugnaverat,
968 5003 1241 5074 proedicto
1273 5003 1623 5074 imperatore
1645 5000 1837 5058 adhuc

181 5087 239 5146 in
290 5089 499 5146 Cilicia
552 5089 635 5146 rei
687 5091 901 5147 exitum
957 5095 1340 5162 exspectante.
1394 5091 1556 5156 Quod
1614 5105 1747 5147 cum
1776 5089 1830 5148 ei

182 5180 563 5240 nuntiaretur
591 5182 745 5251 quod
795 5181 1011 5237 Arabes
1068 5181 1125 5236 in
1182 5186 1407 5237 tantam
1446 5178 1583 5235 elati
1631 5194 1837 5250 super·

179 5268 363 5337 biam,
396 5272 456 5325 et
480 5284 511 5325 e
542 5284 653 5325 sua
681 5268 1055 5326 multitudine
1077 5273 1521 5343 praesumentes,
1546 5268 1837 5325 Romaw·

180 5373 315 5413 rum
346 5357 499 5414 tinea
529 5355 822 5429 invadere,
852 5362 911 5415 et
950 5373 1151 5415 eorum
1184 5358 1359 5414 urbes
1389 5357 1505 5413 sibi
1540 5357 1837 5415 vindicare

184 5461 303 5504 non
332 5451 706 5514 vererentur,
734 5446 937 5506 videns
957 5447 1113 5519 quod
1144 5446 1197 5503 ei
1226 5447 1381 5504 vires
1410 5462 1529 5504 non
1558 5456 1833 5520 suppete-

184 5541 319 5594 rent
334 5535 412 5595 ad
433 5536 865 5596 coenandum
886 5536 1460 5607 tantomuttitudini,
1478 5542 1535 5595 et
1549 5540 1613 5594 at
1628 5550 1833 5594 eorum

1949 4554 2111 4611 derat
2139 4554 2516 4622 suburbana;
2538 4560 2596 4610 et
2624 4555 2901 4613 ecclesias
2922 4555 3284 4622 subvertens,
3308 4552 3592 4626 populum

1948 4646 2334 4714 captivaverat
2366 4661 2381 4711 ;
2414 4648 2493 4714 et,
2526 4644 2676 4701 Urbe
2704 4653 2904 4701 sancta
2930 4645 3191 4713 effracta,
3212 4642 3502 4700 hostiliter
3527 4639 3592 4698 in

1948 4747 2018 4788 ea
2043 4732 2285 4804 triginta
2315 4749 2416 4789 sex
2439 4733 2652 4789 civium
2684 4733 2870 4790 millia
2899 4732 3091 4806 gladio
3123 4730 3434 4803 perimens,
3463 4746 3592 4787 cru·

1948 4838 2072 4878 cem
2104 4822 2468 4880 Dominicam
2489 4828 2549 4880 et
2574 4823 2683 4880 loci
2706 4823 2973 4894 ejusdem
3003 4822 3341 4894 episcopum
3373 4818 3592 4877 Zacha-

1948 4911 2117 4978 riam,
2141 4926 2273 4967 cum
2305 4912 2537 4968 residuo
2569 4912 2770 4984 populi
2800 4916 2921 4968 tam
2954 4909 3116 4968 urbis
3136 4924 3311 4982 quam
3339 4908 3590 4983 regionis

1953 4999 2236 5056 universae
2267 5016 2467 5057 seeum
2500 5000 2799 5057 transtulit
2829 5001 2889 5057 iu
2920 5000 3242 5058 Persidem.
3294 4997 3398 5055 Hic
3428 4999 3588 5055 enim

1947 5104 2049 5146 rex
2076 5092 2383 5146 Persarum
2416 5089 2885 5163 potentissimus,
2914 5089 3136 5147 domini
3165 5088 3419 5147 Mauritii
3466 5088 3588 5145 Au-

1946 5178 2104 5251 gusti
2129 5177 2324 5252 (cujus
2351 5180 2494 5236 adeo
2518 5178 2826 5236 familiaris
2844 5178 2957 5236 tuit
2975 5179 3180 5236 beatus
3203 5194 3354 5250 papa
3373 5176 3593 5248 Grego-

1947 5267 2089 5335 riuS,
2127 5272 2186 5325 ut
2218 5285 2400 5325 unum
2435 5269 2505 5324 de
2534 5268 2733 5325 liberis
2759 5271 2885 5342 ejus
2914 5272 2984 5326 de
3013 5285 3180 5326 sacro
3210 5267 3368 5324 fonte
3397 5264 3595 5323 sueci-

1945 5358 2132 5429 peret)
2180 5357 2360 5414 filiam
2404 5360 2635 5415 nomine
2687 5357 2928 5416 Mariam
2979 5357 3042 5415 in
3093 5372 3329 5414 uxorem
3386 5352 3590 5412 duxit:

1942 5446 2118 5517 eujus
2174 5448 2363 5519 gratia
2435 5447 2712 5520 oonJugii,
2777 5445 3072 5503 lavacrum
3137 5443 3595 5518 regenerationis

1942 5537 2195 5609 adeptus
2251 5545 2366 5603 eet,
2437 5536 2662 5608 fuitque
2731 5536 3123 5596 Romanorum
3178 5533 3594 5608 amicissimus,
