3784 6000
129 111 249 175 5¹3

752 247 980 306 CAPUT
1019 248 1185 306 XXV.

130 355 513 425 Borsequinus
542 355 748 410 ilerum
780 355 1230 412 Antiochensi-um
1273 364 1437 413 vexat
1478 358 1615 429 fines
1634 378 1651 422 ,·
1698 359 1792 415 sed

202 437 532 482 occurrente
558 427 664 482 sibi
705 426 958 497 principe
997 429 1199 497 noyer-o
1235 445 1358 484 cum
1386 431 1503 484 suis
1534 432 1787 499 auxiliis,

197 500 465 570 confusus
513 500 574 554 in
600 502 794 569 lupam
840 502 1091 568 uertitur,
1143 501 1452 569 leqionibus
1494 501 1788 558 dissolutis.

206 607 361 663 Dum
391 606 574 680 igitur
602 606 724 662 haec
752 606 814 662 in
836 622 1015 679 regno
1040 617 1344 681 geruntur,
1369 609 1792 682 Bursequinus,

131 698 204 755 de
234 714 356 770 quo
389 697 660 770 superius
686 699 963 767 diximus,
1011 699 1108 772 qui
1130 700 1201 755 ad
1232 703 1540 757 adventum
1569 699 1798 758 domini

130 786 291 860 regis
323 790 380 844 et
410 786 661 844 aliorum
721 786 1008 844 nobilium
1047 788 1146 860 qui
1179 794 1384 845 contra
1413 806 1545 846 eum
1583 807 1798 847 conve-

131 881 367 946 nerant,
401 878 595 947 rugam
626 880 685 934 et
714 877 1040 934 discessum
1072 878 1383 949 apartibus
1412 879 1795 938 Antiochenis

130 964 542 1030 simulaverat,
592 965 794 1023 videns
844 966 1000 1039 quod
1053 983 1151 1024 rex
1190 971 1247 1023 et
1294 969 1560 1040 princeps
1590 971 1794 1026 Antio-

129 1054 382 1123 chenus,
420 1053 813 1125 Doldequinus
858 1071 1089 1127 quoque
1129 1056 1523 1113 discesserant
1553 1058 1792 1113 abinvi-

130 1159 283 1212 cem,
306 1146 366 1201 et
383 1143 542 1199 curis
561 1142 733 1200 tracti
753 1145 1095 1201 domesticis
1120 1145 1413 1202 redierant
1431 1147 1503 1202 ad
1535 1147 1794 1219 propria,

134 1232 460 1290 arbitratus
491 1233 643 1304 quod
674 1249 792 1289 non
828 1233 993 1290 tacite
1047 1235 1240 1291 denuo
1289 1239 1533 1307 possent
1583 1251 1797 1293 conve-

133 1321 279 1391 nire,
314 1337 549 1379 rursum
578 1331 767 1394 partes
823 1323 1059 1380 infestat
1111 1324 1531 1395 Antiochenas3
1566 1328 1622 1381 et
1657 1341 1796 1397 per-

133 1426 381 1468 currens
420 1411 715 1485 regionem
759 1412 1118 1482 universam,
1163 1412 1332 1471 villas
1361 1414 1636 1483 incendit,
1660 1432 1799 1472 con-

144 1503 375 1557 cremat
402 1500 782 1571 suburbana;
815 1506 872 1557 et
901 1502 1180 1574 quidquid
1211 1508 1372 1560 extra
1402 1506 1624 1561 munita
1654 1521 1799 1578 pree·

667 110 866 174 HIS'B.
914 110 1189 176 RERUM
1233 112 1772 177 TRANSMARIN.
1821 146 1898 160 -—
1941 114 2095 176 LIB.
2143 113 2249 176 xl.
2295 114 2750 180 BALDUINUS
2795 120 2821 179 1
2869 119 3046 181 REX.

3439 126 3558 189 514

1823 252 1879 318 Α
1909 251 2173 309 sionibus
2204 251 2516 308 resistendi
2547 267 2712 324 spem
2747 252 3313 328 habentee.proterve
3337 259 3562 320 nimisa

1903 356 1965 396 se
1996 345 2231 396 nostros
2263 339 2572 396 tentabant
2614 341 3002 412 propulsare;
3036 347 3137 401 sed
3179 348 3415 405 tandem
3457 365 3557 407 no·

1902 433 2152 486 strorum
2188 430 2360 497 vires,
2399 429 2653 499 impetus
2704 435 2762 485 et
2809 431 3210 491 admirabilem
3255 441 3556 509 stupentes

1903 520 2323 588 constantiam,
2353 520 2660 576 dissolutis
2691 522 2921 592 penitus
2951 539 3154 582 eorum
3195 528 3556 599 agminibus,

1904 610 1965 665 in
2000 611 2194 682 fugam
2228 611 2378 666 versi
2417 613 2573 666 sunt.
2607 610 3009 683 Bursequinus
3049 630 3181 671 vero
3213 616 3286 672 de
3342 619 3557 677 montis

1908 699 2165 755 culmine
2187 714 2430 756 suorum
2450 698 2657 754 videns
2688 700 2997 769 deiectum,
3029 706 3264 761 nostros
3294 720 3428 763 vero
3457 707 3557 764 in·-

1900 789 2211 858 valescere,
2245 804 2378 845 cum
2405 787 2587 844 fratre
2606 792 2665 844 et
2681 788 3068 847 familiaribus
3097 808 3246 865 quos
3265 793 3328 850 in
3359 801 3555 855 monte

1902 875 2211 944 collegerat
2242 875 2445 931 relicto
2473 873 2704 936 vexillo,
2729 876 2938 932 castris
2980 882 3037 934 et
3075 881 3323 937 sarcinis
3351 885 3553 940 omni-

1900 965 2031 1034 bus,
2065 966 2205 1037 suga
2233 964 2488 1035 elapsus,
2543 965 2671 1019 vitae
2719 965 3025 1022 consuluit.
3079 967 3407 1029 Dissolutas
3449 974 3554 1031 ita-

1904 1069 2013 1126 que
2044 1053 2200 1110 acies
2229 1062 2282 1110 ei
2329 1053 2387 1109 in
2431 1052 2626 1122 fugam
2658 1070 2855 1110 versas
2887 1057 3072 1111 nostri
3121 1068 3556 1132 persequuntur

1902 1145 2253 1213 instantius;
2285 1154 2340 1201 et
2369 1143 2583 1215 gladiis
2613 1144 3028 1202 obtruncantes
3061 1149 3354 1220 fugitivos,
3385 1155 3556 1225 quasi

1903 1252 2007 1308 per
2029 1235 2146 1292 duo
2183 1235 2458 1292 milliaria
2501 1240 2756 1306 stragem
2799 1235 3091 1294 infinitam
3133 1241 3348 1310 operati
3390 1248 3552 1300 sunt.

1901 1326 2180 1398 Princeps
2209 1329 2404 1382 autem
2426 1328 3016 1396 cumpartesuorum,
3037 1331 3320 1400 tanquam
3351 1331 3550 1404 victor,

1902 1416 1963 1472 in
1993 1431 2202 1488 campo
2232 1415 2571 1472 certaminis
2615 1414 2796 1470 biduo
2845 1430 3064 1473 moram
3124 1418 3368 1489 faciens,
3413 1438 3554 1481 suos

1900 1504 2289 1574 operiebatur,
2323 1504 2424 1575 qui
2456 1504 2529 1560 ad
2573 1506 2765 1575 partes
2795 1503 3055 1561 diversas
3098 1506 3298 1566 hostes
3325 1509 3560 1569 fuerant

132 1589 293 1647 sidia
320 1590 573 1662 reperire
603 1595 892 1664 poterant,
923 1593 1032 1647 sibi
1053 1593 1272 1649 dabant
1301 1593 1359 1650 in
1405 1595 1787 1666 direptionem
1819 1599 1865 1665 Β
1902 1592 2171 1649 insecuti.
2215 1594 2437 1660 Quibus
2467 1593 2734 1665 receptis,
2786 1598 2843 1649 ot
2889 1600 3267 1668 comportatis
3315 1604 3453 1658 ants
3495 1619 3558 1661 se

134 1681 196 1736 et
210 1680 464 1751 predam
506 1694 522 1735 t
554 1679 758 1736 divisis
786 1680 963 1736 etiam
995 1682 1327 1738 catervatim
1351 1683 1688 1755 agminibus
1716 1684 1788 1739 ad

133 1769 329 1825 varias
358 1768 692 1842 dirigebant
721 1776 930 1842 partes,
964 1775 1028 1827 ut
1057 1775 1308 1844 stragem
1333 1773 1555 1845 passim
1579 1789 1783 1845 opera·

135 1862 364 1925 rentur,
405 1862 464 1914 et
492 1859 748 1916 incautis
778 1864 1138 1928 occurentes,
1171 1861 1291 1917 sive
1324 1877 1424 1932 per
1454 1878 1643 1933 agros,
1668 1863 1789 1918 sive

133 1948 249 2006 iter
289 1953 549 2022 agentes,
601 1953 702 2007 aut
755 1950 1012 2022 captivos
1070 1967 1268 2008 secum
1316 1952 1635 2022 traherent,
1688 1957 1792 2010 aut

130 2037 352 2110 gladiis
373 2039 814 2097 obtruncarent.
838 2044 954 2097 Nec
976 2041 1167 2098 solum
1188 2041 1358 2098 villas
1382 2043 1602 2114 absque
1620 2059 1785 2099 muro

129 2128 264 2184 suis
311 2127 696 2200 effringebant
754 2129 1200 2202 irruptionibus,
1266 2146 1464 2187 verum
1509 2131 1684 2188 etiam
1733 2136 1791 2188 et

136 2224 371 2274 murata
419 2218 735 2291 municipia
774 2218 1052 2276 violenter
1097 2221 1483 2291 occupabant.
1533 2221 1787 2279 Mari-am

134 2306 435 2378 siquidem
467 2311 524 2364 ct
551 2308 880 2378 Cafardam,
911 2308 1346 2380 comprehensis
1378 2310 1534 2366 intus
1562 2310 1790 2367 habita-

136 2397 392 2454 toribus.
412 2398 630 2469 partim
663 2399 979 2470 peremptis
1000 2398 1214 2470 gladio,
1246 2399 1457 2471 partim
1491 2400 1790 2474 compedi-

138 2484 256 2540 bus
289 2486 661 2557 mancipatis,
693 2487 762 2542 ad
794 2485 986 2543 solum
1019 2502 1205 2559 usquc
1225 2487 1556 2557 deJecerant
1577 2506 1591 2557 ;
1615 2494 1670 2544 et
1691 2492 1787 2546 ob·

139 2573 403 2632 tinentes
424 2575 718 2648 regionem
743 2581 947 2645 totam,
963 2577 1216 2648 undique
1239 2579 1513 2649 praedam,
1528 2577 1790 2651 undique

136 2663 480 2722 Christiana
510 2666 801 2738 mancipia
832 2664 1083 2738 singulis
1116 2666 1324 2722 diebus
1344 2665 1787 2723 contrahebant.

141 2753 310 2819 Quod
342 2757 410 2809 ut
437 2754 690 2827 principi
720 2755 1052 2812 nuntiatum
1074 2759 1184 2822 est,
1208 2755 1390 2813 accito
1411 2756 1523 2811 sibi
1555 2756 1791 2813 domino

138 2841 357 2900 comite
397 2842 709 2913 Edessano,
767 2844 1114 2901 duodecima
1153 2845 1371 2902 mensis
1409 2845 1788 2916 Septembris,

1900 1681 2105 1754 spoliis
2127 1684 2428 1750 omnibus,
2476 1684 2768 1753 portiones
2808 1700 3091 1755 congruas
3120 1687 3376 1746 victorioe
3408 1707 3554 1763 prae·

1901 1774 2018 1826 stat
2049 1771 2435 1828 consortibus„
2469 1771 2673 1828 Castra
2704 1773 2857 1828 enim
2904 1777 3231 1833 deserentes
3274 1780 3550 1837 omuibus

1902 1859 2110 1915 referta
2130 1860 2674 1929 commoditatibus,
2694 1861 3103 1933 etingentibus
3127 1863 3321 1921 divitis
3343 1866 3558 1924 redun-

1900 1948 2098 2003 dantia
2132 1964 2320 2020 usque
2372 1951 2437 2004 ad
2488 1966 2854 2020 supremum,
2889 1952 3151 2008 omnium
3202 1970 3406 2013 eorum
3436 1956 3550 2013 im-

1900 2052 2186 2094 memores
2224 2039 2422 2110 t'ugam
2474 2039 2747 2096 inierant.
2778 2040 2885 2096 Sed
2935 2045 2992 2096 et
3027 2042 3281 2113 praedam
3314 2049 3371 2102 et
3421 2062 3546 2104 ma-

1902 2126 2132 2194 nubias,
2168 2144 2316 2199 quas
2348 2127 2418 2184 do
2449 2127 2592 2185 locis
2624 2128 2870 2185 diversis
2893 2134 3302 2190 contraxerant
3327 2150 3343 2204 3
3368 2133 3548 2192 simul

1898 2219 1955 2272 ct
1985 2217 2240 2288 captivos
2272 2220 2516 2280 nostros.
2571 2234 2718 2290 quos
2765 2218 2826 2274 in
2873 2219 3100 2277 vincula
3146 2224 3549 2294 conjecerant,

1900 2310 2242 2377 receperunt
2288 2306 2510 2373 nostri;
2543 2314 2592 2362 et
2643 2307 2960 2379 gindentes
2992 2325 3125 2366 cum
3168 2310 3293 2368 suis
3330 2313 3549 2370 anima-

1900 2394 2077 2462 libus,
2120 2395 2400 2450 uxoribus
2437 2405 2490 2451 et
2535 2395 2733 2452 liberis
2774 2397 3127 2454 remiserunt
3176 2401 3247 2455 ad
3292 2402 3542 2474 propria.

1902 2481 2187 2538 Dicuntur
2202 2487 2394 2540 autem
2419 2485 2476 2540 in
2498 2501 2565 2540 eo
2586 2484 2860 2542 conflictu
2880 2487 3165 2542 cecidisse
3188 2489 3259 2543 de
3284 2488 3550 2546 hostibus

1901 2571 2034 2644 plus
2064 2589 2236 2644 quam
2266 2575 2378 2631 tria
2409 2574 2612 2632 millia.
2635 2576 2733 2632 His
2757 2577 3024 2647 peractis,
3048 2578 3321 2651 princeps
3353 2581 3542 2653 equis,

1903 2661 2080 2717 mulis
2110 2666 2168 2718 et
2188 2666 2545 2735 captivorum
2576 2671 2712 2721 ante
2732 2682 2791 2721 se
2823 2667 3121 2737 praemissa
3143 2668 3547 2740 multitudine,

1902 2751 2239 2809 divitiarum
2258 2770 2490 2827 quoque
2505 2756 2839 2812 omnimoda
2855 2755 3129 2813 varietate
3150 2760 3549 2827 antecedente,

1900 2841 2263 2899 Antiochiam
2282 2845 2637 2917 cumingent
2667 2845 3309 2918 plausuetpopularum
3350 2846 3554 2907 laetitia
3645 2878 3652 2883 ·

129 2931 447 2988 Antiochia
490 2949 784 3007 egressus,
825 2943 954 2991 anie
1001 2935 1282 3007 oppidum
1342 2936 1591 3009 Rugiam
1656 2954 1789 2994 cum
1826 2976 1869 3046 c
1905 2928 2416 3005 victoringressus
2446 2937 2555 2992 est.

133 3023 265 3081 suis
284 3022 754 3096 expeditionibus
776 3025 1023 3098 impiger
1038 3026 1242 3083 astitit.
1268 3026 1580 3099 Missisque
1601 3028 1793 3084 statim

131 3110 600 3184 exploratoribus
629 3114 729 3186 qui
765 3113 834 3171 de
865 3114 1125 3171 hostium
1159 3118 1313 3171 statu
1346 3132 1480 3172 eum
1506 3116 1788 3173 certifica·

134 3203 271 3257 rent
318 3202 379 3258 et
421 3203 738 3274 proposito,
788 3204 912 3273 ipse
963 3203 1116 3260 acies
1173 3204 1434 3273 instruit,
1493 3207 1791 3278 componit

136 3289 403 3363 agmina,
432 3290 505 3347 ad
538 3306 798 3364 pugnam
846 3292 1096 3350 viriliter
1146 3309 1207 3349 se
1256 3295 1562 3366 accingens
1596 3313 1609 3351 ε
1643 3296 1798 3354 circa

139 3394 293 3452 quas,
320 3378 469 3436 dum
491 3381 663 3451 Juxta
691 3380 772 3437 rei
819 3381 1088 3438 militaris
1125 3382 1466 3454 diciplinam
1497 3401 1532 3440 a
1559 3385 1797 3441 domino

138 3469 359 3525 comite
420 3468 671 3526 fideliter
710 3470 945 3541 adjutus
993 3471 1325 3541 desudaret,
1389 3488 1519 3529 ecce
1552 3473 1799 3531 nuntius

138 3573 280 3614 cum
300 3557 467 3615 omni
488 3558 784 3615 celeritate
809 3575 1145 3632 properans,
1171 3560 1366 3616 hostes
1407 3562 1465 3617 in
1496 3560 1643 3618 valle
1664 3562 1798 3618 Sar·

145 3645 291 3702 mati
324 3649 774 3704 castrametatos
804 3647 1028 3704 asserit.
1061 3651 1183 3713 Quo
1196 3649 1414 3718 audito,
1442 3650 1799 3708 exhilaratus

142 3740 237 3792 est
266 3735 593 3793 admodum
625 3735 933 3794 universus
963 3739 1269 3806 exercitus,
1301 3741 1586 3813 quasispe
1618 3741 1803 3797 victo—

142 3825 244 3882 τίω
267 3827 398 3897 jam
432 3830 735 3899 concepta.
768 3830 900 3900 Ipse
928 3828 1103 3883 etiam
1156 3828 1576 3901 Bursequinus,
1600 3830 1802 3886 audito

145 3918 485 3972 nostrorum
516 3916 791 3986 adventu,
852 3932 993 3973 suos
1041 3918 1254 3973 armari
1284 3918 1566 3991 praecipit,
1614 3922 1673 3975 et
1711 3919 1804 3976 in-

148 4004 399 4060 structis
428 4004 767 4078 agminibus
798 4006 869 4062 ad
905 4007 1189 4076 agendum
1229 4012 1466 4065 strenue
1509 4007 1805 4065 commili-

150 4096 326 4149 tones
359 4092 589 4151 invitat.
612 4092 826 4151 Volens
854 4099 1051 4152 tamen
1083 4113 1202 4152 suae
1255 4097 1556 4168 providere
1602 4097 1802 4170 saluti,

150 4196 289 4238 cum
322 4180 502 4239 tratre
527 4188 584 4240 et
612 4182 960 4256 quibusdam
993 4184 1401 4255 familiaribus,
1434 4191 1694 4245 montem
1715 4187 1807 4245 vi·

152 4272 359 4327 einum
393 4271 628 4329 nomine
666 4272 892 4343 Danim,
924 4279 1239 4346 antequam
1275 4275 1459 4331 nostri
1507 4279 1808 4350 accedant,

2501 3057 2735 3117 CAPUT
2765 3058 2954 3117 xxvl.

1899 3143 2173 3211 Arnullus
2227 3148 2723 3220 Hierosolymorum
2752 3150 3078 3219 patriarcha
3124 3167 3294 3223 super
3353 3151 3552 3209 multis

1969 3221 2255 3273 accusatus
2303 3221 2525 3276 Romam
2572 3223 2960 3292 proficiscitur.
3003 3223 3117 3279 Rex
3141 3226 3200 3278 in
3249 3223 3419 3297 Syria
3447 3218 3554 3280 So-

1979 3288 2071 3344 bal
2098 3298 2251 3346 trans
2277 3292 2573 3348 Iordanem
2600 3302 2866 3362 castrum,
2899 3296 2989 3350 cui
3013 3310 3212 3352 nomen
3240 3312 3397 3354 mons
3445 3298 3553 3353 Re-

1982 3359 2126 3430 ραὶἰε
2154 3367 2255 3430 est,
2286 3363 2542 3433 aedificat.
2602 3368 2612 3380 ⁸

1992 3471 2202 3528 Eodem
2230 3474 2512 3542 tempore,
2545 3471 2821 3527 dominus
2852 3488 3023 3543 papa,
3045 3473 3262 3530 auditis
3300 3478 3548 3531 enormi·

1907 3563 2128 3620 tatibus
2155 3559 2378 3616 Arnulss
2411 3558 2750 3630 patriarches
2780 3565 2837 3615 et
2856 3561 2926 3615 de
2942 3560 3552 3631 eJueimmundacon-

1909 3649 2232 3710 versatione
2254 3646 2482 3719 plenius
2503 3647 2767 3717 edoctus,
2791 3647 3048 3720 legatum
3065 3648 3346 3722 dirigitad
3362 3659 3552 3721 partes

1909 3740 2106 3814 Syriae,
2139 3737 2455 3810 quemdam
2488 3736 2675 3792 virum
2723 3738 3110 3794 venerabilem
3153 3741 3211 3793 et
3243 3737 3426 3795 multa
3464 3756 3554 3797 re-

1908 3830 2125 3902 ligione
2148 3825 2550 3897 conspicuum,
2581 3827 3028 3883 Aurasicensem
3061 3827 3392 3900 episcopum
3412 3846 3429 3897 ς
3452 3828 3552 3899 qui

1912 3924 1981 3979 ad
2013 3924 2208 3994 partes
2258 3921 2489 3975 nostras
2533 3918 2893 3990 perveniens,
2942 3926 3254 3978 convocato
3299 3920 3553 3977 universi

1914 4012 2073 4084 regni
2104 4009 2508 4082 episcoporum
2551 4008 2818 4075 concilio,
2858 4009 3196 4082 praedictum
3239 4011 3552 4067 Arnult'um

1914 4115 2105 4159 coram
2135 4115 2198 4157 se
2228 4101 2419 4155 astare
2448 4098 2721 4170 praecepit
2752 4115 2766 4154 ι
2802 4100 3151 4172 tandemque
3190 4100 3406 4157 meritis
3435 4100 3559 4156 exi-

1917 4188 2214 4261 gentibus,
2258 4186 2602 4244 auctoritate
2639 4186 2799 4243 sedis
2849 4187 3181 4260 apostolicis
3231 4188 3304 4244 ab
3367 4186 3561 4247 officio

1919 4275 2240 4351 pontificali
2255 4275 2539 4346 deposuit.
2566 4274 2667 4332 Ille
2684 4291 2817 4332 vero
2831 4276 3025 4334 adhuc
3041 4277 3320 4334 fiduciam
3345 4276 3562 4335 habens

152 4369 443 4433 occupat;
475 4363 629 4420 unde
657 4379 794 4420 suos
828 4364 1014 4436 possit
1043 4362 1371 4436 proeliantes
1409 4366 1625 4424 intueri
1652 4372 1711 4425 et
1737 4369 1807 4426 de
1836 4354 1889 4419 D
1921 4368 1983 4424 in
2014 4366 2135 4423 suis
2181 4364 2508 4438 praestigiis,
2552 4365 2766 4437 quibus
2804 4382 2949 4438 pene
2997 4368 3394 4425 universorum
3426 4368 3563 4424 sub·

153 4448 301 4505 belli
329 4450 533 4508 ordine
564 4453 893 4509 necessario
932 4470 1072 4510 suos
1105 4454 1338 4527 plenius
1367 4454 1675 4512 instruere.
1711 4461 1810 4514 Fa·

154 4542 325 4595 ctum
354 4543 446 4597 eet
471 4556 608 4614 ergo
640 4545 725 4610 ut,
770 4543 910 4598 dum
953 4542 1104 4599 circa
1134 4543 1257 4599 hoec
1286 4547 1441 4601 esset
1469 4554 1808 4617 occupatus,

152 4642 291 4685 ecce
356 4632 691 4687 nostrorum
741 4631 914 4698 acies,
965 4633 1171 4688 erectis
1228 4633 1452 4690 vexillis
1511 4640 1812 4707 coeperunt

155 4732 539 4790 compat-eru
569 4720 825 4793 visisque
848 4721 1135 4787 hostibus,
1162 4730 1358 4795 spreta
1376 4739 1579 4781 eorum
1603 4725 1809 4782 multi-

160 4803 393 4879 tudine,
441 4807 721 4867 dominus
748 4809 1071 4868 Balduinus
1111 4811 1443 4870 Edessanus
1481 4830 1698 4886 comcs,
1732 4832 1810 4889 qu

162 4909 306 4951 cum
329 4910 433 4952 sua
460 4897 695 4956 cohorte
724 4904 960 4958 caeteros
988 4901 1359 4971 praecedebat,
1383 4902 1440 4958 in
1472 4919 1571 4961 sos
1592 4904 1809 4963 animo·

156 4987 290 5042 sius
320 4984 569 5058 irruens,
600 4988 821 5062 impetu
855 4991 1181 5048 vehementi
1212 4995 1395 5047 totum
1426 5008 1626 5050 eorum
1671 5011 1812 5053 con-

157 5074 350 5130 cussit
374 5078 711 5136 exercitum.
746 5081 930 5145 Quem
965 5082 1085 5152 pari
1108 5080 1372 5152 exemplo
1398 5081 1639 5155 reliquae
1659 5086 1814 5144 acies

161 5174 513 5234 consecuta,
544 5168 602 5223 in
636 5170 859 5225 medios
889 5169 1147 5225 bostium
1190 5185 1409 5227 cuneos
1458 5186 1522 5226 se
1566 5171 1815 5231 immer-

159 5256 335 5326 gunt,
348 5256 593 5313 ensibus
606 5261 660 5314 et
691 5258 902 5330 gladiis
936 5259 1223 5316 instantes
1238 5259 1540 5331 cominus3
1563 5261 1813 5333 injurias

157 5343 349 5415 parati
381 5346 713 5417 refundere,
748 5365 895 5421 quas
925 5349 1158 5406 villanis
1176 5354 1233 5405 et
1264 5350 1614 5421 pauperibus
1637 5353 1814 5413 nimis

158 5433 408 5491 licenter
436 5435 775 5495 intulerant.
814 5444 1022 5497 Hostes
1053 5440 1251 5512 itaque
1284 5440 1490 5511 primis
1537 5458 1814 5515 congres-

1916 4458 2172 4514 vertebat
2201 4456 2452 4519 animos,
2477 4455 2852 4512 transfretare
2871 4458 3203 4525 coactus,ad
3238 4456 3559 4512 Romanam

1919 4545 2168 4619 perrexit
2199 4543 2509 4601 Ecclesiam
2544 4560 2556 4599 ε
2602 4544 2701 4599 ubi
2732 4543 2954 4601 domini
2988 4561 3144 4617 papie
3175 4547 3233 4599 et
3261 4541 3437 4600 totius
3456 4542 3564 4601 Ec·

1919 4635 2126 4700 clesiae,
2153 4632 2383 4689 blandis
2399 4632 2585 4689 verbis
2601 4636 2658 4688 et
2684 4632 2846 4704 larga
2866 4647 3179 4689 muncrum
3203 4629 3559 4703 profusione,

1919 4723 2257 4795 religionem
2308 4721 2787 4789 circumveniens,
2828 4737 2961 4777 cum
3010 4719 3197 4793 gratia
3230 4720 3388 4777 sedis
3417 4736 3562 4792 apo·

1922 4812 2135 4870 stolicis
2167 4810 2441 4867 remeavit
2470 4810 2541 4866 ad
2576 4808 2828 4881 propria,
2879 4810 3078 4865 sedem
3128 4808 3401 4865 obtinens
3434 4808 3563 4866 nio·

1922 4899 2398 4971 rosolymitanam
2447 4900 2641 4954 eadem
2693 4897 2920 4954 vivendi
2960 4896 3215 4969 licentia,
3255 4915 3371 4970 qua
3400 4897 3564 4971 prius

1923 4990 2217 5047 meruerat
2236 4986 2681 5060 depositionem.

1993 5084 2102 5137 Per
2129 5079 2279 5135 idem
2312 5081 2567 5148 tempus,
2599 5092 2727 5134 cum
2757 5076 2949 5134 adbuc
2986 5077 3352 5134 Christianus
3377 5091 3562 5148 popu-

1922 5170 2018 5227 lus
2056 5168 2207 5225 ultra
2238 5165 2547 5222 Jordancm
2577 5182 2684 5221 non
2725 5167 2960 5223 haberet
2990 5165 3175 5223 ullum
3204 5163 3562 5235 praesidium,

1924 5260 2167 5331 cupiens
2200 5273 2294 5312 rex
2333 5254 2393 5311 in
2436 5255 2701 5326 partibus
2740 5253 2858 5311 illis
2891 5254 3050 5324 regni
3090 5255 3234 5310 lines
3298 5252 3564 5325 dilatare,

1926 5349 2243 5424 proposuit,
2277 5350 2513 5404 auctore
2563 5346 2828 5411 Domino,
2863 5348 2917 5402 in
2967 5347 3139 5402 tertia
3177 5345 3406 5414 Arabia,
3436 5360 3566 5418 quai

1925 5439 2037 5496 alio
2068 5439 2303 5495 nomine
2334 5437 2548 5492 dicitur
2569 5435 2731 5507 Syria
2748 5436 2942 5505 Sub-1¹,
2976 5441 3227 5493 castrum
3261 5433 3565 5508 aedificare,
