3784 6000
169 268 251 330 23
1226 250 1574 315 ARNULFI
1618 247 2131 313 LEXOVIENSIS
2175 248 2532 310 EPISCOPI
3509 253 3586 313 24

168 400 323 474 apud
343 415 478 457 eum
501 396 687 455 audeo
709 395 1019 467 desperare
1040 391 1113 448 de
1132 388 1301 447 venia
1331 386 1501 460 cujnn
1541 385 1817 460 benigni·
1849 387 1906 455 Α
1934 385 2187 451 ritudine
2216 385 2525 457 nuntiavit,
2553 387 2821 445 affectum
2849 387 3032 447 animi
3068 388 3465 465 lacrymarum
3495 395 3586 450 te·

168 496 260 551 tas
288 489 611 549 manifestis
637 483 1028 544 excusationis
1056 479 1464 551 impotentiam
1486 493 1599 534 non
1625 477 1823 534 exclu·
1935 476 2213 533 stimonio
2243 481 2602 550 prosecutus.
2635 477 2798 542 Quod
2844 480 3093 538 verbum
3139 483 3331 556 primo
3379 486 3587 541 statim

175 583 279 642 dit.
312 583 527 638 Iterum
555 581 752 635 autem
783 590 852 630 ex
880 570 1061 629 veteri
1101 569 1362 643 procedit
1383 568 1647 635 audacia,
1666 566 1825 639 quod
1937 568 2139 622 auditu
2161 571 2325 623 tanto
2349 568 2517 624 nobis
2536 567 2801 624 acerbius
2825 571 3064 640 exstitit,
3087 581 3304 642 quanto
3327 573 3592 644 proxime

173 672 499 733 „nssentem
531 671 600 724 ad
630 683 733 722 vos
762 662 1146 720 venerabilem
1184 665 1241 717 et
1274 659 1548 719 dilectum
1591 659 1824 715 fratrem
1940 659 2011 716 de
2032 665 2220 715 vestra
2251 660 2547 717 fueramus
2571 662 2874 730 praesentia
2917 665 3220 734 gratulati.
3274 668 3594 739 Coeperunt

178 769 440 821 nostrum
473 757 809 830 episcopum
850 751 1298 808 Constantinum
1351 749 1623 823 precibus
1673 764 1829 804 com·
1940 748 2122 821 igitur
2151 765 2451 806 occurrere
2483 750 2627 806 mihi
2650 768 2777 823 quae
2808 753 2880 809 de
2908 760 3101 811 vestra
3130 757 3452 814 dilectione
3491 757 3593 828 ju·

179 852 454 910 mendara
485 861 794 920 praesumo,
827 841 1096 914 quamvis
1130 857 1231 911 pro
1260 855 1328 895 eo
1369 839 1693 911 plurimum
1746 838 1831 892 fa·
1943 839 2138 894 cunda
2160 845 2563 910 provenerant,
2613 847 2670 897 et
2715 843 2764 897 si
2811 844 2944 912 quid
2991 844 3187 902 simile
3227 848 3288 901 in
3331 848 3595 905 futurum

181 957 309 1000 cere
339 940 596 995 videatur
627 936 697 990 ad
755 933 1028 1005 gratiam,
1077 929 1237 1002 quod
1285 930 1438 984 inter
1486 927 1653 984 initia
1701 926 1833 983 novi
1945 933 2307 1000 sperabatur,
2336 946 2683 1002 semperque
2705 933 3042 990 discurrens
3065 935 3219 993 inter
3271 943 3598 1009 utrumque

183 1031 557 1101 episcopatus
580 1023 728 1080 nihil
752 1022 1079 1077 faciendum
1115 1019 1308 1090 potius
1339 1022 1629 1090 reputavit
1656 1032 1833 1089 quam
1947 1020 2333 1077 consideratio
2363 1021 2480 1077 vim
2505 1025 2801 1079 moemoris
2831 1028 3101 1097 augebat.
3131 1028 3486 1084 Occurrebat
3519 1026 3598 1084 si·

186 1117 432 1176 Romani
455 1113 749 1187 pontificis
769 1112 1015 1184 gratiam
1033 1123 1292 1182 quaerere
1319 1123 1493 1178 seque
1527 1111 1714 1162 totum
1747 1107 1837 1162 la·
1950 1109 2187 1180 quidem
2211 1109 2348 1165 mihi
2372 1110 2673 1168 charitatis
2698 1118 2903 1170 vestrae
2933 1119 3204 1172 sanctum
3226 1116 3376 1173 illud
3399 1116 3600 1175 dulce-

189 1204 513 1264 miliaritati
544 1203 814 1259 Romanae
844 1200 1115 1257 Ecclesiae
1145 1215 1211 1257 eo
1241 1197 1508 1255 devotius
1535 1212 1650 1269 quo
1682 1195 1838 1254 velo·
1951 1214 2063 1270 que
2091 1198 2467 1271 colloquium,
2496 1217 2613 1273 quo
2644 1203 2968 1273 praevaletis
2997 1207 3339 1264 auditorum
3372 1211 3601 1264 mentes

191 1296 318 1355 cius
345 1292 703 1365 mancipare.
1952 1304 2146 1346 rerum
2187 1288 2419 1345 erudire
2447 1290 2701 1358 solertia,
2734 1296 2788 1348 et
2819 1309 2990 1349 aures
3014 1293 3266 1360 iucundi
3308 1295 3605 1352 sermonis

1954 1378 2235 1436 suavitate
2264 1379 2537 1438 mulcere.
2559 1380 2929 1439 Recordabar
2957 1387 3243 1456 quantam
3266 1385 3437 1443 vobis
3459 1385 3606 1442 scri·

1957 1469 2132 1526 bendi
2147 1469 2396 1541 gratiam
2418 1471 2653 1529 bonitas
2672 1472 2867 1530 divina
2887 1473 3232 1544 contulerat,
3257 1475 3317 1532 in
3356 1492 3474 1548 qua
3499 1490 3606 1532 nc-

1959 1560 2080 1618 scio
2101 1577 2178 1617 an
2201 1561 2386 1634 magis
2405 1561 2540 1633 quis
2560 1562 2982 1620 sententiarum
2998 1565 3263 1634 fructum,
3282 1582 3357 1623 an
3373 1565 3608 1623 dicendi

270 1659 354 1715 Ad
384 1656 701 1730 gerendam
731 1652 1188 1712 sollicitudinem
1208 1653 1422 1708 domus
1451 1655 1565 1707 tuoe
1598 1665 1713 1706 non
1739 1665 1844 1721 pro
1960 1650 2229 1724 peritiam
2249 1650 2455 1707 debeat
2471 1651 2770 1709 admirari.
2791 1653 2922 1709 Haec
2949 1654 3108 1711 enim
3140 1655 3294 1726 apud
3315 1670 3420 1712 vos
3443 1657 3610 1711 tanta

199 1752 301 1805 tua
328 1751 407 1814 te,
431 1746 626 1814 frater,
665 1743 881 1800 virtute
925 1741 1285 1808 vocavimus,
1336 1741 1437 1797 sed
1486 1754 1588 1813 pro
1638 1737 1846 1795 divino
1880 1767 1927 1835 B
1959 1740 2071 1798 sibi
2101 1740 2348 1796 invicem
2388 1740 2638 1812 paritate
2669 1743 3043 1814 respondent,
3067 1747 3134 1800 ut
3166 1760 3357 1816 neque
3407 1759 3608 1800 rerum

204 1835 419 1893 fiducia
438 1833 736 1902 bonitatis,
760 1848 888 1904 quoe
910 1829 1004 1887 his
1024 1831 1126 1903 qui
1142 1830 1213 1886 ad
1233 1830 1491 1902 regimen
1510 1829 1844 1886 animarum
1959 1832 2231 1902 majestas
2252 1830 2557 1888 verborum
2578 1832 2857 1889 coarctari
2880 1833 3144 1890 videatur
3162 1834 3472 1906 angustiis,
3501 1849 3610 1890 nec

206 1940 351 2000 pure
388 1927 666 1981 vocantur
711 1927 771 1979 et
818 1921 1119 1978 humiliter
1167 1919 1403 1978 obedire
1450 1920 1849 1981 consentiunt.
1961 1919 2251 1977 sermonis
2279 1919 2535 1993 dignitas
2565 1919 2761 1992 aliqua
2789 1923 3215 1981 sententiarum
3258 1922 3612 1979 excellentia

207 2017 538 2073 uberiorem
570 2014 770 2087 largiri
797 2015 1043 2085 gratiam
1089 2012 1414 2070 consuevit.
1452 2012 1615 2069 Sicut
1656 2020 1852 2067 autem
1964 2009 2332 2083 praegravari,
2365 2009 2424 2065 in
2458 2009 2549 2066 his
2579 2026 2720 2066 sane
2749 2026 2875 2083 quas
2906 2012 2994 2068 vel
3032 2012 3363 2070 intellectus
3418 2011 3616 2068 conci·

210 2121 328 2162 non
359 2105 612 2161 debebas
634 2113 687 2159 te
717 2118 835 2158 non
882 2106 1124 2159 vocatus
1173 2102 1457 2173 ingerere,
1490 2102 1567 2156 ita
1612 2109 1854 2156 vocatus
1967 2114 2119 2170 pere,
2144 2097 2229 2154 vel
2252 2099 2510 2155 humana
2529 2100 2801 2156 facundia
2821 2100 3038 2158 sufficit
3066 2102 3392 2172 explanare.
3414 2100 3613 2158 Palam

212 2209 483 2251 recusare
497 2208 612 2250 non
630 2193 824 2258 debes,
847 2192 982 2264 quia
1005 2206 1117 2247 non
1138 2191 1256 2246 min
1267 2206 1332 2246 us
1354 2189 1632 2246 delictum
1662 2194 1859 2245 tumor
1966 2192 2057 2245 est
2085 2188 2156 2244 de
2184 2187 2345 2244 illius
2377 2189 2482 2243 hoc
2506 2190 2855 2260 processisse
2874 2189 3160 2258 doctrina,
3182 2191 3353 2262 cujus
3372 2188 3618 2262 spiritus

212 2282 618 2340 inobedientias
641 2297 813 2352 quam
836 2281 996 2335 zelus
1013 2278 1345 2334 ambitionis
1365 2278 1660 2351 importat.
1695 2278 1857 2344 Quod
1969 2276 2348 2333 familiarium
2381 2284 2604 2334 mentes
2633 2284 2693 2333 et
2736 2276 2966 2352 linguas
2996 2286 3110 2335 tam
3142 2279 3344 2336 notitia
3393 2277 3621 2334 verita-

218 2373 269 2430 si
291 2388 405 2428 non
437 2386 508 2427 ex
538 2373 790 2438 tumore,
820 2370 918 2424 sed
968 2383 1037 2423 ex
1083 2367 1416 2423 humilitate
1460 2367 1679 2437 potius,
1711 2368 1865 2423 sicut
1973 2366 2051 2422 tis
2080 2381 2256 2437 quarn
2289 2366 2588 2422 affluentia
2618 2368 2905 2424 sermonis
2928 2367 3200 2425 illustrat.
3229 2368 3495 2440 Denique
3518 2367 3625 2424 do·

220 2464 413 2535 putas,
437 2463 495 2515 et
514 2459 722 2515 timore
744 2455 1559 2528 desistis,pusillanimitatem
1577 2456 1698 2511 haeo
1719 2454 1863 2511 mihi
1976 2457 2064 2512 lor
2091 2455 2151 2512 in
2202 2455 2633 2513 miserationem
2681 2473 2997 2515 conversus
3061 2463 3167 2527 est,
3221 2459 3362 2515 dum
3403 2458 3625 2513 incom-

224 2556 378 2627 sapit
403 2552 729 2620 humilitas,
765 2566 893 2618 quas
923 2553 1086 2606 tanto
1109 2549 1185 2619 (8)
1217 2547 1540 2604 studiosius
1562 2547 1869 2603 devitanda
1979 2547 2149 2601 moda
2175 2550 2367 2601 vestra
2396 2544 2741 2618 laboresque
2786 2546 3151 2619 contemplor
3193 2546 3411 2619 quibus
3460 2547 3630 2604 inno-

225 2648 317 2702 est
353 2645 571 2716 quanto
620 2641 807 2710 magis
866 2637 1123 2709 periculo
1167 2637 1593 2708 desperationis
1625 2637 1870 2693 accedit.
1980 2635 2228 2692 centiam
2259 2640 2509 2692 vestram
2536 2635 2867 2693 sollicitudo
2897 2637 3217 2694 domestica
3248 2641 3304 2694 et
3350 2650 3632 2710 persecu-

228 2734 340 2792 Sed
373 2732 498 2790 etsi
529 2747 646 2806 qua
668 2745 931 2802 unquam
956 2727 1177 2784 ratione
1207 2727 1279 2783 ab
1302 2725 1410 2783 hac
1424 2727 1720 2783 vocatione
1743 2727 1874 2782 fue-
1983 2727 2130 2783 toris
2178 2725 2516 2783 immanitas
2563 2726 2925 2783 incessanter
2962 2727 3252 2800 affligunt.
3298 2727 3407 2784 Sed
3449 2730 3511 2783 et
3559 2726 3634 2784 de

232 2842 330 2883 ras
360 2823 767 2890 absolvendus,
810 2837 929 2877 non
973 2817 1224 2875 debuisti
1266 2819 1416 2890 apud
1467 2818 1676 2875 fratres
1721 2821 1876 2886 tuos,
1990 2815 2251 2887 proximo
2284 2819 2513 2888 sperata
2552 2816 2962 2888 tranquillitas,
3011 2816 3181 2888 quasi
3233 2816 3306 2873 de
3355 2815 3636 2873 manibus

238 2930 347 2972 nec
366 2914 520 2986 apud
534 2911 937 2968 auctoritatem
958 2915 1206 2966 nostram
1236 2907 1442 2964 litteris
1467 2907 1752 2977 excusari,
1777 2920 1880 2962 nec
1988 2904 2297 2961 videbatur
2324 2909 2543 2977 erepta,
2568 2908 2632 2961 ut
2658 2920 2890 2962 omnem
2910 2906 3075 2962 vobis
3105 2907 3178 2962 de
3206 2904 3475 2978 praesenti
3503 2920 3639 2960 cre-

238 3006 482 3079 proprite
503 3000 810 3068 voluntati,
836 2999 930 3056 cui
954 3003 1009 3056 te
1030 2997 1394 3055 renuntiasse
1414 2997 1742 3071 cognoscis,
1762 3012 1887 3054 mo·
1995 2997 2226 3053 deretur
2252 2995 2483 3054 fortuna
2501 3011 2600 3068 req
2610 2995 2763 3054 niem
2784 2995 3082 3054 invidisse.
3114 2995 3401 3054 Potiorem
3434 2999 3641 3053 tamen

238 3110 360 3153 rem
394 3107 611 3167 gerere,
634 3093 734 3147 sed
750 3104 1055 3164 personam
1078 3093 1263 3156 tuam,
1283 3103 1410 3159 quae
1449 3087 1882 3159 quodammodo
1996 3086 2279 3159 requiem,
2310 3087 2461 3143 sicut
2490 3087 2883 3158 praesumitur,
2913 3087 3082 3144 vobis
3109 3086 3388 3144 resolutio
3435 3090 3643 3143 contu-

241 3183 320 3257 (9)
344 3182 528 3252 magis
549 3183 747 3237 nostra
774 3193 953 3251 quam
985 3181 1085 3233 tua
1117 3184 1222 3244 est,
1244 3175 1492 3248 pedibus
1524 3176 1738 3233 nostris
1769 3176 1885 3234 hu·
1915 3142 1959 3212 c
1995 3176 2326 3246 lisset,quia
2347 3191 2542 3248 regem
2562 3176 2624 3232 in
2644 3175 2851 3233 decore
2870 3192 2978 3234 suo
2990 3174 3417 3234 viderentoculi
3437 3173 3641 3245 vestri,

952 1413 1102 1472 VIII.

445 1547 520 1588 an
558 1546 843 1587 namnam
874 1543 1127 1585 estonum
1167 1544 1217 1584 s.
1258 1541 1557 1583 sansana.

242 3271 402 3328 milis
430 3273 489 3326 et
518 3270 760 3325 devotus
807 3268 1033 3333 offerre,
1078 3267 1407 3338 iratumque
1453 3267 1689 3322 tuorum
1739 3266 1885 3322 trabi

242 3359 550 3418 desideriis
565 3361 624 3413 et
644 3356 932 3413 mandatis
952 3354 1690 3426 pontificalibusinclinari.
1709 3354 1885 3413 Porro

244 3464 409 3506 mora
437 3453 536 3504 tua
567 3461 766 3503 rerum
795 3443 1228 3514 temporalium,
1248 3450 1307 3500 et
1328 3444 1507 3515 (quod
1532 3443 1761 3513 gravius
1776 3445 1886 3517 est)

243 3532 1885 3611 periculumcontinstanimarum,quiaincustoditasoves

244 3626 520 3701 luporum
551 3623 890 3681 incursibus
919 3638 1046 3679 esse
1083 3626 1316 3679 constat
1352 3621 1664 3694 expositas,
1714 3621 1888 3678 detri-

245 3721 633 3787 mentumque
652 3728 826 3770 omne
845 3712 919 3769 ab
939 3726 1008 3768 eo
1029 3712 1442 3783 requirendum
1465 3715 1576 3776 est,
1601 3712 1703 3783 qui
1725 3712 1888 3769 debi-

243 3807 364 3862 tam
385 3803 716 3861 custodiam
737 3803 1019 3859 detrectat
1044 3798 1338 3872 aliquibus
1366 3799 1773 3857 occasionibus
1789 3801 1889 3857 ad-

245 3894 468 3952 bibere.
498 3893 644 3950 Veni
676 3891 875 3964 igitur,
905 3889 1181 3964 quoniam
1204 3888 1488 3962 cumipse
1510 3905 1684 3947 onere
1702 3891 1891 3962 gratia

244 3982 355 4039 tibi
382 3981 579 4037 divina
618 3983 970 4048 concrescet,
1004 3983 1062 4035 et
1113 3995 1222 4036 nos
1280 3994 1590 4051 personam
1636 3985 1797 4036 tuam
1838 3986 1892 4038 et

245 4068 490 4124 domum
518 4065 706 4137 ipsam
735 4064 910 4121 solita
941 4065 1031 4121 vel
1063 4069 1284 4136 majore
1304 4068 1481 4125 etiam
1503 4066 1788 4124 charitate
1807 4067 1892 4123 fo-

247 4155 532 4214 vebimus.
572 4154 642 4210 Elt
697 4152 745 4209 si
793 4167 909 4226 qna
964 4153 1113 4208 forte
1163 4154 1513 4211 intrinsecus
1571 4156 1890 4213 difficultas

246 4244 573 4312 emerserit,
603 4257 710 4317 ego
737 4242 798 4297 in
825 4256 1002 4297 manu
1035 4238 1166 4296 forti
1190 4245 1324 4297 ante
1347 4242 1551 4298 facicm
1572 4247 1733 4299 tuam
1767 4260 1893 4317 pro-

245 4334 411 4392 tinus
435 4331 635 4390 omnia
666 4329 1071 4402 complanabo.
1102 4330 1269 4398 Veni,
1322 4330 1588 4403 inquam,
1640 4337 1692 4387 et
1739 4331 1895 4391 infra

247 4429 508 4483 octavam
530 4424 685 4481 diem
705 4427 836 4496 post
855 4424 1251 4496 acceptionem
1272 4424 1645 4495 praesentium
1675 4423 1895 4482 littera·

1997 3265 2070 3322 ad
2102 3266 2450 3337 adimpleret
2469 3281 2566 3323 vos
2588 3265 2782 3322 latitia
2798 3281 2929 3322 cum
2951 3265 3114 3323 vultu
3145 3281 3250 3323 sno
3290 3281 3461 3338 quem
3499 3280 3645 3337 pro—

1997 3359 2123 3428 pter
2141 3371 2205 3413 se
2221 3358 2306 3411 tot
2332 3356 2401 3411 ad
2426 3371 2681 3427 praesens
2702 3354 3183 3412 tribulationibus
3204 3371 3418 3428 passus
3436 3360 3531 3412 est
3550 3355 3646 3409 in-

1997 3445 2215 3502 festari.
2246 3444 2425 3503 Nobis
2455 3452 2643 3501 autem
2674 3445 3006 3517 jucundum
3045 3449 3136 3503 est
3177 3449 3366 3502 vestra
3422 3444 3513 3502 vel
3572 3445 3646 3502 ad

1997 3536 2293 3593 modicum
2341 3539 2573 3606 tempus
2620 3534 2733 3591 frui
2787 3536 3114 3607 praesentia,
3155 3540 3345 3592 vestro
3394 3536 3646 3592 recreari

1997 3624 2312 3698 colloquio,
2332 3629 2525 3683 vestro
2546 3624 2789 3682 consilio
2810 3624 3072 3694 relevari,
3109 3625 3389 3698 quonlam
3431 3629 3647 3688 vestra.

1999 3714 2051 3771 si
2082 3714 2255 3771 dilata
2282 3722 2363 3770 est
2392 3714 2554 3770 vobis
2586 3713 2912 3782 retributio,
2941 3730 3058 3772 non
3089 3715 3367 3783 aufertur,
3419 3714 3522 3771 sed
3557 3730 3648 3771 re-

2000 3805 2186 3878 posita
2198 3804 2362 3862 vobis
2374 3808 2465 3860 est
2477 3804 2535 3860 in
2557 3808 2681 3860 tuto
2696 3819 2907 3862 corona
2913 3803 3648 3877 justitiae‚depositumque

2003 3893 2171 3952 fidele
2191 3893 2350 3967 quod
2366 3909 2536 3950 suum
2555 3897 2643 3949 est
2663 3909 2771 3950 suo
2793 3898 3054 3966 tempore
3074 3894 3177 3967 qui
3209 3894 3507 3952 commisit
3537 3910 3648 3965 ag-

2003 3990 2220 4042 noscet.
2254 3985 2402 4040 Dum
2429 3982 2610 4053 igitur
2628 3983 2721 4040 his
2750 3999 2926 4056 super
2954 3988 3110 4041 statu
3149 3988 3338 4041 vestro
3381 3983 3655 4041 conside-

2002 4074 2329 4130 rationibus
2346 4088 2477 4129 mea
2490 4088 2654 4129 mens
2666 4072 3069 4145 compassione
3086 4072 3280 4129 debita
3299 4076 3654 4143 raptaretur,

2003 4165 2239 4222 subitus
2269 4168 2552 4235 tanquam
2573 4178 2643 4220 ex
2672 4164 2963 4236 insperato
2999 4162 3221 4220 morbis
3263 4163 3555 4235 obrepsit,
3589 4167 3659 4218 ut

2006 4254 2171 4310 facile
2191 4254 2344 4310 credi
2367 4257 2564 4325 posset
2581 4257 2783 4310 vestris
2815 4258 3038 4324 partem
3074 4252 3435 4310 infirmitatis
3468 4254 3527 4308 in
3562 4267 3660 4309 mc

2005 4341 2428 4413 compassionis
2456 4342 2679 4399 affectio
2708 4342 3112 4400 transfudisse.
3152 4341 3286 4398 Haec
3334 4345 3534 4399 tamen
3565 4346 3661 4397 est

2006 4433 2231 4506 privata
2279 4430 2554 4504 passione
2599 4431 2824 4489 sublata
2864 4431 3215 4503 compassio,
3263 4430 3365 4487 sed
3422 4430 3659 4501 utrique

250 4531 383 4573 rum
407 4514 519 4573 iter
547 4514 884 4587 aggredere,
915 4510 1226 4585 nullasque
1254 4513 1313 4568 in
1361 4512 1642 4570 veniendo
1689 4529 1898 4573 causas
1927 4515 1974 4581 D
2008 4520 2365 4593 prospiciens
2380 4520 2615 4576 animus
2637 4520 2856 4592 duplici
2874 4520 3256 4591 ccepitstatim
3276 4519 3658 4576 incommodo

249 4604 550 4662 dilationis
589 4602 885 4671 admittas,
901 4601 1014 4660 nisi
1034 4618 1182 4675 quas
1200 4601 1520 4659 necessitas
1542 4602 1898 4661 invincibilis

248 4693 342 4753 vel
361 4693 621 4752 enormis
642 4693 844 4750 damni
862 4691 1098 4750 evitatio
1112 4692 1465 4764 suggesserit
1482 4692 1549 4748 ad
1559 4693 1898 4754 mittendas.

251 4785 413 4851 Quod
437 4784 488 4841 si
510 4798 626 4840 non
648 4780 873 4851 feceris,
905 4780 1115 4838 exinde
1146 4787 1207 4838 te
1242 4787 1523 4853 tanquam
1558 4782 1901 4841 inobedien-

254 4879 373 4930 tem
391 4873 701 4946 episcopali
727 4872 1074 4930 auctoritate
1113 4872 1187 4928 ab
1224 4870 1491 4928 omniurn
1523 4871 1900 4931 ecclesiarum

256 4962 496 5022 introitu
524 4965 967 5023 submovemus.

1044 5091 1137 5146 IX.

435 5212 507 5253 Αι)
545 5211 861 5253 summum
902 5211 1397 5255 noxmvacmxsssr
1437 5212 1724 5257 assas-ssi.

2009 4609 2296 4669 laborare.
2352 4608 2614 4667 visitavit
2653 4610 2835 4683 igitur
2878 4614 3196 4681 utrumque
3245 4607 3581 4665 misericors
3603 4617 3661 4665 et

2012 4699 2320 4757 miserator
2338 4699 2715 4770 Dominus,2et
2738 4698 2968 4770 utrique
2986 4714 3056 4754 ea
3068 4698 3293 4755 ratione
3307 4696 3658 4754 beneficium

2010 4787 2278 4845 sanitatis
2298 4787 2563 4855 indulsit,
2589 4788 2727 4860 quia
2742 4787 2884 4843 alter
2905 4786 3029 4843 sine
3049 4785 3232 4842 altero
3273 4786 3527 4858 perfecte
3557 4801 3662 4842 sa-

2010 4876 2134 4932 nari
2160 4877 2403 4933 minime
2431 4875 2735 4949 potuisset.
2785 4876 2966 4933 Vobis
3005 4891 3143 4948 ergo
3188 4879 3456 4931 servatus
3504 4890 3660 4942 sum,

2011 4971 2201 5024 vestra
2231 4966 2375 5026 mihi
2405 4966 2791 5023 nihilominus
2829 4963 3115 5038 sapientia
3154 4969 3467 5033 reservata,
3491 4969 3557 5019 ut
3581 4979 3662 5019 se·

2013 5057 2268 5115 cundum
2299 5054 2485 5127 Iegem
2543 5055 2753 5113 Christi
2781 5055 2923 5111 alter
2948 5053 3184 5112 alterius
3214 5069 3379 5112 onera
3412 5052 3658 5109 invicem

2015 5150 2428 5220 supportemus
2458 5144 2600 5219 (Gal.
2638 5146 2741 5218 vi),
2772 5153 2827 5202 et
2870 5145 3195 5202 secundum
3238 5143 3662 5200 exuberantem

2016 5236 2362 5295 charitatem
2385 5234 2530 5292 alter
2551 5235 2792 5294 alterius
2813 5250 2875 5292 se
2894 5238 3079 5291 totum
3111 5234 3359 5307 gaudeat
3397 5231 3665 5289 utilitati·

330 5320 690 5380 Venerabilis
747 5321 922 5379 frater
953 5325 1011 5379 et
1067 5321 1293 5381 amicus
1348 5328 1545 5384 nester
1602 5324 1909 5399 Philippus
2019 5326 2131 5382 bus
2161 5324 2540 5397 impendisse.

263 5411 443 5469 abbas
473 5410 874 5469 infirmitatem
889 5414 1143 5469 vestram
1171 5426 1305 5469 cum
1326 5428 1538 5486 magna
1556 5412 1723 5472 nobis
1739 5428 1908 5471 ama·

342 5590 422 5663 (8)
455 5590 543 5661 B.,
573 5597 797 5663 quanto.

2093 5591 2167 5664 (9)
2190 5591 2251 5649 Β.
2263 5632 2277 5662 ,
2309 5607 2416 5649 om.
2442 5590 2850 5663 quodammodo.
