3784 6000
216 183 360 244 1845
396 124 401 129 ·
1660 172 1850 232 tucn
1884 171 1961 230 111
1999 171 2206 231 PAPAE

215 308 547 374 tentaverit,
583 305 854 365 secundo
887 303 1129 362 tertiove
1155 299 1544 367 commonita,
1575 299 1692 356 nisi
1719 314 1868 371 proe·
1899 298 1945 352 Α
1979 301 2202 367 turum,
2251 303 2569 374 praestante
2627 297 2903 371 Domino,
2946 302 3408 363 rationabiliter
3447 320 3465 379 1

217 398 622 471 sumptionem
682 393 989 466 condigna
1056 390 1464 449 satisfactione
1525 387 1864 456 correxerit,
1981 386 2258 459 adipisci,
2292 388 2407 446 sub
2438 389 2598 446 beati
2634 391 2781 448 Petri
2810 407 2881 448 ac
2913 400 3120 453 nostra
3151 395 3465 468 protectio

215 484 905 561 potestatishonorisque
919 482 1008 537 sui
1030 479 1319 550 dignitate
1339 483 1560 549 careat,
1576 491 1863 549 reamque
1978 475 2359 548 scipimus‚et
2387 478 2700 550 praesentis
2720 481 2919 553 scripti
2939 482 3290 554 patrocinio
3317 498 3465 540 com

215 591 280 632 se
307 575 512 631 divino
533 573 761 645 judicio
789 571 1034 629 existere
1072 570 1148 625 de
1174 571 1512 641 perpetrata
1553 564 1864 640 iniquitate
1978 579 2159 630 mus;
2204 569 2526 623 statuentes
2570 573 2634 623 ut
2680 569 2872 625 clerici
2921 570 3026 643 qui
3073 571 3138 627 in
3193 572 3466 645 circum}

217 668 559 736 cognoscat,
591 668 648 718 et
691 678 729 719 a
752 659 1156 717 sacratissimo
1196 673 1441 729 corpore
1485 661 1542 713 et
1571 655 1865 728 sanguine
1976 651 2258 719 ecclesiis,
2289 653 2439 710 sicut
2470 653 2618 711 nihil
2641 656 2702 712 in
2723 657 2856 714 loco
2887 658 3019 730 ipso
3033 658 3275 717 Judteis
3299 675 3467 733 poss«

217 752 320 809 Dei
348 768 418 808 ac
444 751 679 807 Domini
706 750 890 806 nostri
918 750 1057 804 Jesu
1087 745 1297 804 Christi
1325 745 1523 802 aliena
1545 744 1654 800 fiat
1686 742 1865 816 atque
1977 739 2091 796 bus
2109 741 2831 818 capiebant,itadeinceps
2853 746 3119 804 eccle-sim
3142 748 3304 806 inibi
3326 764 3467 806 cons

214 841 277 898 in
323 846 589 897 extremo
633 839 909 896 examine
948 836 1229 893 districta!
1279 834 1484 891 ultioni
1532 833 1865 905 subjaceat.
1975 831 2661 905 conditionemahqusm
2678 834 3467 908 velgravamen‚inlibertati

217 929 455 987 Cunctis
482 933 682 984 autem
706 925 901 984 eidem
931 924 1065 981 loco
1094 939 1204 980 sua
1219 923 1356 995 jura
1388 920 1767 979 servantibus
1796 921 1867 977 sit
1972 917 2289 989 iudicium,
2350 937 2472 978 non
2526 924 2859 997 imponant,
2917 941 2990 982 ne
3037 926 3319 985 deterior
3366 928 3467 987 effi

214 1033 337 1093 pax
389 1016 620 1073 Domini
669 1015 853 1072 nostri
900 1014 1041 1069 lesu
1090 1012 1323 1078 Christi.
1349 1016 1649 1085 quatenus
1686 1016 1743 1068 et
1771 1010 1869 1066 hie
1980 1012 2167 1064 status
2197 1008 2494 1080 ecclesiam
2538 1014 2744 1086 sicque
2767 1029 2906 1087 quae
2935 1014 3134 1073 fuerat
3158 1016 3402 1074 Judaeis
3429 1018 3467 1074 it

213 1105 473 1165 fructum
497 1105 673 1162 bonae
703 1104 953 1161 actionis
980 1102 1327 1174 percipiant,
1356 1105 1414 1156 et
1445 1101 1610 1173 apud
1635 1099 1865 1156 distric·
1899 1118 1904 1124 ·
1977 1097 2246 1154 tentibus
2273 1098 2475 1167 libera,
2509 1100 2625 1156 sub
2655 1102 3043 1162 observantia
3075 1103 3185 1162 flat
3205 1106 3467 1163 christia

215 1194 620 1254 tum-iudicem
635 1193 1124 1266 praemiaaeternae
1138 1189 1640 1264 pacisinveniaut.
1656 1193 1867 1256 Amen,
1977 1185 2226 1243 ber-tatis
2258 1188 2495 1245 ancilla.
2542 1190 2922 1248 Decernimus
2951 1208 3098 1264 ergo
3131 1199 3197 1251 ut
3227 1194 3390 1252 nulli
3413 1210 3467 1254 01

215 1299 417 1350 amen,
444 1297 647 1342 amen,
1978 1275 2294 1332 hominum
2317 1277 2489 1334 liceat
2506 1278 2666 1336 hauc
2695 1281 2981 1353 paginam
3005 1289 3243 1340 nostroe
3267 1291 3467 1357 prote(

1003 1403 1081 1414 ...
1980 1364 2322 1435 infringere,
2356 1366 2447 1423 vel
2468 1366 2520 1423 ei
2551 1383 2703 1425 ausu
2727 1371 3043 1427 temerario
3067 1373 3408 1431 contraire.
3449 1375 3468 1431 i

772 1467 967 1527 ANNO
1009 1467 1332 1524 11844185.
1982 1458 2181 1512 autem
2215 1454 2329 1511 hoc
2355 1460 2645 1513 attentare
2667 1460 3139 1533 praesumpserit,
3163 1461 3467 1533 indignat

999 1587 1089 1609 -
1980 1543 2407 1614 omnipotentis
2437 1545 2539 1600 Dei
2566 1550 2625 1602 et
2661 1546 2973 1604 beatorum
3004 1548 3162 1606 Petri
3212 1555 3281 1608 et
3323 1550 3466 1609 l’aul

887 1653 1202 1711 CLXXXHL
1903 1650 1946 1706 Β
1983 1631 2273 1688 stolorum
2300 1634 2433 1704 ejus
2466 1650 2528 1689 se
2552 1637 2779 1693 noverit
2812 1637 3229 1696 incursurum.

217 1745 558 1802 pactensem
598 1749 654 1801 et
693 1742 1250 1812 Cephaloediemem
1292 1742 1593 1811 episcopos
1632 1740 1871 1799 obedire
2054 1722 2267 1777 Datum
2298 1723 2563 1789 Vemnffiv
2597 1739 2672 1780 '¹¹
2697 1724 2828 1781 Kal·
2870 1726 3141 1797 Augusti·

287 1814 629 1887 R[icltardo]
706 1814 1153 1884 archiepiscopo
1212 1812 1582 1871 Messanensi
1598 1812 1794 1884 jubet.
2664 1813 2946 1871 CLXXXV.

743 1903 1033 1975 (veronoe,
1075 1902 1191 1959 sul.
1223 1903 1337 1976 25.)
2263 1899 2659 1972 Privileae‘um
2699 1917 2812 1972 pro
2849 1904 3054 1962 eadem
3083 1905 3371 1964 eeclesia.

567 1991 774 2066 [Piaa1‚
801 1991 1010 2049 Sicilia
1047 2007 1244 2058 sacra,
1283 1992 1325 2056 1,
1359 1991 1510 2062 399]
2514 1990 2807 2062 (Veronae,
2835 1995 2984 2064 Aug.
3025 1994 3107 2065 8.)

285 2080 483 2139 Luctus
514 2083 852 2155 episcopus,
893 2097 1100 2138 servus
1128 2095 1436 2137 servorum
1472 2080 1589 2145 Dei,
1620 2095 1871 2138 venera·
2569 2079 2767 2152 mid„
2803 2096 2862 2153 p.
2896 2079 3051 2155 382]

213 2171 434 2230 bilibus
462 2171 744 2229 fratribus
770 2170 1203 2244 cephaludensi
1248 2177 1302 2227 et
1340 2171 1606 2227 Pactensi
1636 2169 1866 2243 episco·
2052 2165 2255 2223 Luctus
2270 2166 2613 2240 episeopus,
2648 2185 2857 2225 servus
2895 2185 3222 2229 servorum
3275 2172 3402 2239 Dei.
3427 2174 3464 2229 d

214 2262 328 2334 pis,
361 2261 611 2318 salutem
645 2266 702 2317 et
728 2259 1121 2334 apostolieum
1163 2259 1665 2317 benedictionem,
1979 2250 2114 2309 filiis
2145 2254 2379 2312 decano
2430 2262 2489 2313 et
2532 2257 2835 2314 canonicis
2877 2260 2937 2317 S.
2979 2260 3196 2317 Crucis
3236 2263 3469 2336 Stampt

285 2352 430 2407 Cum
464 2351 756 2407 Dominus
775 2355 833 2406 et
857 2349 1127 2405 Salvator
1145 2354 1345 2406 noster
1366 2349 1723 2405 humilitatis
1745 2348 1865 2406 for·
1979 2340 2230 2398 salutem
2257 2349 2313 2400 et
2344 2344 2734 2416 apostolicam
2765 2345 3286 2406 benedictionem.

213 2450 376 2496 mam
390 2436 1868 2509 suistradensfldelibusobservandam,majoribus
2050 2432 2198 2488 Cum
2232 2448 2337 2503 per
2369 2435 2764 2492 mutationem
2806 2435 3069 2494 dexterte
3103 2439 3352 2496 Excelsi
3383 2439 3460 2497 de

211 2529 605 2584 reverentiam
620 2527 1231 2593 curaveritexhibere,
1255 2542 1376 2583 non
1401 2532 1486 2583 est
1503 2525 1864 2599 discipulus,
1977 2533 2136 2590 goga
2163 2522 2186 2576 J
2197 2520 2409 2579 udaioa
2460 2522 2621 2580 facta
2669 2525 2744 2580 sit
2788 2523 3046 2584 ecclesia
3073 2532 3326 2596 vestra3
3357 2534 3416 2586 et
3435 2529 3470 2585 d

213 2616 318 2672 sed
331 2618 667 2672 contrarius
690 2616 899 2672 merito
915 2622 1244 2689 reputatur,
1268 2616 1511 2689 quisuis
1523 2615 1857 2688 majoribus
1974 2608 2263 2666 0181101118
2292 2610 2377 2666 ibi
2417 2613 2752 2679 surrexerit,
2786 2613 2887 2670 ubi
2915 2613 3106 2687 1181110
3135 2622 3284 2674 anie
3303 2617 3470 2675 lude

210 2703 478 2761 debitam
493 2703 888 2761 reverentiam
904 2704 1864 2777 nonimpendit.ldeofraternitati
1974 2697 2197 2770 impius
2227 2698 2423 2755 cultus
2457 2700 2843 2771 servabatur3
2874 2702 3078 2760 officio
3120 2712 3438 2780 suscepto
3463 2728 3470 2760 i

210 2799 415 2851 vestras
443 2809 551 2866 per
568 2794 897 2866 apostolica
920 2795 1143 2864 scripta
1169 2794 1538 2849 mandamus
1559 2799 1862 2867 quatenus
1973 2787 2344 2843 nistraiiOnis
2374 2788 2723 2845 inducimur
2753 2790 3133 2864 profectibus
3150 2795 3379 2853 vestris
3405 2800 3468 2853 et

211 2882 540 2940 venerabili
561 2881 728 2939 fratri
760 2888 962 2940 nostro
1003 2880 1349 2956 R[ichardo]
1382 2883 1739 2939 Messanensi
1771 2899 1859 2939 ar·
1974 2874 2169 2931 modis
2198 2875 2449 2933 libenter
2475 2877 2782 2935 intendere
2811 2886 2866 2936 et
2885 2881 3292 2953 petitionibus
3327 2890 3471 2943 vent

201 2970 588 3044 chiepiscopo
636 2971 1026 3028 reverentiam
1057 2970 1324 3028 debitam
1365 2976 1421 3029 et
1452 2970 1857 3029 obedientiam
1889 2999 1934 3059 C
1973 2963 2192 3022 sectum
2224 2969 2344 3022 111111
2365 2964 2595 3025 facilem
2609 2983 2795 3041 quam
2821 2967 3097 3028 debitum
3121 2971 3470 3045 indulgere.

201 3059 592 3132 impendatis,
612 3065 671 3116 et
690 3058 1001 3117 ecclesiam
1025 3060 1156 3132 ejus
1178 3061 1256 3116 ad
1282 3060 1468 3133 ipsius
1491 3061 1719 3117 monita
1744 3067 1856 3118 sta·
1970 3060 2212 3126 propter
2240 3059 2304 3110 ut
2334 3056 2686 3128 magistrum
2716 3057 3058 3116 scholarum
3092 3077 3300 3119 unum
3335 3064 3399 3121 in
3417 3079 3471 3122 m

200 3148 342 3205 tutis
356 3148 728 3221 temporibus
741 3148 1069 3215 visitantes,
1093 3164 1231 3204 eum
1246 3149 1303 3205 in
1325 3148 1777 3207 necessitatibus
1800 3155 1859 3207 et
1969 3141 2303 3199 8181111111111
2323 3142 2455 3199 aliis
2480 3143 2812 3219 disciplinis
2843 3146 2973 3204 tine
2991 3151 3471 3212 contradiction«

196 3238 475 3309 oxpensifl
493 3237 615 3294 suis
637 3236 941 3294 humiliter
960 3238 1275 3295 assistatis,
1965 3229 2109 3287 libel
2136 3230 2433 3299 habeatis,
2463 3236 2814 3292 auctoritato
2843 3236 3020 3292 vobi!
3055 3239 3421 3312 apostolic&
3451 3242 3469 3299 1

270 3325 490 3383 Datum
520 3324 789 3394 Veronae,
815 3340 914 3382 viu
946 3325 1192 3382 Kalend.
1228 3329 1500 3398 Augusti.
1966 3334 2202 3390 gemus,
2231 3322 2549 3378 statuentes
2580 3327 2642 3378 ut
2670 3322 2746 3379 de
2775 3324 3099 3382 novalibus
3137 3328 3388 3401 vestris,
3424 3337 3471 3389 et

869 3433 1179 3490 CLXXXIV·
1964 3407 2217 3464 malium
2240 3409 2616 3466 nutrimentis
2645 3410 2845 3468 nullus
2874 3429 2910 3469 a
2936 3413 3111 3471 vobis
3136 3416 3429 3476 decimas
3455 3436 3471 3477 t

194 3521 530 3594 summm„
542 3521 929 3590 stampensis,
953 3521 1176 3579 1342ss
1198 3537 1235 3579 α
1261 3522 1546 3592 philippo
1596 3522 1856 3581 maneo,
1963 3512 2148 3597 quere
2173 3502 2519 3597 proesumat.
2535 3500 3300 3604 prohibemus-insuperne
3321 3508 3472 3582 dept

264 3610 397 3651 rum
412 3608 548 3664 reae
562 3593 934 3675 expulsis-in
946 3593 1249 3651 ecclesiam
1272 3593 1333 3651 S.
1352 3595 1562 3652 Crucis
1586 3602 1851 3663 mutam,
1966 3585 2236 3642 sionibus
2260 3592 2469 3644 vestris
2490 3587 2972 3647 dectmaealatcts
2993 3599 3369 3665 exigantur.
3387 3599 3471 3655 Ad

260 3665 686 3737 protectionem
703 3664 971 3735 suscipit.
1966 3675 2347 3748 praesentium
2398 3678 2746 3735 auctoritate
2792 3681 3210 3751 decernimus,
3268 3701 3350 3745 ne
3403 3703 3472 3762 qt

735 3753 1028 3823 (Veronae,
1067 3753 1183 3810 Jul.
1218 3754 1334 3825 26.)
1964 3763 2161 3837 ipsam
2192 3764 2508 3822 ecclesiam
2560 3766 2877 3835 interdicti,
2910 3768 3001 3825 vel
3038 3769 3105 3827 in
3147 3778 3472 3835 canonico.

199 3841 534 3915 [Fanum.
565 3842 673 3899 Les
699 3841 1040 3915 Antiquitez
1082 3842 1156 3899 de
1186 3843 1249 3899 la
1277 3842 1422 3900 ville
1449 3849 1504 3900 et
1523 3843 1607 3899 du
1630 3842 1857 3903 duellet
1965 3854 2606 3911 excommunicationis
2654 3861 2758 3914 aut
2801 3859 3234 3930 suspensionis
3281 3869 3473 3923 senten

516 3930 908 4002 d'Estampes,
946 3931 1028 3988 in.
1066 3931 1145 4000 4⁰,
1183 3946 1338 4004 page
1375 3930 1530 4007 38t.]
1964 3943 2198 4015 absque
2236 3942 2556 4001 manifesta
2582 3950 2640 4002 et
2672 3946 3015 4004 rationabili
3046 3963 3251 4009 causa
3283 3969 3472 4027 prom*

272 4022 470 4077 Lucius
503 4020 847 4094 episcopus,
878 4035 1088 4077 servus
1131 4035 1445 4077 servorum
1473 4021 1595 4090 Dei,
1626 4020 1857 4080 dilectis
1967 4032 2111 4088 Cum
2134 4038 2336 4088 autem
2357 4033 2633 4106 generale
2647 4034 3031 4097 interdictum
3055 4043 3239 4097 terrae
3265 4042 3465 4114 luerit,

195 4107 336 4167 filiis
363 4109 597 4167 decano
627 4113 685 4165 et
711 4108 1022 4166 canonicis
1067 4110 1299 4166 Sancta
1329 4108 1534 4167 Crucis
1554 4111 1632 4168 de
1661 4112 1856 4169 Stam-
1966 4119 2159 4186 vobis,
2186 4120 2398 4177 clausis
2425 4122 2653 4193 januis,
2680 4124 2949 4196 expulsis
2978 4134 3473 4191 excommunica

189 4196 307 4272 pis,
330 4197 585 4254 salutem
615 4202 672 4254 et
688 4196 1085 4270 apostolicam
1127 4198 1632 4256 benedictionem.
1965 4209 2311 4273 interdictis,
2345 4225 2465 4268 non
2491 4211 2742 4283 pulsatis
2773 4215 3115 4287 campanis,
3140 4218 3469 4279 submissa

265 4285 422 4342 Loca
445 4285 662 4342 divinis
678 4285 941 4343 cultibus
970 4287 1331 4361 mancipata,
1361 4292 1418 4344 et
1432 4304 1569 4361 quoe
1593 4294 1731 4362 post
1752 4291 1853 4346 Ju·
1965 4297 2174 4355 divina
2208 4297 2409 4356 officia
2436 4298 2758 4357 celebrare.
2791 4302 3193 4362 Decernimus
3224 4323 3402 4381 ergo,
3427 4317 3473 4368 et

191 4372 381 4430 daicoe
410 4373 676 4447 perfidioe
711 4373 1039 4430 coecitatem
1069 4373 1276 4432 lumen
1315 4378 1520 4450 gratim
1548 4377 1665 4434 sub
1689 4378 1853 4436 Chri·
1884 4356 1932 4411 D
2029 4386 2248 4443 Datum
2270 4386 2543 4454 Verona,
2576 4405 2631 4445 vt
2665 4388 2752 4445 ld.
2771 4391 3047 4464 Augusti,

185 4460 395 4520 stianae
442 4461 582 4519 tidei
625 4462 795 4519 titulo
837 4468 1251 4536 perceperunt,
1313 4465 1662 4538 apostolicis
1714 4472 1857 4524 sunt
2299 4489 2306 4497 ·
2659 4478 2929 4537 Lxxxw.

187 4550 518 4609 munienda
547 4551 867 4625 praesidiis‚
890 4557 949 4609 et
972 4557 1260 4626 perpetuo
1294 4568 1542 4610 munere
1561 4556 1853 4615 donanda
1995 4563 2385 4637 Privileaium
2416 4581 2531 4638 pro
2565 4566 2858 4637 fratribus
2884 4567 2941 4625 S.
2977 4568 3227 4631 Bertim'
3260 4576 3474 4636 Sittace

181 4638 476 4697 libertatis
505 4660 519 4712 ;
553 4657 693 4698 cum
723 4646 1076 4699 consteteos
1099 4641 1230 4713 jam
1261 4658 1381 4700 non
1412 4657 1543 4699 esse
1568 4642 1723 4701 tilios
1745 4659 1852 4703 an·
2485 4655 2775 4728 (verona,
2810 4657 2963 4728 Aug.
3011 4659 3126 4732 Η.)

185 4728 336 4786 cillae
362 4730 467 4787 sed
492 4729 716 4798 liberte,
746 4730 849 4803 qui
892 4729 1177 4802 elegerint
1207 4729 1312 4801 ibi,
1337 4730 1402 4788 in
1425 4731 1695 4791 libertate
1733 4733 1850 4806 spi·
2281 4739 2551 4807 [Collect.
2582 4745 2682 4802 des
2712 4745 2984 4815 cartul„
3015 4746 3114 4816 ΙΙΙ,
3153 4753 3324 4827 3544

185 4817 334 4876 ritus
366 4819 619 4877 Domino
639 4818 962 4877 deservire.
991 4818 1386 4893 Quapropter,
1413 4819 1614 4878 dilecti
1640 4821 1701 4879 in
1740 4826 1848 4881 Do·
2026 4828 2233 4888 Lucius
2269 4832 2610 4907 episcopus,
2642 4849 2851 4891 servus
2894 4850 3223 4897 servorum
3256 4842 3392 4915 Dei,
3423 4845 3475 4903 di

183 4909 350 4965 mino
395 4908 516 4975 tilii,
570 4909 919 4982 praedictam
964 4908 1282 4968 ecclesiam
1321 4914 1603 4977 vestram,
1655 4927 1844 4985 quam
1954 4918 2093 4977 filiis
2120 4919 2325 4977 abbati
2352 4928 2407 4978 et
2437 4923 2757 4980 conventui
2786 4924 2987 4982 Sancti
3011 4925 3271 5001 Bertini,
3295 4933 3475 4993 salut·

180 4997 645 5056 charissimusin
672 4996 904 5054 Christo
925 4998 1083 5054 tilius
1107 5005 1313 5055 noster
1355 4998 1684 5073 Philippus,
1716 4999 1847 5058 illu·
1955 5009 2350 5082 apostolicam
2372 5009 2880 5072 benedictionem.

180 5087 317 5146 stris
346 5088 709 5144 Francorum
732 5102 854 5153 rex,
877 5086 954 5143 de
983 5103 1234 5144 assensu
1266 5087 1625 5145 venerabilis
1649 5087 1843 5149 fratris
2024 5098 2229 5156 Cuma
2249 5099 2392 5157 sede
2409 5101 2746 5172 apostolica
2761 5106 3048 5175 petuntur
3064 5118 3149 5164 ea
3171 5124 3330 5183 qum
3351 5128 3476 5172 ιη

182 5177 367 5235 nostri
393 5178 460 5235 G.
483 5178 848 5235 senonensis
865 5177 1323 5251 archiepiscopi,
1349 5177 1407 5234 in
1426 5192 1743 5251 synagoga
1764 5180 1840 5238 de
1951 5187 2187 5244 tramite
2213 5203 2330 5244 non
2360 5189 2727 5256 discordant,
2756 5190 2993 5248 facilem
3031 5209 3156 5251 nos
3171 5204 3475 5262 convenit

173 5281 300 5340 qua
341 5265 370 5321 J
378 5264 581 5323 udoeos
611 5266 887 5338 ejecerat,
921 5266 979 5322 in
1009 5265 1305 5323 honorem
1336 5267 1838 5328 victoriosissimae
1948 5276 2090 5333 bere
2128 5292 2511 5348 consensum,
2542 5286 2600 5335 et
2640 5278 2808 5351 justa
2854 5285 2995 5338 vota
3033 5287 3412 5355 petentium
3443 5308 3475 5350 s

171 5356 364 5410 crucis
414 5353 698 5411 aediflcari
750 5354 1074 5422 constituit,
1127 5370 1268 5411 cum
1299 5356 1584 5413 omnibus
1606 5373 1746 5431 qum
1774 5359 1838 5417 in
1952 5372 2350 5440 prosequente
2383 5367 2708 5440 complere,
2737 5373 2878 5427 utet
2919 5368 3292 5436 devotionis
3337 5381 3475 5440 sine

173 5442 630 5518 presentiarum
647 5445 812 5517 iuste
841 5448 899 5502 et
922 5442 1171 5519 pacifice
1198 5443 1490 5519 possidet,
1520 5450 1631 5505 aut
1652 5447 1718 5508 in
1743 5447 1841 5507 tu-
1945 5454 2330 5517 laudabiliter
2357 5457 2665 5529 enitescat,
2685 5462 2743 5519 et
2769 5459 2989 5519 utititas
3017 5466 3368 5536 postulata
3389 5472 3475 5534 vir
