3784 6000
176 176 252 239 65
1673 167 2098 233 EPISTOLAE.
3511 173 3592 234 ιο

177 311 230 365 et
275 306 590 375 Gnidonis,
623 304 926 374 instantia,
986 304 1203 378 quibus
1235 305 1359 362 dari
1407 304 1709 362 videbatur
1764 304 1834 360 de
1862 318 1918 385 Α
1946 301 2091 358 velle
2120 303 2406 360 credatur.
2433 303 2580 360 illud
2604 303 2761 360 enim
2792 303 3095 361 hominum
3127 319 3314 378 genus
3337 306 3583 378 quadam

179 397 401 455 modica
434 396 717 453 dilatione
764 393 1128 468 triumphus,
1160 396 1209 451 si
1240 395 1448 451 fratres
1487 401 1706 450 vestros
1739 393 1823 448 vel

180 488 252 544 ad
275 486 577 543 modicum
601 491 839 559 tempus
861 483 1133 557 quaelibet
1150 485 1380 541 occasio
1401 483 1823 557 suspendisset.

182 576 482 647 Praeterea,
524 590 659 632 cum
693 574 921 631 animos
951 589 1156 648 regum
1197 573 1255 629 in
1301 573 1551 631 favorem
1606 571 1826 629 domini

181 664 361 721 nostri
393 665 666 721 omnium
698 663 1057 720 conscientia
1104 663 1363 720 crederet
1409 661 1730 728 inclinatoS,
1765 660 1827 716 in

176 760 376 827 partes
411 752 788 826 imperatoris
820 753 1066 809 cessisse
1104 751 1381 809 dilatione
1422 751 1674 824 praestita
1705 766 1825 806 cre·

175 846 478 911 cierentur,
500 848 559 898 et
580 843 756 915 paulo
783 841 976 898 minus
1005 840 1337 898 detrimenti
1373 840 1630 912 suscipio
1652 855 1825 910 quam

176 933 384 990 notitia
416 932 567 989 ferte
587 930 847 988 veritatis
868 930 1111 986 afferret.
1137 931 1249 986 Sed
1273 933 1329 986 et
1357 946 1453 986 rex
1473 929 1826 985 Francorum

176 1023 255 1077 rei
279 1021 701 1077 diffinitionem
718 1019 869 1091 regis
884 1020 1206 1091 Anglorum
1218 1017 1501 1075 voluntati
1517 1019 1829 1074 commise-

177 1120 285 1180 rat,
319 1111 473 1167 nihil
531 1127 592 1167 se
649 1111 938 1166 facturum
992 1107 1220 1181 publice
1273 1113 1655 1174 contestatus,
1714 1109 1825 1164 nisi

174 1202 333 1274 quod
366 1200 561 1274 ipsius
592 1200 643 1257 ei
682 1200 973 1256 sententia
999 1199 1411 1271 praedictasset.
1445 1197 1830 1254 Praevaluerat

174 1291 379 1362 itaque
421 1288 739 1347 consilium
791 1287 1103 1356 dilationiS,
1139 1292 1204 1344 ut
1243 1294 1457 1358 quanto
1489 1286 1828 1360 spatiosius,

172 1382 344 1435 tanto
377 1378 586 1434 utilius
617 1378 848 1450 utrique
881 1377 999 1447 regi
1060 1382 1259 1448 posset
1305 1393 1431 1434 esse
1469 1374 1828 1443 consultum,

173 1471 355 1540 atque
387 1466 624 1524 interim
648 1466 845 1539 aliqua
877 1470 1117 1538 possent
1137 1467 1209 1522 de
1233 1465 1376 1538 ipsis
1404 1464 1710 1522 eventibus
1732 1481 1826 1521 au·

169 1556 416 1629 spicari.
455 1556 598 1622 Quia
625 1556 803 1630 igitur
824 1556 895 1612 de
924 1556 1163 1612 arbitrio
1196 1555 1341 1625 regis
1371 1554 1687 1629 Anglorum
1712 1558 1831 1612 tota

172 1663 360 1704 causa
382 1646 694 1719 pendebat,
711 1644 1111 1702 exaudiendus
1130 1650 1257 1702 erat
1277 1647 1662 1720 potiusquam
1676 1661 1832 1701 seve·

172 1736 373 1793 ritatis
404 1735 655 1807 alicujus
681 1734 1022 1792 austeritate
1056 1736 1384 1802 terrendus,
1408 1736 1479 1791 de
1500 1735 1670 1805 cujus
1693 1733 1834 1791 sim·

175 1825 324 1898 plici
375 1825 571 1881 favore
628 1825 686 1880 in
720 1828 1017 1881 momento
1066 1825 1444 1894 Francorum,
1483 1824 1829 1895 Anglorum,

173 1913 690 1987 Hispaniensium,
727 1912 1192 1970 lliberniensium
1223 1917 1281 1968 et
1313 1912 1627 1968 novissime
1661 1913 1833 1968 otiam

174 2005 696 2079 Norwegiensium
716 2020 895 2077 regna
917 2003 1191 2074 coepistis.
1208 2005 1318 2060 Sed
1344 2009 1400 2060 et
1422 2005 1572 2060 unde
1588 2003 1718 2075 quis
1730 2002 1835 2059 ori-

181 2102 381 2152 turam
413 2111 594 2167 super
621 2110 687 2151 eo
736 2092 1213 2166 proesumpsisset
1240 2091 1544 2155 offensam,
1574 2093 1730 2164 quod
1763 2093 1836 2148 ab

180 2184 358 2243 initio
386 2200 494 2258 pro
543 2184 694 2241 bono
724 2184 886 2255 pacis
944 2183 1157 2253 scripto
1189 2181 1360 2238 etiam
1391 2181 1834 2251 interveniente,

176 2291 391 2348 regum
418 2274 722 2342 sanctitas,
739 2271 941 2345 religio
960 2270 1297 2344 praesulum,
1313 2271 1646 2342 principum
1672 2271 1839 2339 fides,

175 2363 393 2438 populi
444 2362 872 2435 congratulatio
910 2361 1113 2419 devota
1144 2360 1428 2428 firmavit:
1466 2375 1570 2418 nec
1600 2361 1677 2418 rei
1711 2360 1838 2416 eisi-

174 2454 473 2513 cientiam
495 2451 905 2508 communibus
920 2449 1274 2522 regulis,sed
1299 2449 1449 2521 quod
1474 2449 1653 2522 magis
1675 2465 1838 2506 acce-

178 2542 365 2600 lerari
390 2544 609 2614 posset,
631 2540 1035 2595 ecclesiasticas
1059 2542 1247 2611 potius
1271 2537 1642 2612 indulgentiae
1665 2539 1844 2595 desti-

179 2632 374 2691 navit.
404 2631 564 2696 Quod
611 2633 659 2687 si
691 2630 832 2702 quid
865 2630 936 2685 de
965 2628 1328 2699 indulgentia
1357 2633 1558 2686 contra
1604 2631 1839 2686 casdem

180 2721 430 2797 regulas
453 2724 678 2778 constat
698 2735 820 2776 esse
840 2719 1139 2787 delictum,
1175 2719 1317 2774 nibil
1347 2725 1543 2776 tamen
1575 2720 1842 2777 criminis

182 2811 551 2877 intercessit,
575 2808 900 2881 vulnusque
932 2809 1223 2864 modicum
1255 2809 1434 2865 totius
1467 2810 1658 2881 operis
1689 2809 1844 2866 sani·

182 2909 273 2958 tas
305 2906 610 2957 asservata
661 2905 1016 2970 compensat.
1067 2898 1170 2955 Hic
1226 2903 1378 2956 certe
1416 2899 1577 2956 zelus
1606 2900 1840 2971 eorum,

176 2990 313 3047 haec
338 2988 453 3045 ruit
470 2986 928 3061 dispensationis
950 2985 1218 3057 intentio,
1235 3004 1410 3061 quam
1437 3005 1551 3044 non
1576 2986 1840 3045 ultronea

1940 394 2280 450 austeritate
2309 410 2545 467 semper
2575 394 2812 451 notabili
2863 395 2970 450 arti
3026 411 3146 450 suae
3206 397 3586 454 reverentiam

1938 491 2062 547 sola
2106 491 2431 548 severitatis
2460 490 2819 549 exhibitione
2865 492 3182 566 conquirit,
3216 497 3273 550 et
3314 494 3483 567 quasi
3513 495 3588 551 de

1939 579 2292 651 benignitate
2337 580 2656 651 vilesceret,
2691 580 2938 637 infamat
2984 582 3180 638 omnia
3226 598 3589 657 quaecunque

1942 670 2121 725 miser
2152 671 2423 740 patientis
2445 671 2739 743 appetitus
2767 671 3043 744 exposcit.
3073 671 3305 729 Utinam
3330 674 3484 744 quod
3517 673 3589 729 ad

1939 757 2215 813 victualia
2248 760 2514 830 pertinet,
2546 759 2697 814 idem
2753 760 2918 814 nobis
2950 776 3092 815 usus
3124 764 3182 815 et
3230 761 3590 818 abstinentia

1940 846 2310 917 praeberetur,
2348 852 2411 902 ut
2440 847 2833 917 suspicionem
2865 848 3324 904 communicatio
3354 847 3589 906 tolleret

1938 944 1990 991 et
2019 937 2190 991 iidem
2212 937 2397 1008 pietas
2418 938 2847 1007 compassionis
2876 937 3142 1010 augeret!
3170 939 3255 993 Ad
3278 937 3401 995 hoec
3433 938 3588 996 defe-

1938 1028 2099 1081 ctum
2123 1024 2201 1080 im
2210 1025 2423 1096 peritiae
2450 1043 2571 1081 suae
2593 1025 2773 1098 culpis
2795 1042 3026 1098 semper
3048 1027 3380 1098 aegrotantis
3403 1029 3588 1084 ascri-

1941 1113 2108 1182 bunt,
2142 1119 2207 1170 ut
2253 1130 2404 1186 aeger
2434 1119 2489 1170 et
2521 1115 2715 1171 inedia
2752 1120 2974 1187 pereat,
3005 1120 3061 1170 et
3108 1115 3415 1172 calumnioe
3446 1133 3586 1174 con-

1941 1201 2180 1258 tumelia
2200 1204 2507 1259 crucietur.
2528 1204 2782 1276 Denique
2804 1205 2874 1260 ad
2901 1205 3181 1261 mercedis
3203 1210 3588 1276 augmentum

1940 1291 2318 1348 sententiosis
2373 1292 2740 1349 sermonibus
2784 1292 3137 1362 incedentes,
3181 1294 3430 1366 gratiam
3476 1293 3593 1352 sibi

1943 1381 2357 1437 misericordiis
2381 1382 2586 1437 divinae
2620 1382 2976 1455 praeripiunt,
3006 1386 3069 1438 ut
3099 1384 3255 1455 quod
3290 1383 3592 1441 miseratio

1941 1468 2135 1525 divina
2165 1471 2474 1527 contulerit
2502 1472 2637 1544 (29),
2656 1472 2725 1527 de
2754 1488 2955 1528 eorum
2988 1471 3256 1529 videatur
3285 1471 3589 1543 diligentia

1944 1561 2299 1631 provenisse.
2333 1560 2462 1616 Haec
2496 1563 2566 1617 ad
2592 1578 2847 1633 praesens
2869 1563 3023 1633 apud
3057 1559 3467 1618 celsitudinem
3493 1576 3590 1619 ve·

1944 1653 2127 1704 stram
2161 1648 2531 1707 incommodo
2557 1668 2661 1708 nos
2685 1656 2982 1717 excusent,
3015 1651 3173 1723 quia,
3201 1650 3248 1706 si
3283 1666 3588 1724 personam

1942 1737 2260 1810 corporalis
2292 1739 2636 1812 impotentia
2666 1741 2904 1805 detinet,
2941 1740 3234 1811 majestati
3266 1745 3461 1797 tamen
3483 1756 3592 1798 ve-

1943 1832 2073 1884 strae
2097 1827 2321 1884 devotio
2350 1829 2653 1886 charitatis
2682 1831 2952 1887 occurrit.
2990 1830 3181 1886 Causa
3215 1846 3448 1901 quoque
3486 1845 3593 1886 no-

1943 1920 2225 1981 strorum,
2253 1934 2378 1989 quae
2412 1918 2640 1974 interim
2673 1918 2727 1974 in
2761 1928 2946 1974 vestro
2976 1921 3110 1974 sunt
3138 1918 3427 1974 auditorio
3450 1934 3592 1975 ven-

1946 2006 2199 2075 tilandae,
2250 2007 2733 2063 commendamus
2774 2007 3079 2074 attentius,
3116 2011 3175 2062 ut
3214 2006 3272 2061 in
3305 2006 3386 2062 cis
3435 2007 3589 2078 apud

1948 2111 2048 2150 vos
2069 2099 2126 2151 et
2146 2095 2319 2151 amici
2342 2095 2701 2166 diligentiam
2717 2096 3007 2167 ctJudicis
3036 2094 3592 2166 inveniantoequita·

1950 2189 2084 2239 tem.
2118 2183 2365 2239 Domino
2395 2201 2621 2255 quoque
2656 2185 2772 2256 regi
2806 2182 3097 2256 supplices
3122 2200 3224 2255 pro
3258 2183 3427 2239 nobis
3457 2199 3593 2256 gra-

1951 2273 2063 2328 tias
2092 2273 2377 2339 exhibete,
2411 2274 2561 2344 quod
2593 2273 2920 2329 infirmitati
2954 2278 3163 2328 nostroe
3185 2275 3350 2328 tanta
3381 2271 3595 2328 libera-

1950 2364 2111 2420 litate
2142 2381 2486 2437 compassue
2506 2367 2616 2435 est,
2632 2368 2690 2420 et
2709 2381 2785 2420 aas
2808 2362 3060 2419 alienum
3086 2363 3241 2434 quod
3263 2365 3383 2420 tam
3406 2360 3598 2434 ipsius

1951 2469 2124 2524 quam
2159 2454 2274 2509 alia
2295 2454 2550 2525 qualibet
2576 2453 2879 2510 occasione
2900 2455 3328 2520 contraxeram,
3352 2450 3400 2506 si
3424 2466 3596 2508 secus

1952 2541 2259 2610 accideret,
2297 2542 2469 2615 regali
2519 2542 2781 2614 suscepit
2818 2541 3217 2598 munificentia
3259 2540 3595 2612 persolven-

1955 2632 2117 2699 dum,
2168 2632 2460 2702 fidemque
2508 2631 2827 2687 devotionis
2860 2636 3070 2687 nostrae
3121 2632 3176 2686 et
3222 2628 3593 2685 sedulitatem

1954 2721 2207 2777 laudavit
2238 2721 2525 2792 obsequii,
2560 2736 2743 2791 eaque
2775 2719 2887 2775 sibi
2907 2718 3119 2790 saepius
3142 2717 3440 2775 exstitisse
3462 2717 3594 2773 iru-

1952 2816 2156 2866 ctuosa
2186 2809 2473 2881 cognovit.
2511 2809 2748 2864 Dulcius
2777 2814 2834 2865 et
2863 2807 3159 2864 efficacius
3212 2807 3366 2863 inter
3394 2803 3594 2863 omnia

1953 2899 2316 2954 medicamen
2350 2898 2544 2970 accepi
2577 2897 2823 2969 gratiam
2859 2896 3087 2953 Domini
3120 2894 3256 2966 mei,
3289 2895 3349 2951 in
3382 2910 3593 2967 oppor-

1952 2988 2196 3045 tunitate
2228 2987 2515 3059 copiosius
2561 2985 2921 3056 affluentem,
2951 2985 3119 3057 cujus
3160 2983 3431 3041 alacritas
3462 2998 3591 3041 om-

174 3080 471 3138 voluntas
509 3078 738 3149 obtulit,
769 3079 871 3135 sed
911 3077 1323 3149 importunitas
1353 3078 1718 3136 necessitatis
1740 3095 1839 3136 ex·
1868 3052 1913 3121 C
1953 3093 2084 3134 nem
2117 3077 2385 3149 protinus
2422 3076 2694 3148 injuriam
2729 3074 3019 3147 passionis
3049 3072 3318 3130 exclusit.
3339 3071 3590 3130 Felicem

182 3170 384 3237 torsit,
409 3168 712 3241 quoniam,
734 3166 784 3223 si
806 3182 875 3223 ea
893 3167 987 3222 die
1005 3182 1194 3224 sermo
1212 3183 1328 3223 non
1356 3168 1844 3224 suissetconsum-

184 3264 392 3316 matus
425 3258 490 3312 in
524 3257 757 3323 bonum,
791 3255 989 3327 procul
1021 3254 1196 3312 dubio
1229 3257 1435 3313 fratres
1455 3259 1631 3313 vestri
1655 3257 1844 3329 repul-

182 3365 317 3405 sam
352 3345 648 3402 diutinam
681 3344 764 3401 vel
799 3361 1112 3418 perennem
1137 3345 1246 3400 sub
1269 3344 1567 3402 dilationis
1596 3345 1846 3417 imagine

186 3440 620 3511 reportassent.

947 3523 1121 3579 XXV.

190 3630 263 3668 An
306 3626 618 3667 amarem«
659 3625 915 3666 Pisanus(
961 3627 1227 3667 necarunt
1266 3627 1512 3667 Romame
1548 3628 1848 3668 secessim.

1953 3183 2069 3235 me,
2090 3167 2352 3238 inquam,
2386 3166 2436 3221 si
2469 3180 2723 3237 unquam
2756 3165 3023 3221 inveniar
3041 3161 3334 3234 accepisse
3356 3178 3472 3218 non
3503 3159 3592 3216 in·

1954 3260 2116 3327 grate
2147 3257 2298 3327 quod
2333 3259 2494 3311 tanta
2523 3258 2759 3326 tamque
2792 3252 2943 3308 facili
2968 3250 3110 3307 mihi
3143 3249 3399 3307 bonitate
3420 3247 3592 3305 colla·

1956 3349 2081 3401 tum
2106 3350 2216 3412 est,
2248 3344 2296 3400 si
2330 3342 2676 3399 utilitatibus
2706 3342 2835 3412 ejus
2864 3346 2922 3397 et
2968 3338 3165 3412 gloriae
3194 3339 3396 3394 datum
3448 3335 3594 3392 mihi

1957 3434 2131 3489 fuerit
2180 3433 2312 3489 totis
2357 3432 2754 3499 facultatibus,
2784 3434 2903 3487 toto
2935 3429 3150 3497 studio,
3181 3427 3318 3485 totis
3365 3440 3601 3497 semper

1960 3523 2182 3578 viribus
2222 3520 2537 3577 inserviret
2574 3520 2730 3576 Licet
2770 3527 2961 3576 autem
3014 3518 3289 3589 maJestas
3339 3511 3604 3572 beneficii

1963 3611 2268 3667 modulum
2327 3613 2542 3666 nostrae
2593 3608 2894 3681 parvitatis
2933 3606 3191 3674 excedat,
3224 3603 3607 3676 dignissimus

265 3703 411 3758 Post
464 3700 789 3757 discessum
830 3705 1090 3758 vestrum
1139 3703 1539 3774 importunum
1590 3704 1852 3760 tertianae
1964 3702 2215 3771 profecto
2253 3700 2536 3756 dicendus
2565 3702 2652 3754 est
2704 3697 2976 3769 quisquis
3021 3703 3200 3750 totum
3231 3693 3387 3765 quod
3421 3694 3609 3764 potest

194 3796 415 3865 qnater
447 3805 660 3861 passus
700 3805 1025 3859 accessum,
1055 3791 1292 3847 tandem
1322 3790 1396 3846 ad
1429 3792 1727 3848 medicinae
1759 3808 1857 3847 re-
1965 3791 2035 3846 ad
2066 3790 2383 3863 gratiarum
2415 3789 2678 3860 congerit
2718 3787 3025 3842 actionem.

196 3881 471 3938 medium
505 3878 759 3935 salutare
784 3879 1043 3952 coniugi,
1075 3880 1229 3953 quod
1254 3887 1444 3937 tamen
1466 3880 1642 3954 paulo
1662 3880 1857 3937 minus
2674 3874 2876 3930 XXVI·

196 3971 351 4030 mihi
373 3967 687 4027 molestum
720 3969 936 4025 exstitit
965 3984 1142 4040 quam
1176 3969 1384 4026 caloris
1415 3971 1858 4044 intemperantia
2597 3979 2669 4019 an
2709 3976 2978 4018 sumnam.

203 4078 343 4136 qna
376 4058 699 4133 precessit.
719 4058 942 4116 Habent
973 4061 1129 4117 enim
1156 4060 1456 4118 medicinis
1479 4061 1735 4117 remedia
1765 4078 1862 4118 ne·
2041 4059 2104 4114 In
2136 4073 2250 4129 quo
2280 4055 2452 4111 verbo
2486 4069 2649 4126 reges
2681 4051 2866 4108 nostri
2898 4050 2967 4106 de
2998 4047 3370 4120 susceptione
3388 4045 3617 4103 domini

201 4151 335 4210 scio
384 4149 526 4223 quid
577 4148 977 4206 abominendae
1011 4149 1393 4223 malignitatis
1434 4150 1773 4218 admistum,
1806 4154 1863 4207 et
1972 4164 2133 4221 papae
2167 4144 2564 4214 convenerint,
2596 4150 2786 4199 vestra
2817 4136 3101 4213 sapientia
3131 4154 3246 4193 non
3270 4138 3514 4208 ignorat.
3551 4137 3619 4190 Et

204 4256 281 4298 ne
310 4238 506 4311 gratis
535 4237 840 4295 conferant
869 4254 1040 4295 omne
1087 4238 1460 4309 beneficium,
1493 4255 1726 4312 semper
1754 4238 1865 4296 ad-
1972 4242 2164 4293 noster
2193 4235 2425 4307 quidem
2459 4234 2530 4290 ad
2564 4231 2988 4288 ecclesiasticas
3020 4243 3298 4299 personas
3329 4223 3490 4297 regni
3518 4224 3611 4279 sui

207 4330 415 4400 juncto
438 4327 729 4384 maleficio
760 4332 1234 4400 recompensant,
1256 4333 1338 4396 ut,
1364 4330 1537 4385 etiam
1567 4344 1704 4385 cum
1735 4345 1866 4401 pro·
1970 4327 2191 4398 legatos
2224 4322 2534 4380 destinavit
2566 4323 2621 4376 in
2663 4321 2951 4392 Angliam,
2978 4333 3116 4379 ,cum
3167 4314 3379 4372 litteris
3410 4329 3554 4386 quas
3588 4328 3622 4368 a

220 4418 456 4488 fuerint,
491 4417 800 4492 indignius
847 4418 1221 4476 ulciscantur.
1269 4419 1545 4476 Convalui
1585 4423 1778 4476 tamen
1811 4423 1868 4475 et
1900 4430 1939 4491 ι)
1972 4415 2206 4472 domino
2240 4431 2389 4485 papa
2421 4416 2737 4483 receperat,
2760 4418 2815 4466 et
2840 4409 3059 4480 scripto
3087 4405 3193 4461 illo
3215 4404 3369 4476 quod
3402 4421 3434 4458 a
3466 4401 3617 4460 schi-

206 4524 319 4583 μοι·
343 4508 592 4580 gratiam
620 4508 717 4566 Dei
739 4515 795 4564 et
824 4508 1026 4566 merita
1048 4512 1237 4566 vestra
1262 4509 1524 4581 jucunda
1556 4508 1703 4565 mihi
1724 4525 1861 4582 spes
1968 4505 2229 4563 smaticis
2250 4509 2339 4560 est
2360 4504 2431 4559 de
2455 4501 2721 4574 Papiensi
2747 4494 3146 4557 conventiculo
3169 4493 3539 4559 fabricatum,
3559 4494 3623 4546 ut

207 4603 421 4671 optata!
454 4596 729 4655 sanitatis
769 4597 1010 4668 arridet,
1042 4605 1385 4671 portumque
1425 4598 1632 4655 salutis
1663 4604 1862 4655 nostra
1888 4637 1896 4642 -
1970 4594 2192 4653 scilicet
2215 4598 2461 4666 utroque
2483 4592 2698 4663 scripto
2714 4595 2995 4660 tanquam
3021 4581 3464 4655 allegationibus
3485 4595 3618 4651 par-

202 4688 477 4746 ereditur
521 4687 774 4744 anchora
822 4688 1137 4746 continere.
1170 4688 1389 4760 Aliquae
1443 4692 1638 4744 tamen
1670 4688 1863 4744 adbuc
1973 4686 2120 4742 tium
2155 4684 2427 4754 utrinque
2476 4679 2793 4752 proposito,
2829 4677 3043 4732 rectius
3084 4671 3327 4745 possint,
3355 4668 3519 4740 quasi
3555 4668 3626 4723 de

204 4777 524 4851 praeterita
567 4776 859 4849 passionis
910 4777 1189 4836 inbaesere
1219 4776 1495 4850 reliquiae,
1540 4778 1755 4836 macies
1812 4785 1866 4833 et
1970 4774 2189 4847 judicio
2224 4773 2467 4828 formare
2486 4770 2822 4835 consilium,
2847 4770 2903 4820 et
2934 4760 3218 4833 liquidius
3250 4759 3319 4814 ds
3351 4760 3624 4856 contem-

204 4865 592 4940 aegritudinis
622 4870 869 4941 cognata
917 4867 1206 4940 debilitas,
1238 4867 1520 4925 delicatus
1552 4867 1866 4940 appetitus,
1978 4862 2232 4936 platione
2263 4859 2533 4915 falsitatis
2582 4854 2853 4929 oppositae
2898 4862 3249 4948 cognoscere
3299 4847 3624 4902 veritatem.

206 4959 394 5029 cujus
423 4956 659 5014 fastidio
691 4956 854 5014 nulla
883 4956 1072 5028 copia,
1104 4956 1264 5015 nulla
1313 4958 1650 5015 satisfacere
1682 4962 1873 5031 potest
1980 4951 2081 5008 Cui
2113 4966 2253 5007 sane
2295 4947 2604 5019 colloquio,
2636 4945 2778 5015 quia
2833 4937 3208 5012 corporaliter
3255 4936 3460 4992 adesse
3508 4950 3624 4991 non

206 5045 515 5103 industria
535 5045 1061 5104 ministrorum.Ad
1089 5046 1400 5104 recidivam
1426 5045 1687 5104 medicus
1710 5064 1876 5119 para·
1982 5040 2165 5114 potui,
2181 5054 2282 5111 pel*
2310 5035 2609 5110 epistolam
2633 5030 2839 5089 Saltem
2870 5030 3149 5086 502010850
3170 5025 3388 5095 ⁰¹¹r²²V32
3406 5028 3470 5080 ut
3493 5040 3595 5097 1³⁶¹*
3603 5052 3629 5067 ⁶

208 5142 337 5193 tam
369 5133 517 5191 dicit
541 5149 670 5193 esse
690 5136 1014 5206 materiam,
1038 5136 1287 5207 ideoque
1308 5135 1568 5193 studium
1593 5135 1875 5193 subtilio-
1984 5147 2139 5187 sonas
2172 5129 2350 5184 vicem
2401 5128 2616 5199 pagina
2663 5122 2932 5195 suppleat
2961 5126 3018 5178 et
3058 5120 3192 5175 vivis
3225 5116 3380 5175 vocis
3409 5115 3632 5171 instan-

205 5227 297 5284 ris
357 5224 739 5282 observantioe
797 5224 1183 5299 scrupulosus
1241 5224 1510 5298 imponit,
1572 5226 1878 5298 ruptisque
1986 5222 2127 5278 tiam
2152 5215 2398 5292 epistola
2421 5214 2610 5272 tidelis
2641 5214 2947 5271 instauret.
2980 5213 3155 5282 Cujus
3174 5208 3349 5263 etiam
3374 5202 3630 5276 epistolis

210 5308 401 5372 labiis
433 5316 491 5370 et
516 5312 720 5387 lingua
747 5315 1065 5388 palpitante
1086 5319 1249 5372 tanta
1280 5317 1482 5386 potum
1511 5314 1713 5371 tribuit
1746 5332 1882 5388 par·
1989 5309 2407 5380 transcriptum
2430 5305 2725 5364 sanctitati
2749 5308 2950 5361 vestrae
2974 5293 3611 5359 censuidestinandum

208 5404 417 5473 citata,
451 5406 518 5458 ut
571 5402 735 5460 sitim
788 5404 985 5477 potius
1014 5404 1247 5462 irritare
1300 5419 1478 5476 quam
1512 5419 1884 5477 compescere
1990 5405 2056 5457 ut
2080 5399 2441 5456 devotionem
2485 5411 2693 5466 meam,
2728 5391 2996 5466 quamvis
3027 5402 3232 5462 parum
3267 5381 3639 5454 utilem,orss-

281 5491 406 5569 (29)
440 5491 529 5564 13„
560 5492 819 5551 contulit.
