3784 6000
19 4997 30 5644 ——-——--——-

92 251 239 315 lm

1090 246 1466 308 EPISTOLAE
1508 241 1599 302 BT
1660 229 2103 296 valmcvls.
2146 258 2213 273 -
2249 228 2364 287 AN.
2409 228 2568 285 1185.

3371 221 3535 280 4³86

93 376 344 434 veniunt
358 379 419 433 et.
442 377 1014 450 consonantpietati,
1036 373 1646 434 faciliusdebemuset
1660 380 1757 422 vo-
1784 365 1832 423 A
1935 358 2057 426 280
2083 356 2289 414 Petrus
2329 355 2568 412 diassvss·
2601 351 2766 411 eard·
2803 352 2858 409 S·
2915 348 3136 407 Nicolai
3165 349 3227 406 in
3276 349 3522 406 Caruere

88 465 217 523 lum
226 481 292 520 us
309 464 615 531 exaudire,
633 471 784 521 uteo
796 465 1068 523 devotius
1081 464 1317 537 Reguloe
1334 467 1544 520 vestrm
1554 458 1754 515 obser·

88 555 304 613 vantia
314 554 627 624 insistatis,
641 570 763 628 quo
774 555 958 628 magis
971 570 1098 612 eam
1114 555 1397 612 noveritis
1410 567 1447 609 a
1464 549 1603 607 sede
1617 559 1756 617 apo·

90 643 302 701 stolica
314 644 685 701 roboratam.
708 643 1259 716 Eapropter,dilecti
1278 645 1337 700 in
1354 639 1601 699 Domino
1626 634 1752 704 filii,

93 733 306 789 vestris
320 732 824 806 postulationibus
846 732 1169 790 clementer
1192 732 1540 798 annuimus,
1566 731 1626 783 et
1650 726 1753 783 Re·

93 820 300 894 gulam
324 836 514 893 quam
544 820 657 893 pias
674 821 1107 879 recordationis
1124 819 1519 895 Raymundus
1533 815 1755 887 magis·

96 915 183 968 ter
203 916 400 967 vester
417 910 491 966 de
503 912 808 971 communi
828 912 1080 969 consilio
1103 916 1160 969 et
1181 911 1487 968 voluntate
1512 902 1755 979 capituli

94 999 416 1057 salubriter
441 1000 759 1069 ordinavit,
787 1006 844 1057 et
899 1001 1084 1058 felicis
1117 1001 1424 1057 memorias
1457 995 1756 1068 Eugenius

90 1104 259 1163 papa
271 1088 677 1163 praedecessor
689 1094 978 1162 noster‚ut
988 1082 1752 1163 accepimus‚conflrmavit‚

93 1178 449 1236 auctoritate
504 1178 835 1252 apostolica
906 1180 1361 1237 confirmamus.
1448 1174 1755 1232 Fiduciam

95 1266 343 1341 quidem
354 1267 651 1324 habemns
665 1283 769 1341 per
784 1266 1085 1326 Christum
1097 1268 1171 1324 ad
1184 1270 1464 1332 Deum,ut
1475 1262 1757 1339 quemad·

94 1356 352 1413 modum
379 1356 687 1414 canonicis
714 1357 1092 1428 regularibus
1123 1357 1277 1414 beati
1316 1353 1626 1428 Augustini
1649 1352 1755 1408 Re-

95 1444 240 1516 gula
268 1459 553 1502 concessa
583 1451 672 1502 est
700 1447 780 1503 ad
836 1447 1114 1512 salutem,
1162 1447 1247 1503 ita
1264 1451 1524 1502 vestram
1555 1446 1754 1499 custo-

92 1534 328 1593 dientes
357 1534 645 1607 regulam‚
679 1534 756 1593 ad
806 1541 1043 1593 internus
1084 1535 1450 1593 beatitudine
1476 1534 1753 1590 bravium

96 1623 466 1696 pertingetis.

169 1748 447 1807 Remedia
477 1756 765 1823 praeterea
796 1749 874 1808 ad
896 1748 1271 1807 infirmorum
1296 1762 1509 1804 curam
1531 1743 1751 1802 delihe-
1782 1756 1823 1813 Β

94 1838 326 1896 ratione
381 1837 637 1912 provida
682 1838 1022 1906 constituta,
1052 1838 1323 1895 videlicet
1376 1840 1437 1892 ut
1477 1834 1538 1892 in
1566 1834 1751 1891 domo

97 1927 412 2001 Hospitalis
441 1943 680 2001 semper
715 1934 977 2001 quatuor
1011 1927 1230 1985 medici
1275 1931 1332 1983 et
1359 1925 1605 1984 totidem
1636 1922 1754 1979 sint

95 2016 436 2091 chirurgici,
467 2016 545 2074 ad
566 2031 828 2091 quorum
857 2016 1314 2088 dispositionem
1343 2031 1412 2071 ea
1441 2014 1653 2086 quasin
1674 2010 1753 2068 ci-

96 2104 280 2163 bariis
290 2106 534 2163 autaliis
549 2106 807 2162 infirmis
821 2106 1157 2164 necessaria
1176 2103 1755 2169 fuerint,ministren·

100 2198 214 2264 tur,
237 2201 295 2251 et
325 2194 442 2252 alia
470 2194 646 2271 plura
671 2210 806 2268 quae
827 2194 888 2251 in
919 2194 1151 2268 scriptis
1179 2193 1392 2251 vestris
1418 2192 1754 2263 redigentes

104 2284 322 2341 utiliter
348 2284 687 2350 ordinastis,
712 2283 1102 2342 nihilominus
1136 2282 1566 2363 approbantes,
1591 2296 1756 2337 revo-

104 2373 226 2431 cari
238 2389 274 2430 a
288 2389 595 2449 quoquam
615 2373 727 2430 sub
739 2373 1209 2431 interminatione
1221 2371 1609 2430 anathematis
1618 2384 1758 2443 pro-

99 2461 399 2528 hibemus,
433 2461 547 2521 nisi
571 2463 720 2519 forte
741 2460 1020 2532 augendo
1045 2462 1106 2518 in
1130 2461 1342 2518 melius
1364 2464 1757 2530 mutarentur,

176 2550 323 2608 Nulli
340 2566 484 2621 ergo
506 2552 754 2609 omnino
768 2551 1085 2609 hominum
1105 2550 1280 2608 liceat
1297 2551 1456 2607 hanc
1468 2548 1758 2622 paginam

107 2649 321 2697 nostrae
349 2641 824 2697 confirmationis
870 2648 923 2697 et
953 2640 1369 2714 prohibitionis
1417 2637 1759 2710 infringere,

106 2727 203 2786 vel
231 2728 286 2785 ei
317 2746 465 2786 ausu
492 2731 804 2787 temerario
829 2731 1145 2787 contraire.
1182 2728 1238 2787 Si
1260 2728 1394 2803 quis
1423 2733 1623 2784 autem
1647 2727 1761 2784 hoc

108 2821 395 2876 attentare
407 2819 856 2893 praesumpserit,
872 2818 1331 2891 indignationem
1346 2815 1764 2889 omnipotentis

111 2907 212 2964 Dei
240 2912 296 2963 et
349 2908 662 2965 beatorum
707 2910 851 2965 Petri
883 2913 939 2965 et
983 2907 1143 2966 Pauli
1176 2907 1588 2981 apostolorum
1629 2904 1761 2978 ejus

111 3012 175 3052 se
200 2997 429 3053 noverit
448 2997 848 3054 incursurum.

1859 445 2129 504 Tulliano
2159 444 2514 516 subscripsi.

1945 539 2063 610 Ego
2079 535 2388 594 Rainerius
2414 534 2653 589 diacon.
2708 527 2877 587 card.
2911 529 2967 585 S.
2998 527 3231 601 Georgii
3258 527 3318 584 in
3350 526 3520 585 Vela-

1860 631 1973 688 bro
2007 623 2358 697 subscripsi.

1939 722 2152 776 Datum
2165 717 2409 771 Veronae
2436 726 2541 784 per
2563 725 2780 767 manus
2806 706 3046 772 Alberti,
3065 710 3290 763 sanctae
3307 707 3523 764 Roma·

1862 825 1954 866 noe
1985 805 2262 865 Ecclesiae
2307 800 2654 864 cardinalis,
2684 815 2743 854 xi
2804 796 3101 854 Kalendas
3129 792 3521 866 Septembris,

1862 896 2189 955 indictione
2228 908 2302 957 iv,
2339 887 2770 948 incarnationis
2805 885 3126 943 Dominicae
3157 899 3320 941 anno
3357 882 3517 951 ¹185,

1862 985 2244 1062 pontificatus
2276 996 2414 1036 vero
2443 978 2654 1036 domni
2683 975 3002 1034 Alexandri
3055 989 3231 1047 papae
3260 973 3329 1029 lli
3357 986 3521 1031 anno

1863 1079 2102 1150 quarto.

2576 1155 2791 1215 CCXLl.

2009 1250 2398 1322 Privileqium
2437 1263 2547 1317 pro
2576 1244 2926 1302 monasterio
2958 1241 3381 1299 Barthonensi.

2396 1338 2685 1409 (Veronae,
2720 1334 2882 1406 Sept.
2914 1334 2992 1394 3.)

2029 1427 2422 1503 [nonestis-on
2450 1423 2801 1495 Anqlican„
2853 1426 2995 1477 tom.
3042 1420 3082 1485 l,
3135 1434 3195 1492 p.
3226 1415 3380 1491 27c.]

1933 1525 2132 1578 Lucius
2160 1519 2503 1590 episcopus,
2547 1528 2758 1568 servus
2799 1525 3106 1567 servorum
3140 1507 3259 1570 Dei,
3290 1504 3523 1563 dilectis

1858 1610 1996 1667 filiis
2011 1613 2302 1666 Riemann
2329 1602 2538 1662 abbati
2555 1599 2900 1658 monasterii
2917 1598 2993 1655 de
3011 1596 3355 1662 Burthonia,
3370 1594 3422 1667 ej
3432 1610 3527 1650 us·

1858 1715 1978 1773 que
1996 1697 2297 1760 fratribus,
2317 1699 2443 1751 tam
2471 1689 2870 1764 proesentibus
2893 1703 3079 1761 quam
3094 1686 3527 1755 futuris,regu-
3627 1714 3634 1721 -

1858 1790 2047 1846 larem
2074 1786 2255 1843 vitam
2294 1781 2576 1853 professis
2592 1781 2652 1836 in
2683 1782 3060 1853 perpetuum.

1935 1876 2046 1933 Piae
2061 1872 2384 1948 postulatio
2401 1868 2719 1927 voluntatis
2731 1866 2945 1925 effectu
2953 1865 3128 1922 debet
3139 1868 3526 1937 prosequente

1860 1965 2173 2039 compleri,
2228 1969 2288 2019 ut
2331 1967 2387 2019 et
2416 1957 2754 2017 devotionis
2802 1954 3109 2012 sinceritas
3143 1950 3525 2010 laudabiliter

1862 2056 2147 2113 enitescat
2170 2058 2228 2109 et
2250 2050 2473 2108 utilitas
2502 2047 2802 2120 postulata
2824 2045 2975 2101 vires
2998 2041 3406 2100 indubitanter
3431 2054 3530 2096 as-

1862 2148 2087 2201 sumat.
2139 2144 2486 2214 Eapropter,
2517 2136 2715 2193 dilecti
2742 2136 2805 2192 in
2849 2133 3107 2192 Domino
3137 2130 3262 2196 filii,
3318 2128 3528 2187 vestris

1860 2233 2040 2307 justis
2072 2227 2576 2305 postulationibus
2592 2225 2913 2282 clementer
2937 2221 3265 2279 annuimus
3296 2223 3353 2275 et
3382 2234 3530 2289 prae-

1865 2322 2058 2380 tatum
2076 2317 2504 2378 monasterium
2523 2315 2597 2371 de
2625 2314 2923 2370 Burthona
2938 2312 2997 2367 in
3018 2326 3142 2383 quo
3162 2307 3370 2366 divino
3387 2306 3530 2365 estis

1865 2411 2160 2483 obsequio
2181 2405 2528 2479 mancipati,
2551 2405 2666 2460 sub
2698 2402 2856 2459 beati
2882 2400 3034 2457 Petri
3062 2403 3123 2455 et
3147 2403 3361 2456 nostra
3388 2411 3523 2470 pro·

1869 2500 2121 2558 tectione
2151 2495 2534 2569 suscipimus,
2555 2497 2616 2550 et
2658 2490 2968 2565 praesentis
2989 2488 3190 2561 scripti
3218 2485 3529 2560 privilegio

1868 2587 2337 2646 communimus.
2387 2582 2687 2656 imprimis
2739 2579 3041 2652 siquidem
3092 2579 3421 2634 statuentes
3467 2578 3532 2631 ut

1867 2677 2020 2736 ordo
2041 2675 2410 2735 monasticus
2431 2672 2537 2744 qui
2564 2669 2899 2727 secundum
2913 2666 3147 2725 Domini
3169 2672 3226 2722 et
3244 2665 3401 2723 beati
3427 2665 3529 2720 Be·

1870 2765 2090 2825 nedicti
2117 2763 2404 2835 Regulam
2432 2763 2494 2818 in
2523 2759 2739 2817 eodem
2760 2754 3122 2815 monasterio
3151 2754 3418 2811 noscitur
3439 2753 3528 2809 in·-

1870 2856 2134 2921 stitutus‚
2153 2853 2450 2925 perpetuis
2464 2849 2693 2906 ibidem
2707 2845 3081 2919 temporibus
3108 2841 3530 2900 inviolabiliter

1869 2944 2927 3013 observotur.t³roetereaquasounquo
2939 2933 3536 3009 possessione-,quo-

1871 3050 2112 3107 cunque
2132 3033 2295 3090 bona
2330 3030 2492 3087 idem
2520 3027 2954 3086 monasterium
2985 3022 3528 3098 impraesentiarum

182 3117 302 3188 Ego
336 3116 545 3175 Lucius
583 3116 900 3176 Catholicae
948 3118 1224 3178 Ecclesiae
1251 3120 1570 3193 episcopus
1618 3119 1764 3176 sub-
1799 3114 1839 3169 C
1866 3124 2031 3196 juste
2058 3127 2119 3180 et
2134 3120 2421 3179 canonice
2470 3118 2740 3192 possidet
2767 3120 2871 3173 aut
2895 3115 2954 3172 in
2987 3114 3256 3170 futurum
3277 3125 3529 3169 conces-

109 3221 345 3277 scripsi.

182 3296 304 3364 Ego
328 3295 748 3351 Theodoninus
762 3295 1084 3354 cardinalis
1103 3296 1442 3358 Portuensis
1459 3302 1516 3353 et
1533 3296 1766 3354 Sancta!

104 3383 337 3444 Rufinus
356 3383 703 3457 subscripsi.

182 3476 303 3545 Ego
334 3474 618 3534 lienricus
664 3472 989 3532 cardinalis
1030 3474 1351 3547 episcopus
1379 3473 1762 3541 albanensis,

109 3562 464 3635 subscripsi.

182 3654 304 3723 Ego
332 3650 712 3709 Theobaldus
761 3651 1080 3724 episcopus
1115 3652 1437 3710 cardinalis
1478 3652 1764 3712 Ostiensis

104 3745 164 3799 et
184 3741 530 3798 velliternus
571 3740 926 3813 subscripsi.

182 3832 303 3902 Ego
328 3833 589 3888 loannes
613 3831 930 3904 presbyter
945 3830 1266 3896 cardinalis
1293 3833 1381 3890 tit.
1404 3834 1601 3891 Sancti
1622 3834 1764 3891 ilar-

105 3918 162 3976 ci
207 3918 557 3992 subscripsi.

182 4010 301 4080 Ego
361 4008 666 4068 Laborans
743 4008 1057 4082 presbyter
1100 4009 1421 4067 cardinalis
1469 4012 1527 4068 S.
1565 4012 1762 4069 Μαι-ἰῶ

102 4097 530 4156 'transtiberim
554 4098 636 4154 tit.
667 4096 874 4155 Calixti
913 4098 1263 4172 subscripsi.

180 4188 302 4258 Ego
327 4185 719 4259 Pandulphus
753 4186 1018 4260 presbyt.
1046 4186 1213 4245 card.
1234 4187 1500 4246 basiliam
1533 4188 1762 4246 Duode-

106 4276 225 4340 cim
255 4274 673 4347 Apostolorum
701 4275 1050 4347 subscripsi.

182 4366 303 4433 Ego
324 4363 571 4420 Albinus
604 4364 801 4436 presb.
829 4364 993 4423 card.
1016 4365 1098 4422 tit.
1133 4366 1189 4424 8.
1213 4365 1414 4424 Crucis
1443 4366 1505 4422 in
1522 4367 1761 4426 Jerusa-

106 4452 224 4512 lem
255 4451 604 4523 subscripsi.

181 4542 301 4611 Ego
332 4539 530 4597 Melior
555 4541 754 4613 presb.
784 4542 949 4600 card.
984 4544 1082 4606 SS.
1121 4544 1368 4602 Joannis
1395 4551 1453 4601 et
1474 4545 1641 4604 Pauli
1671 4546 1757 4605 tit.

113 4628 485 4685 pammachii
510 4630 855 4703 subscripsi.

180 4719 301 4790 Ego
331 4716 662 4774 Adelardus
681 4720 881 4792 presb.
918 4720 1239 4779 cardinalis
1261 4722 1409 4778 tituli
1429 4723 1485 4781 S.
1507 4723 1757 4782 Marcelli

107 4807 456 4880 subscripsi.

180 4896 304 4996 ligo
356 4895 591 4953 Ardicio
641 4896 801 4954 diac.
833 4897 999 4957 card.
1051 4901 1108 4958 S.
1156 4900 1445 4958 Theodori
1498 4900 1760 4960 subscri-

111 5000 307 5145 psit-go
336 5074 654 5150 Gratianus
673 5075 828 5135 diac.
854 5077 1018 5134 card.
1044 5078 1140 5135 SS.
1166 5080 1396 5136 Cosmae
1410 5086 1467 5137 et
1488 5079 1762 5138 Damiani

113 5161 462 5234 subscripsi.

187 5253 311 5321 Ego
340 5251 631 5310 Goiredus
656 5252 894 5316 diacon.
925 5255 1247 5314 cardinalis
1272 5257 1329 5315 S.
1361 5256 1557 5316 Mariis
1579 5259 1642 5316 in
1662 5258 1765 5316 Via

115 5342 260 5397 Lata
284 5339 630 5413 subscripsi.

189 5430 312 5498 Ego
340 5429 647 5488 Rolandus
691 5430 848 5491 diae.
905 5432 1070 5493 card.
1105 5435 1162 5493 S.
1192 5433 1393 5494 Maria
1436 5434 1497 5493 in
1529 5435 1768 5494 Portica

118 5517 470 5592 subscripsi.

1872 3213 2042 3270 sione
2067 3211 2441 3284 pontificum,
2465 3207 2780 3278 largitione
2802 3219 3013 3275 regum
3034 3203 3128 3260 vel
3155 3199 3523 3276 principum,

1872 3300 2177 3358 oblatione
2191 3297 2481 3366 fidelium,
2512 3312 2617 3352 seu
2633 3294 2766 3350 aliis
2786 3293 2961 3364 justis
2975 3292 3192 3356 modis,
3211 3292 3531 3363 praestante

1875 3389 2151 3453 Domino,
2171 3384 2384 3458 poterit
2395 3383 2669 3456 adipisci,
2681 3381 2859 3437 firma
2870 3380 3043 3437 vobis
3059 3379 3386 3450 vestrisque
3399 3391 3534 3434 suc·

1871 3475 2215 3536 cessoribus
2240 3480 2296 3531 et
2319 3471 2548 3529 illibata
2579 3475 2988 3544 permaneant.
3043 3469 3109 3524 In
3135 3467 3360 3541 quibus
3401 3466 3536 3524 haec

1873 3565 2131 3640 propriis
2158 3563 2442 3620 duximus
2466 3558 2859 3633 exprimenda
2886 3556 3195 3615 vocabulis
3228 3572 3244 3612 t

1942 3655 2167 3712 Locum
2196 3654 2400 3726 ipsum
2446 3650 2505 3706 in
2537 3648 2841 3723 quoidam
2866 3647 3303 3705 monasterium
3348 3642 3531 3701 situm

1871 3749 1961 3801 est
1983 3758 2125 3800 cum
2155 3741 2439 3800 omnibus
2462 3738 2835 3813 pertinentiis
2859 3736 2984 3792 suis
3014 3753 3030 3806 ;
3062 3734 3265 3791 villam
3286 3734 3362 3790 de
3391 3734 3534 3790 Bur·

1871 3833 2082 3889 thonia
2103 3847 2244 3889 cum
2274 3829 2539 3887 ecclesiis
2583 3832 2640 3884 et
2666 3826 2951 3883 omnibus
2976 3823 3351 3898 appendiciis
3380 3820 3527 3890 suis,

1869 3922 2073 3981 villam
2109 3921 2184 3979 de
2216 3924 2587 3983 Branteston,
2621 3916 2943 3982 sobenhal,
2977 3919 3194 3972 terram
3220 3913 3295 3970 de
3322 3915 3529 3971 'raten-

1867 4011 2030 4077 hille,
2059 4009 2460 4080 Herniglawe,
2476 4008 2733 4074 Straton,
2746 4005 3091 4070 withmere,
3114 4001 3527 4072 Ansedelega;

1868 4100 2074 4158 villam
2104 4100 2178 4156 de
2194 4096 2553 4163 Wineshult,
2581 4095 2888 4161 Bersicote,
2916 4091 3304 4159 Lichenhale;
3326 4090 3528 4148 villam

1868 4189 1944 4246 de
1971 4187 2376 4262 stapenhulle,
2407 4186 2705 4260 Appelby,
2757 4183 3112 4248 Aduliestre,
3163 4179 3527 4247 Caldewell:

1868 4284 2087 4336 terram
2122 4279 2196 4334 de
2233 4276 2691 4333 wulfricheston
2719 4291 2736 4342 ;
2789 4273 2992 4330 villam
3028 4272 3106 4330 de
3135 4271 3528 4328 Derlaheston

1866 4385 2003 4425 cum
2022 4366 2306 4425 omnibus
2318 4364 2685 4438 pertinentiis
2704 4363 2858 4432 suis;
2883 4362 3088 4420 villam
3119 4360 3197 4419 de
3219 4359 3530 4434 Bromlega

1788 4475 1837 4531 ι)
1865 4473 2006 4516 cum
2035 4456 2284 4514 ecclesia
2295 4455 2644 4513 etomnibus
2661 4452 3030 4528 pertinentiis
3051 4452 3177 4508 suis
3188 4450 3426 4518 ,willam
3450 4448 3528 4507 de

1868 4546 2046 4608 Felda
2075 4553 2130 4602 et
2160 4545 2360 4602 villam
2379 4544 2455 4600 de
2485 4544 2643 4614 Lega
2684 4559 2824 4599 cum
2868 4540 3121 4600 ecclesia
3145 4546 3204 4596 et
3238 4538 3526 4597 omnibus

1862 4634 2232 4709 pertinentiis
2262 4634 2405 4700 suis,
2461 4649 2534 4690 ex
2561 4631 2726 4689 dono
2771 4630 3034 4688 wulfrici
3083 4628 3271 4700 Spotti
3317 4631 3528 4688 vestro

1866 4724 2131 4782 ecclesiis
2158 4722 2512 4780 fundatoris.
2563 4722 2642 4778 Ex
2667 4719 2994 4777 donatione
3018 4718 3196 4775 bonai
3221 4716 3528 4774 memorio

1868 4814 2172 4874 willielmi
2185 4812 2341 4884 regis
2355 4811 2605 4883 Anglioe,
2619 4809 2826 4867 villam
2837 4808 2913 4866 de
2925 4807 3087 4865 offra
3105 4822 3245 4863 cum
3279 4806 3528 4864 ecelesia

1867 4909 1926 4962 et
1952 4902 2241 4960 omnibus
2262 4900 2625 4974 pertinentiis
2650 4897 2778 4955 suis
2796 4915 2811 4965 ;
2828 4897 3031 4954 villam
3055 4896 3132 4952 de
3163 4895 3356 4954 Parva
3366 4894 3528 4952 offra

1869 5009 2009 5049 cum
2021 4990 2250 5064 capella
2269 5006 2283 5056 ;
2300 4990 2654 5047 Findernam
2664 5004 2804 5044 cum
2816 4987 3114 5059 cappella;
3134 4985 3372 5044 Pothlac
3385 4999 3526 5042 cum

1869 5080 2117 5156 capella,
2147 5079 2350 5137 villam
2380 5079 2455 5134 de
2482 5078 2823 5135 wilentona
2852 5091 2991 5134 cum
3020 5076 3273 5134 ecclesia
3300 5091 3317 5142 ;
3342 5073 3526 5134 eccle·

1872 5172 2024 5228 siam
2050 5171 2279 5227 Sanctae
2295 5168 2488 5225 Mariae
2507 5166 2583 5224 de
2594 5166 2868 5239 Derbeya
2887 5182 3028 5223 cum
3038 5165 3281 5223 duobus
3302 5162 3529 5222 molen-

1871 5259 2052 5327 dinis,
2065 5263 2125 5316 et
2150 5263 2366 5315 terram
2388 5257 2449 5313 in
2461 5256 2674 5314 eadem
2704 5256 2885 5323 villa;
2913 5260 3133 5312 terram
3143 5254 3220 5311 de
3239 5251 3524 5312 Hanofra.

1872 5347 2295 5408 Exdonatione
2305 5361 2547 5420 quoque
2572 5345 2839 5418 praedicti
2862 5343 3330 5417 nulrrioispotti,
3356 5341 3526 5401 Pium

1874 5452 2017 5495 cum
2035 5436 2280 5493 ecclesis
2295 5439 2355 5492 et
2372 5432 2658 5493 omnibus
2676 5431 3051 5506 appendiciis
3071 5433 3224 5499 suis;
3246 5430 3525 5494 Acerram

1876 5541 2019 5586 cum
2033 5523 2295 5600 capella3
2315 5520 3087 5597 ‚cathesturnsetoapsusm
3111 5521 3188 5581 de
3207 5521 3524 5584 staram

3701 5807 3784 5965 kl
