3784 6000
141 216 267 281 380

778 345 1012 404 CAPUT
1056 349 1185 404 ΧΠ.

1063 213 1263 277 ΗΙΒΤ.
1313 213 1590 278 RERUM
1631 210 2165 279 TRANSMARIN.
2212 248 2293 265 --
2331 217 2485 282 LIB.
2529 220 2659 285 Vll.

1837 350 1892 418 Α
1921 350 2306 410 Transeuntes
2335 354 2494 413 enim
2516 371 2618 428 per
2637 356 2978 432 Coesaream,
3002 362 3246 424 Hamam
3275 371 3333 426 et
3377 371 3557 432 Emis-
3629 370 3637 377 ’

143 455 340 512 Coma
408 455 470 511 in
541 457 721 510 ‘mas
771 452 1010 509 hostium
1063 453 1366 527 infimus,
1395 455 1606 527 padus
1673 455 1803 511 ind,
1906 455 2052 509 sam,
2102 458 2229 513 quoe
2295 444 2519 516 vulgari
2574 447 2961 519 appellatione
3026 453 3261 513 Camala
3318 458 3555 529 dicitur,

211 526 413 588 ducit:
441 526 703 598 poputum
746 525 1135 594 vociferantem
1186 543 1293 583 non
1341 531 1648 599 perferens,
1692 529 1800 583 iter
1906 530 2321 602 aprincipibus
2342 535 3300 602 earumetducatummerebantur
3318 546 3553 619 babere,

209 599 440 728 acrrzpit.
467 599 791 667 Janqantur
808 599 862 654 si
887 597 1336 655 alomannorum
1363 615 1539 656 comes
1565 605 1619 656 et
1653 598 1796 654 Tan-

341 686 428 725 us.

205 795 316 853 His
347 793 624 851 omnibns
643 792 734 849 vir
762 793 1013 866 inclytus
1033 797 1091 849 et
1118 792 1366 867 insignis
1394 795 1670 853 dominus
1699 812 1794 853 co·

138 901 265 942 mes
294 886 648 950 Tolosanus,
680 888 876 941 mente
905 884 1172 941 anxiatus
1202 888 1260 941 et
1290 885 1524 958 spiritu,
1553 885 1700 942 infra
1732 903 1794 943 se

133 974 337 1047 ipsum
368 975 698 1032 fluctuabat
745 973 1001 1041 dubius;
1034 990 1169 1030 nam
1214 982 1266 1030 et
1299 973 1654 1044 periclinatis
1684 991 1792 1047 po-

132 1063 264 1136 puli
287 1078 424 1120 eum
447 1062 734 1135 affligebat
761 1062 1121 1132 molestia,et
1146 1062 1423 1133 fatigabat
1441 1064 1787 1133 necessitas;

133 1158 193 1209 et
221 1152 453 1212 itineris
485 1152 861 1222 desiderium,
893 1169 1009 1224 quo
1041 1156 1162 1208 tam
1196 1153 1447 1225 maJores
1477 1170 1657 1227 quam
1690 1155 1791 1211 mi-

133 1260 312 1303 nores
339 1244 608 1303 succensi
637 1247 824 1313 erant,
847 1243 930 1300 ita
961 1251 1024 1300 ut
1044 1244 1220 1301 etiam
1253 1259 1387 1301 eum
1431 1244 1788 1302 clamoribus

130 1334 396 1393 assiduis
424 1340 483 1392 et
512 1334 799 1407 frequenti
829 1332 1249 1390 contestatione
1288 1333 1346 1390 id
1395 1333 1787 1406 importunius

131 1422 457 1497 exigerent,
487 1424 746 1498 requiem
771 1423 1005 1496 penitus
1032 1423 1416 1495 denegabant.
1441 1423 1652 1481 Volens
1683 1424 1787 1496 igi-

130 1517 233 1570 tur
282 1513 516 1586 utrique
559 1513 762 1570 morbo
811 1527 1135 1584 congruum
1184 1515 1385 1584 aptare
1432 1512 1781 1580 remedium,

126 1606 332 1660 sertus
363 1607 561 1661 tamen
602 1600 762 1675 qnod
789 1601 888 1658 alii
909 1601 1203 1674 principes
1232 1617 1366 1659 eum
1394 1601 1452 1657 in
1488 1602 1592 1659 bac
1622 1606 1786 1674 parte

125 1692 298 1764 sequi
327 1691 568 1761 nollent,
591 1695 657 1748 ut
692 1690 906 1764 populo
944 1691 1285 1748 vociferanti
1315 1695 1372 1747 et
1401 1707 1520 1747 suae
1552 1692 1780 1748 satisfa-
1811 1717 1860 1782 Β

124 1784 289 1838 ceret
316 1780 707 1849 conscientiae,
741 1780 895 1836 diem
929 1780 999 1836 ad
1030 1779 1142 1836 iter
1188 1779 1642 1852 aggrediendum
1675 1797 1782 1853 po-

123 1869 268 1942 pulo
281 1869 535 1942 prefixit
554 1869 1143 1942 quintumdecimum,
1158 1873 1215 1925 et
1235 1886 1306 1925 ne
1320 1870 1512 1925 medio
1524 1874 1780 1941 tempore

128 1960 312 2029 fame,
333 1975 461 2033 quo
483 1958 663 2016 nimis
681 1958 1025 2030 invaluerat,
1051 1959 1308 2031 populus
1331 1958 1777 2030 periclitaretur,

121 2052 438 2121 assumpta
500 2052 663 2121 parte
730 2047 970 2119 militiae,
1015 2054 1071 2104 et
1116 2049 1186 2104 de
1246 2047 1432 2104 turbis
1493 2047 1777 2120 pedestri-

122 2137 238 2195 bus
288 2137 407 2205 his,
431 2137 535 2209 qui
577 2137 926 2194 videbantur
966 2135 1295 2207 validiores,
1341 2140 1503 2209 parte
1549 2136 1776 2210 reliqua

124 2227 283 2283 infra
311 2225 522 2283 urbem
570 2225 790 2292 relicta,
821 2225 881 2282 in
912 2228 1094 2283 terras
1142 2224 1401 2282 hostium
1451 2225 1773 2294 descendit,

125 2324 188 2372 nt
217 2316 351 2373 vitas
383 2315 712 2374 necessaria
740 2314 895 2388 plebi
943 2329 1295 2388 quocunque
1343 2313 1600 2387 periculo
1641 2331 1776 2387 pro-

124 2408 384 2464 curaret.
417 2405 725 2479 Ingressus
772 2405 949 2478 igitur
995 2421 1126 2461 cnm
1176 2404 1422 2461 maximo
1469 2405 1772 2461 comitatu.

125 2495 427 2569 regionem
457 2494 717 2552 bostium
746 2493 1272 2565 opulentissimam,
1302 2493 1555 2550 effractis
1583 2494 1773 2551 muni-

122 2582 295 2657 cipiis
338 2583 634 2657 pluribus,
684 2585 744 2640 et
789 2582 1084 2640 succensis
1129 2582 1484 2639 suburbanis
1531 2583 1769 2655 aliquot,

118 2687 328 2747 greges
346 2671 486 2730 inde
516 2671 713 2729 retulit
733 2676 788 2729 et
817 2675 1096 2739 armenta,
1118 2688 1429 2744 servosque
1450 2675 1507 2729 et
1530 2673 1771 2729 ancillas

121 2765 178 2819 st
205 2761 631 2820 alimentorum
678 2762 941 2835 ingentes
990 2762 1209 2834 copias,
1243 2761 1320 2817 ita
1366 2766 1431 2818 ut
1477 2777 1659 2833 usque
1697 2761 1768 2817 ad

118 2851 448 2908 satietatem
480 2850 732 2923 plenam,
759 2851 998 2921 Jejunus
1029 2857 1086 2905 et
1132 2849 1394 2906 esuriens
1443 2849 1772 2906 reficeretur

118 2939 374 3015 populus
396 2957 413 3012 ;
444 2943 503 2997 et
528 2939 702 2999 sociis
728 2940 829 3013 qui
859 2940 1014 3013 apud
1039 2939 1288 2996 Marram
1320 2939 1523 2996 urbem
1546 2946 1769 2996 tuentes

119 3038 543 3102 remanserant,
576 3031 868 3104 portiones
899 3047 1003 3103 pro
1034 3034 1188 3087 sorte
1225 3029 1371 3086 virili
1401 3029 1763 3102 deputarent.

116 3124 445 3194 Regressus
466 3119 644 3192 igitur
662 3120 837 3193 coepit
858 3135 1053 3177 comes
1079 3123 1345 3186 oestuare,
1369 3119 1508 3191 quid
1532 3118 1763 3187 faceret,

114 3208 337 3284 populo
368 3210 583 3267 iterum
626 3209 938 3281 clamante,
969 3210 1124 3282 quod
1173 3210 1243 3265 ad
1277 3209 1382 3264 iter
1429 3208 1770 3281 aggredien-

112 3300 257 3357 dum
299 3298 543 3372 praeflxa
584 3301 711 3372 jam
760 3299 1008 3355 instaret
1038 3299 1161 3355 dies
1211 3296 1519 3354 dilationes
1565 3314 1770 3354 omnes

111 3393 440 3463 respueret.
468 3388 688 3447 videns
714 3396 909 3447 autem
941 3389 1101 3461 quod
1132 3405 1372 3445 causam
1415 3388 1632 3444 foveret
1662 3404 1772 3461 po-

112 3478 285 3553 pulus
307 3478 639 3547 honestam,
661 3483 720 3536 et
743 3479 897 3552 quod
921 3495 1124 3536 eorum
1147 3495 1260 3535 non
1294 3481 1489 3549 posset
1509 3476 1767 3550 amplius

112 3569 410 3626 sustinere
438 3567 796 3635 instantiam,
829 3568 962 3625 licet
991 3568 1152 3625 solus
1199 3571 1369 3636 esset,
1402 3582 1507 3624 nec
1536 3581 1667 3623 eum
1699 3566 1767 3623 de

108 3659 482 3733 principibus
510 3659 722 3731 aliquis
743 3659 909 3732 sequi
941 3659 1314 3728 decrevisset,
1338 3673 1467 3713 cum
1499 3674 1607 3714 suo
1638 3662 1765 3714 tan·

107 3753 235 3807 tum
265 3749 865 3817 comitatu,succensa
897 3747 1040 3805 urbe
1071 3748 1206 3804 etin
1231 3746 1486 3804 favillam
1511 3748 1762 3816 redacta,

107 3841 214 3897 iter
237 3856 555 3915 aggressus
587 3844 695 3899 est.
728 3840 943 3898 videns
975 3845 1174 3897 autem
1223 3840 1359 3912 quia
1388 3857 1503 3897 non
1547 3838 1763 3895 multos

105 3929 352 3988 baberet
397 3931 649 4001 equites,
680 3930 1019 4003 episcopum
1068 3929 1294 4001 rogavit
1339 3927 1759 3994 Albariensem,

106 4022 173 4076 ut
213 4035 423 4079 secum
455 4018 924 4093 proficisceretur
955 4035 969 4074 ε
1004 4018 1101 4089 qui
1128 4017 1381 4087 benigue
1412 4031 1611 4089 preces
1658 4016 1760 4071 ad·

106 4108 349 4167 mittens
377 4108 629 4179 comitis,
662 4106 978 4181 quemdam
1013 4106 1266 4163 nobilem
1300 4106 1514 4171 virum,
1539 4103 1761 4163 Willel-

107 4214 268 4256 mum
313 4197 583 4256 videlieet
613 4198 682 4255 de
725 4196 1046 4264 Gumliaco,
1077 4212 1256 4269 super
1302 4212 1391 4252 res
1437 4211 1575 4251 suas
1624 4209 1758 4249 cum

105 4291 333 4360 septem
357 4287 657 4362 equitibus
682 4291 740 4345 et
755 4285 1050 4360 peditibus
1080 4286 1320 4358 triginta
1342 4283 1624 4357 praeficit3
1659 4281 1759 4354 qui

1905 621 1961 672 et
1992 633 2185 674 rerum
2219 620 2505 677 venalium
2557 622 2742 681 forum
2787 629 3023 699 optimis
3071 632 3550 708 conditionibus;

1901 703 2147 779 insuper
2174 711 2228 764 et
2260 709 2412 766 dona
2441 709 2690 781 plurima
2718 713 2776 769 in
2808 731 2972 785 auro,
2994 725 3255 792 argento,
3277 726 3553 799 gregibus

1901 800 1955 850 et
1977 797 2277 868 armentis,
2299 801 2356 854 et
2384 800 2732 858 victualibus
2764 806 3138 880 omnimodis,
3163 827 3197 867 a
3229 814 3553 888 municipa-

1900 882 2053 941 libus
2081 891 2137 943 et
2166 889 2497 961 oppidanis,
2522 909 2623 963 per
2653 910 2897 964 quorum
2928 898 3074 955 fines
3107 903 3456 972 transibant,
3484 910 3551 963 ut

1898 989 2099 1030 eorum
2138 984 2438 1048 parcerent
2468 981 2709 1052 regioni.
2744 985 2955 1057 Sicque
2987 1005 3088 1060 per
3130 990 3253 1047 dies
3283 993 3548 1067 singulos

1897 1076 2096 1119 eorum
2119 1066 2437 1136 augebatur
2457 1071 2764 1139 exercitus,
2787 1081 2841 1129 et
2873 1074 2928 1130 in
2955 1077 3250 1135 meliorem
3282 1083 3548 1152 proficie-

1898 1150 1991 1207 bat
2013 1156 2253 1224 statum,
2270 1157 2443 1214 rebus
2466 1159 2537 1215 ad
2556 1176 2790 1219 omnem
2810 1165 3216 1224 sufficientiam
3235 1171 3544 1227 abundans

1895 1243 2261 1300 necessariis.
2316 1245 2612 1318 Equorum
2663 1250 2862 1320 etiam,
2913 1269 3165 1325 quorum
3223 1258 3542 1316 maximam

1897 1332 2053 1400 passi
2086 1331 2317 1391 fueraut
2347 1335 2755 1407 indigentiam,
2781 1344 2898 1397 tam
2929 1344 3112 1415 gratis
3149 1362 3323 1417 quam
3357 1349 3542 1419 pretio

1892 1418 2190 1492 ingentem
2224 1421 2336 1480 sibi
2368 1433 2852 1499 comparaveruut
2884 1431 3337 1504 multitudinem,
3370 1434 3452 1492 ita
3481 1441 3544 1494 ut

1892 1511 2205 1580 antequam
2257 1528 2392 1569 cum
2444 1512 2684 1588 reliquis
2730 1520 3103 1578 convenirent
3155 1523 3539 1598 principibus,

1892 1594 2052 1654 mille
2072 1602 2130 1654 et
2160 1600 2495 1672 ampliores,
2518 1606 2767 1678 exceptis
2798 1609 3112 1681 prioribus,
3135 1612 3196 1668 in
3229 1629 3338 1668 suo
3369 1612 3540 1671 habe·

1890 1690 2020 1741 rent
2048 1689 2323 1746 exercitu.
2359 1693 2616 1750 Tandem
2657 1711 2790 1752 cum
2822 1714 2924 1770 per
2954 1699 3076 1756 dies
3124 1701 3544 1772 processissent

1890 1774 2135 1846 aliquot,
2168 1777 2278 1832 iter
2308 1787 2547 1852 agentes
2578 1783 3092 1857 mediterraneum,
3125 1790 3196 1846 de
3243 1793 3538 1850 communi

1890 1864 2192 1922 decretum
2227 1872 2316 1924 est
2344 1871 2609 1938 consilio,
2644 1881 2704 1929 ut
2742 1874 2816 1930 ad
2846 1892 3006 1933 oram
3038 1879 3292 1936 redirent
3322 1883 3543 1938 mariti·

1889 1968 2066 2020 mam,
2102 1959 2164 2012 ut
2192 1958 2259 2012 de
2309 1961 2460 2015 statu
2509 1961 2861 2034 reliquorum
2907 1966 3257 2038 principum,
3288 1985 3437 2040 quos
3477 1970 3536 2026 in

1888 2042 2108 2099 finibus
2138 2045 2515 2105 Antiochenis
2547 2059 2676 2122 post
2705 2069 2767 2108 se
2797 2053 3162 2124 dimiserant,
3188 2057 3415 2116 facilius
3445 2060 3539 2115 in-

1886 2135 2258 2191 struerentur
2280 2153 2295 2204 ;
2329 2140 2387 2192 et
2409 2155 2442 2194 a
2465 2139 2713 2197 navibus
2736 2158 2863 2214 quoe
2885 2143 2957 2200 ab
2979 2144 3294 2202 Antiochia
3312 2151 3370 2203 et
3399 2147 3538 2205 Lao-

1887 2220 2051 2278 dicea
2081 2238 2183 2295 per
2210 2239 2368 2282 mare
2397 2227 2810 2296 ascendebant,
2846 2246 3037 2289 rerum
3070 2235 3531 2293 necessariarum

1885 2318 2338 2383 assequerentur
2367 2317 2805 2375 commercium.

2499 2441 2732 2500 CAPUT
2770 2445 2918 2502 xm.

1882 2544 2217 2602 Praedonum
2244 2548 2494 2604 incursus
2521 2553 2582 2604 in
2610 2552 2832 2617 itinere,
2862 2553 3073 2609 comitis
3106 2557 3342 2612 sustinet
3370 2574 3535 2616 exer-

1951 2619 2095 2671 citus
2133 2635 2151 2672 .·
2192 2622 2385 2674 contra
2429 2636 2561 2690 quos
2608 2638 2782 2679 comes
2826 2624 3122 2695 prudenter
3170 2627 3363 2685 irruit.
3418 2633 3533 2687 Ca·

1952 2692 2128 2744 strum
2176 2704 2488 2772 repuqnaris
2533 2693 2868 2765 effrinqitur.
2922 2698 3059 2752 Ante
3101 2699 3293 2755 Archia
3351 2705 3533 2758 castra

1953 2760 2227 2886 aotfzptur,
2258 2765 2313 2816 et
2359 2761 2730 2832 finitimorum
2758 2769 2949 2823 nuntii
2975 2767 3048 2824 ad
3068 2771 3346 2843 principes
3374 2788 3526 2830 acce·

1951 2937 2203 2994 Fuerant
2243 2955 2382 2996 sane
2430 2944 2547 2999 toto
2593 2941 2696 3000 illo
2744 2943 2969 3016 itinere,
3001 2961 3072 3004 ex
3111 2965 3227 3022 quo
3267 2966 3300 3008 a
3345 2950 3531 3010 Merra

1879 3027 2291 3099 discesserant,
2324 3030 2407 3086 eis
2456 3037 2666 3090 cuncta
2712 3034 2853 3091 satis
2884 3051 3178 3110 prospera,
3212 3040 3325 3096 nisi
3373 3042 3528 3113 quod

1877 3117 2093 3189 saepius
2120 3116 2268 3174 circa
2289 3120 2672 3192 expeditionis
2703 3123 3042 3210 novissima,
3066 3128 3368 3200 praedones
3397 3131 3525 3202 qui-

1878 3207 2013 3263 dam
2043 3207 2265 3265 occulte
2295 3220 2709 3269 consueverant
2737 3213 2993 3286 irruere;
3024 3225 3078 3273 et
3107 3218 3178 3276 de
3199 3217 3437 3277 senibus
3467 3223 3525 3278 et

1874 3296 2336 3369 valetudinariis,
2371 3300 2466 3372 qui
2514 3302 2828 3360 exercitum
2879 3322 2991 3363 nou
3026 3311 3295 3379 poterant
3340 3310 3522 3383 aequis

1876 3388 2156 3462 subsequi
2190 3392 2485 3462 passibus,
2510 3395 2823 3453 nonnullos
2854 3396 3266 3458 interimebant
3294 3405 3393 3459 aut
3422 3418 3524 3459 oa-

1874 3476 2195 3548 ptivabant,
2217 3495 2463 3553 quorum
2486 3484 2791 3543 fraudibus
2807 3502 3005 3544 comes
3035 3494 3233 3559 argute
3256 3490 3522 3561 obvians,

1875 3568 2273 3638 praeeuntibus
2302 3573 2618 3630 exercitum
2651 3576 2889 3632 domiuo
2929 3578 3251 3645 Taucred0‚
3282 3578 3522 3638 domino

1873 3657 2653 3729 quoqueNortbmanuorum
2678 3662 2825 3719 duce
2839 3664 3110 3732 Roberto,
3131 3681 3244 3721 una
3268 3682 3400 3723 cum
3422 3668 3517 3724 At·

1873 3744 2427 3821 bariensiepiscopo,
2444 3750 2456 3803 i
2466 3767 2569 3822 pse
2581 3767 2716 3809 cum
2731 3752 2945 3825 quibus
2963 3753 3099 3811 viris
3112 3754 3448 3827 insignibus
3461 3759 3519 3813 et

1871 3835 2121 3907 egregiis
2139 3841 2271 3907 post
2289 3838 2605 3896 exercitum
2629 3843 2912 3898 remansit
2931 3842 2990 3897 in
3016 3843 3266 3912 insidiis,
3290 3847 3353 3899 ut
3372 3860 3519 3916 prie-

1870 3922 2041 3978 dictis
2066 3924 2556 3995 malefactoribus,
2583 3929 2682 4000 qui
2708 3930 3167 4000 proficiscentem
3199 3931 3514 3988 exercitum

1869 4028 2018 4083 poue
2065 4016 2474 4085 sequebantur,
2508 4024 2568 4072 ut
2616 4018 2883 4076 incautos
2925 4021 3340 4094 opprimerent,
3366 4024 3517 4079 tem·

1869 4117 2007 4173 pore
2035 4108 2364 4162 occurreret
2392 4111 2737 4178 opportuno.
2762 4109 3123 4182 Factumque
3153 4113 3329 4167 estut
3357 4126 3518 4169 more

1868 4190 2039 4248 solita
2064 4192 2423 4251 irruentibus
2455 4195 2759 4263 maleficis,
2793 4214 2987 4256 comes
3015 4216 3047 4255 e
3075 4198 3313 4256 latebris
3351 4214 3516 4273 egre·

1868 4280 2058 4350 diens,
2080 4282 2165 4339 eis
2195 4298 2257 4341 se
2288 4286 2450 4342 daret
2478 4286 2706 4344 obviam
2734 4303 2749 4355 ;
2781 4291 2833 4345 et
2865 4292 3101 4361 repente
3131 4288 3363 4346 irruens
3385 4305 3517 4361 pro·

104 4377 260 4436 bona
293 4379 411 4436 flde
437 4383 495 4437 et
524 4379 694 4452 plena
742 4376 1044 4434 devotione
1093 4393 1186 4433 res
1235 4392 1368 4432 suas
1411 4389 1759 4431 conservans
1865 4373 2151 4430 sterneret
2181 4374 2509 4445 universos,
2541 4393 2721 4450 equos
2769 4395 2972 4437 eorum
3021 4387 3075 4436 et
3120 4380 3328 4452 spolia,
3357 4380 3518 4438 etde

102 4469 575 4538 commendatas,
594 4468 748 4524 infra
770 4484 984 4541 paucos
1008 4466 1154 4535 dies,
1177 4481 1282 4537 pro
1313 4469 1535 4537 septem
1552 4465 1757 4537 equiti·
1791 4438 1835 4502 D
1866 4460 2108 4532 captivis
2140 4463 2381 4536 aliquot,
2407 4480 2539 4522 cum
2570 4466 2757 4523 multa
2777 4468 2977 4524 loetitia
3006 4467 3066 4523 in
3089 4468 3513 4541 expeditionem

101 4555 215 4613 bus
239 4556 454 4615 babuit
501 4557 908 4632 quadraginta,
940 4560 997 4612 et
1026 4572 1129 4629 pro
1168 4554 1410 4627 triginta
1457 4554 1755 4626 peditibus

101 4647 405 4721 octoginta
429 4646 519 4705 vel
549 4646 805 4719 amplius
838 4646 1072 4717 recepit,
1108 4661 1199 4702 res
1227 4643 1447 4701 domini
1480 4642 1758 4716 multipli-

100 4751 237 4793 cans
257 4740 321 4794 in
351 4737 732 4793 immensum.
759 4735 943 4808 Igitur
972 4737 1190 4791 statuta
1212 4732 1304 4789 die
1336 4733 1444 4789 iter
1468 4732 1752 4805 arripiens

95 4829 392 4905 profectus
439 4832 555 4897 est,
587 4825 879 4882 neminem
928 4824 1177 4881 aliorum
1228 4823 1521 4895 operiens.
1572 4823 1753 4879 Erant

98 4924 299 4978 autem
328 4916 389 4972 in
410 4915 539 4986 eius
568 4914 849 4972 comitatu
873 4913 1043 4985 quasi
1067 4913 1263 4969 decem
1284 4912 1539 4968 virorum
1564 4911 1749 4983 milla,

95 5028 164 5068 ex
191 5008 414 5083 quibus
441 5005 536 5061 vix
559 5004 802 5062 trecenti
832 5003 1262 5077 quinquaginta
1309 5006 1475 5058 erant
1504 5001 1748 5073 equites.

95 5100 198 5157 Cui
218 5097 630 5170 proficiscenti,
645 5096 1179 5153 Nortbmannorum
1196 5113 1395 5154 comes
1407 5103 1462 5153 et
1477 5092 1749 5151 dominus

94 5189 462 5251 Tancredus.
494 5193 741 5258 uterque
769 5201 905 5243 cum
937 5185 1325 5258 quadraginta
1363 5182 1656 5256 equitibus
1693 5184 1751 5237 et

97 5295 417 5337 numerosa
463 5278 723 5349 peditum
778 5293 957 5333 manu
1005 5292 1064 5332 se
1121 5275 1604 5349 aggregaverunt,
1654 5286 1748 5327 co·

98 5370 282 5428 mites
328 5368 389 5426 in
435 5368 643 5425 itinere
689 5381 750 5423 se
798 5369 1138 5437 praestantes
1184 5364 1468 5421 indivsos.
1505 5357 1750 5419 Profecti

92 5465 318 5527 autem,
342 5462 563 5515 tantam
593 5457 654 5512 in
682 5454 885 5512 itinere
911 5471 1104 5512 rerum
1133 5454 1480 5511 invenerunt
1508 5450 1751 5525 opulen-

90 5553 265 5625 tiam,
297 5560 363 5607 ut
391 5546 607 5621 populo
637 5543 787 5605 nihil
824 5544 1080 5618 amplius
1125 5549 1278 5601 esset
1325 5540 1745 5601 necessarium.

1865 4550 2140 4609 referens.
2173 4552 2260 4609 Ab
2291 4570 2357 4611 ea
2388 4555 2483 4610 die
2514 4558 2638 4613 tute
2667 4563 2725 4613 et
2756 4557 2881 4613 sine
2914 4555 3257 4614 difficultate
3287 4556 3515 4613 incede·

1861 4639 1964 4696 bat
1986 4641 2445 4714 populus,rebus
2467 4645 2812 4702 necessariis
2834 4645 3143 4703 affluenter
3162 4646 3469 4703 abundans
3492 4661 3508 4713 3

1862 4745 1969 4786 nec
2001 4730 2111 4787 fuit
2140 4730 2199 4788 in
2228 4734 2386 4790 omni
2422 4733 2657 4806 regione
2688 4751 2865 4807 quam
2896 4735 3300 4807 praeterierunt
3331 4733 3510 4806 pron-

1861 4817 2168 4889 ciscentes,
2201 4839 2235 4877 s.
2264 4822 2517 4879 dexteris
2549 4823 2634 4880 vel
2666 4841 2699 4880 a
2728 4823 2986 4881 sinistris
3016 4821 3215 4880 civitas
3245 4821 3384 4890 ulla,
3418 4823 3509 4882 vel

1863 4909 2274 4983 municipium,
2307 4912 2477 4982 quus
2506 4915 2659 4970 cives
2690 4912 2967 4971 exercitui
2998 4916 3055 4969 et
3086 4913 3210 4984 ejus
3258 4910 3507 4970 ducibus

1865 5013 1981 5055 non
2013 4999 2325 5065 dirigerent
2358 5018 2634 5070 muuera;
2678 5003 2866 5059 foedus
2898 5019 3013 5058 non
3064 5002 3447 5075 impetrarent
3475 5018 3509 5059 a

1860 5088 2266 5146 tanseuntibus
2295 5095 2352 5147 et
2370 5090 2684 5148 amicitiam
2711 5108 2723 5147 :
2759 5095 2996 5166 excepto
3030 5108 3168 5161 uno,
3199 5092 3371 5163 cujus
3400 5091 3506 5148 ba·

1858 5177 2139 5235 bitatores
2170 5177 2241 5235 de
2271 5196 2378 5236 sua
2426 5178 2800 5237 multitudine
2830 5183 2887 5237 et
2926 5178 3040 5238 loci
3088 5167 3508 5253 praesumentes'

1860 5268 2208 5340 munimine,
2243 5286 2346 5326 nec
2375 5269 2564 5325 forum
2597 5269 2682 5326 eis
2726 5270 3066 5327 obtulerunt
3094 5285 3286 5326 rerum
3327 5284 3505 5325 vena-

1859 5357 2027 5429 lium,
2052 5375 2156 5416 nec
2188 5359 2488 5430 impetrato
2521 5359 2754 5429 tendere,
2778 5357 3028 5417 ducibus
3060 5358 3349 5416 miserunt
3378 5372 3507 5416 exe—

1857 5446 1991 5517 nia;
2024 5448 2125 5505 sed
2148 5448 2375 5520 junctis
2407 5447 2749 5522 agminibus
2778 5452 3111 5506 nostrorum
3151 5447 3505 5522 expeditioni

1857 5537 2048 5595 conati
2069 5542 2208 5595 suut
2226 5536 2715 5612 impedimentum
2738 5543 3033 5613 praestare.
3056 5539 3221 5607 Quod
3243 5538 3507 5600 videntes
