3784 6000
207 205 329 270 301

1145 218 1345 280 utst'.
1396 221 1661 284 RERUM
1708 223 2241 287 TRANSMARIN.
2288 256 2367 269 --
2411 225 2550 287 LlB.
2597 224 2699 286 lv.

3502 232 3619 292 302

210 338 425 413 posita.
460 357 608 414 pene
635 345 932 402 continuis
948 348 1355 406 exactionibus
1371 353 1870 419 compellebantur
1903 360 1947 425 Α
1982 365 2203 415 ciorum
2228 366 2422 414 tenore
2438 372 2569 427 qua-
2591 357 2750 428 prius
2772 360 3169 427 proposuerat,
3189 357 3438 417 resilere.
3470 359 3621 419 Cum

208 439 520 490 redimere.
555 436 709 492 infra
743 444 936 495 tamen
972 442 1172 498 urlwm
1209 460 1378 500 nemo
1411 447 1518 500 nisi
1553 447 1737 504 tidelis
1769 449 1862 506 ha·

210 521 400 578 hitnre
436 528 849 597 pra-sumebat.
912 528 1039 585 Haec
1091 533 1244 587 enim
1296 540 1420 590 sola
1470 537 1619 592 iuter
1656 556 1860 594 omnes

206 612 376 669 illius
408 618 665 685 regionis
697 620 889 687 urbes,
923 622 980 676 in
1031 639 1138 678 sua
1198 641 1438 681 manens
1504 628 1857 693 ingenuitate

204 702 438 759 illibata
458 706 532 760 ab
556 706 1019 781 infidelihue,qui
1045 711 1480 783 circumpositas
1498 717 1852 788 jampridem

201 806 625 864 occupaverant
662 801 1009 867 provincias,
1042 817 1146 855 nec
1175 805 1480 873 subjuoesta
1511 807 1717 868 iuerat.
1751 823 1856 866 nec

200 881 455 940 alterius
475 886 854 957 professionis
874 890 1201 960 quempiam
1228 893 1541 962 pertulerat
1565 896 1855 953 habitato-

201 987 371 1041 rem:
403 974 505 1030 sed
537 975 793 1033 exterius
824 976 884 1034 iu
915 979 1161 1035 urbibus
1192 981 1453 1040 finitimis
1481 991 1539 1039 et
1577 986 1856 1056 praesidiis

201 1063 544 1120 confinibus
578 1064 935 1134 habitantes,
967 1072 1151 1124 tantas
1181 1073 1469 1140 predictis
1499 1075 1723 1132 civibus
1762 1076 1851 1132 in-

195 1154 468 1211 serebant
510 1154 825 1228 molestias,
869 1165 935 1213 ut
988 1160 1180 1231 egredi
1231 1163 1427 1219 urbem
1486 1180 1601 1220 non
1633 1165 1850 1238 liceret,

191 1259 303 1299 nec
335 1261 449 1300 sua
477 1245 733 1302 exterius
781 1263 1087 1317 procurare
1159 1252 1409 1319 negotia.
1471 1253 1614 1310 Huic
1653 1261 1846 1313 sutem

191 1332 329 1388 urbi
359 1338 606 1406 pra-erat
635 1337 873 1406 quidam
899 1345 1135 1394 natione
1165 1340 1416 1410 Graecus,
1440 1344 1623 1399 multo
1654 1346 1851 1402 conie-

189 1428 329 1479 ctus
361 1424 546 1492 senio,
582 1425 885 1497 utriusque
942 1442 1118 1484 sexus
1158 1429 1357 1486 liberis
1387 1448 1611 1496 carens.
1643 1436 1742 1505 qui
1775 1436 1846 1493 ab

186 1528 259 1568 eo
291 1519 582 1584 tempore,
617 1530 731 1586 quo
755 1515 1024 1572 universa
1046 1519 1340 1589 provincia
1361 1520 1847 1596 Constantinopo-

185 1601 377 1659 litano
398 1604 665 1674 subiecta
688 1616 804 1659 erat
829 1603 1094 1678 imperio,
1128 1608 1340 1666 missus
1366 1613 1433 1666 ad
1459 1613 1722 1669 eamdem
1750 1630 1848 1670 ur-

1976 467 2045 504 en
2077 466 2127 503 m
2161 456 2228 502 au
2260 452 2361 502 boc
2394 464 2526 502 eum
2560 454 2877 507 evocasset.
2904 457 2964 500 ut
2997 451 3395 503 universorum
3438 451 3618 507 bono-

1977 557 2126 599 rum.
2157 540 2523 607 vectigalium
2559 550 2610 592 et
2647 539 3016 599 tribunorum,
3048 554 3174 607 quae
3205 539 3406 595 civitas
3440 541 3617 596 hahe-

1975 628 2247 695 baneam
2286 631 2338 682 in
2367 640 2483 683 vita
2515 646 2622 682 sua
2652 629 2993 682 decrevisset
3031 644 3097 682 ex
3139 646 3297 700 aeqno
3339 630 3457 685 iore
3492 647 3617 701 pnr-

1975 719 2230 786 ticipem,
2276 731 2330 772 et
2390 728 2511 787 post
2545 733 2670 786 ejus
2699 718 2921 772 obitum
2969 731 3178 772 cuncta
3219 719 3441 792 integro
3475 734 3604 790 pos·

1970 823 2301 876 sessurum,
2337 813 2562 862 mutato
2612 812 2930 878 proposito,
2964 813 3137 876 eoepit
3183 806 3425 863 offerre:
3460 808 3614 877 Quod

1965 899 2015 952 si
2042 897 2171 953 urbi
2187 910 2239 953 et
2259 897 2465 952 civibus
2494 899 2608 951 suis
2636 896 2794 950 vellet
2823 900 3020 950 contra
3072 895 3363 951 Tui-corum
3402 897 3611 969 impor-

1965 988 2229 1042 tunitates
2270 986 2561 1042 ministare
2603 984 2926 1049 subsidium,
2957 989 3012 1039 et
3037 1000 3225 1041 arcere
3257 983 3608 1055 violentiam.

1962 1079 2077 1146 ipse
2096 1078 2274 1148 juxta
2322 1078 2449 1133 boni
2481 1079 2591 1133 viri
2620 1077 2939 1142 arbitrium,
2987 1075 3266 1132 honestam
3313 1079 3606 1135 annuatim

1962 1166 2167 1223 laboris
2196 1169 2745 1238 recompensationem
2781 1166 3106 1234 demanaret.
3137 1165 3300 1229 Quod
3330 1165 3606 1224 domiuus

1960 1255 2283 1312 Balduinue
2313 1257 2549 1311 omnino
2573 1270 2874 1326 respuens,
2909 1265 2972 1308 ut
3004 1266 3278 1325 tanquam
3304 1267 3609 1325 gregarius

1959 1345 2175 1417 aliquis
2204 1346 2358 1415 apud
2391 1361 2525 1401 eum
2558 1344 2848 1415 stipendia
2871 1349 3141 1409 merei-et,
3163 1342 3233 1397 ad
3258 1342 3513 1399 reditum
3541 1355 3610 1399 se

1959 1436 2199 1506 parabat
2231 1449 2405 1502 ;cum
2441 1448 2574 1489 ecce
2614 1432 2784 1499 cives,
2826 1447 2892 1487 eo
2943 1431 3197 1503 cognito,
3228 1431 3299 1486 ad
3332 1432 3604 1487 eumdem

1956 1528 2156 1581 ducem
2192 1529 2522 1597 properant,
2564 1528 2874 1578 monentes
2902 1527 2960 1575 et
2990 1521 3279 1576 instantes
3308 1520 3602 1590 attentius,

1956 1619 2247 1687 quatenus
2268 1618 2496 1669 tantum
2524 1612 2841 1680 principem
2865 1614 3104 1681 tamque
3124 1624 3323 1665 eorum
3353 1608 3605 1667 libet-iuti

186 1690 347 1759 bem,
415 1707 635 1763 preses
688 1695 915 1762 iuerat3
955 1706 1004 1750 et
1056 1697 1251 1754 Turcis
1306 1703 1847 1772 supervenientibus
1879 1731 1926 1797 B
1960 1704 2368 1763 necessarium.
2412 1702 2749 1756 nullatenus
2779 1699 2942 1754 abire
2976 1698 3267 1768 patiatur3
3307 1698 3407 1754 sed
3433 1701 3605 1771 Juxta

188 1787 509 1852 autequam
546 1782 896 1852 praesidatus
944 1785 1034 1840 sui
1082 1793 1315 1859 tempus
1345 1799 1494 1847 esset
1523 1792 1840 1866 evolutum,

192 1871 265 1927 de
290 1873 644 1929 necessitate
667 1890 888 1930 moram
918 1875 1102 1932 l‘acere
1122 1880 1845 1950 compulsus,juris‹iictio·

187 1977 325 2018 nem
386 1963 833 2019 continuaverat.
875 1969 1049 2020 ‘suam
1079 1985 1092 2033 ;
1153 1984 1256 2023 nec
1313 1968 1441 2033 ipso
1491 1970 1565 2026 ad
1614 1973 1843 2042 propria

186 2050 383 2106 redire
413 2051 662 2113 valente.
692 2069 795 2109 uec
828 2057 1040 2125 populo
1072 2058 1145 2111 ab
1168 2059 1677 2117 administratione
1707 2079 1838 2118 cum

182 2138 399 2197 cedere
425 2140 832 2210 compellente.
867 2142 997 2199 Erat
1028 2152 1222 2201 tamen
1278 2150 1545 2218 praeletus
1596 2151 1839 2219 inutilis,

186 2245 220 2286 a
248 2228 510 2285 subditis
564 2247 677 2286 nou
729 2232 924 2288 valens
965 2236 1300 2305 propulsare
1360 2237 1679 2306 molestiae,
1737 2247 1841 2298 aut

182 2319 448 2392 quietem
473 2319 732 2392 aliquam
753 2339 1075 2394 procurare.
1092 2327 1664 2402 Convenientesergo
1685 2331 1840 2387 cives

178 2409 568 2475 adinvicem,
600 2427 731 2467 cum
793 2411 923 2483 ejus
953 2419 1144 2468 tamon
1191 2417 1544 2473 conscientia
1596 2430 1646 2474 et
1692 2421 1840 2477 bona

178 2499 514 2562 voluntate.
537 2501 774 2569 legatos,
794 2504 1263 2573 utpraeuiximue,
1289 2513 1350 2562 ut
1379 2510 1504 2562 suis
1519 2510 1832 2568 remedium

178 2589 425 2661 aliquod
450 2589 1471 2654 adhiberetmolestiis.addominum
1489 2598 1834 2657 Balduinum

180 2677 468 2749 dirigunt.
502 2677 610 2744 Qui
643 2678 912 2750 populiet
944 2682 1231 2752 maJorum
1257 2685 1548 2742 intellecta
1572 2688 1837 2758 postula-

180 2767 367 2836 tione,
402 2766 608 2822 habito
636 2783 770 2824 cum
822 2769 948 2825 suis
998 2773 1262 2837 consilio,
1319 2778 1642 2847 acquievit;
1675 2786 1733 2833 et
1760 2782 1831 2834 ad

179 2855 293 2913 iter
320 2871 393 2912 se
419 2854 758 2928 accingens.
788 2873 918 2914 cum
951 2860 1247 2932 octoginta
1277 2868 1504 2920 tantum
1542 2868 1833 2936 equitibus

181 2946 547 3022 Euphratem
583 2954 835 3019 transiit,
873 2954 1124 3024 reliquos
1170 2958 1241 3015 de
1288 2962 1561 3017 comitatu
1594 2979 1701 3017 suo
1733 2980 1835 3036 per

179 3054 341 3097 arces
370 3046 432 3096 et
467 3042 808 3111 municipia.
850 3059 978 3116 quae
1025 3048 1135 3100 sibi
1187 3051 1509 3105 contulerat
1537 3054 1832 3120 dominus,
1887 3100 1911 3121 ,

1959 1793 2203 1863 priorem
2241 1800 2497 1847 tenorem
2528 1797 2825 1860 pactorum
2849 1804 2975 1843 eum
3022 1787 3134 1843 sihi
3156 1787 3397 1860 obliget,
3432 1796 3496 1843 ut
3526 1785 3602 1844 de

1950 1889 2154 1937 caetero
2176 1890 2290 1935 tam
2316 1881 2440 1950 ipse
2463 1896 2641 1952 quam
2670 1880 2932 1933 universa
2956 1876 3162 1930 civitas
3182 1883 3375 1944 optata
3404 1875 3600 1948 quiete

1952 1973 2303 2042 perfruatur.
2339 1967 2550 2023 Videris
2580 1974 2773 2022 autem
2807 1968 2923 2021 dux
2956 1964 3290 2020 unanimem
3326 1965 3513 2035 plebis
3541 1968 3602 2021 et

1953 2076 2238 2128 majorum
2270 2060 2627 2119 instantiam.
2658 2064 2713 2112 et
2747 2058 3019 2111 fervorem
3053 2055 3381 2110 dilectionis
3418 2069 3596 2127 quam

1950 2166 2083 2219 erga
2115 2165 2248 2204 eum
2294 2154 2697 2219 conceperant,
2743 2146 2935 2211 reniti,
2984 2152 3043 2200 et
3097 2160 3299 2200 eorum
3363 2147 3599 2206 obviare

1951 2239 2444 2311 postulationibus
2479 2236 2862 2307 periculosum
2901 2236 3143 2300 ducens,
3176 2235 3394 2291 invitus
3440 2233 3593 2304 licet,

1948 2341 2002 2386 et
2035 2334 2375 2400 anspertum
2398 2328 2525 2400 ejus
2547 2330 2765 2383 habene
2795 2329 3123 2387 introitum,
3155 2331 3347 2381 tamen
3389 2339 3597 2382 esseu-

1949 2436 2082 2475 sum
2118 2418 2414 2490 pi·aestitii;
2480 2425 2539 2472 et
2587 2419 2697 2472 sub
2745 2416 2994 2486 quodam
3040 2413 3251 2482 colore,
3286 2415 3595 2470 cumulat·

1947 2506 2530 2576 recompensationis,
2562 2521 2628 2560 eo
2657 2504 2714 2559 in
2745 2503 2929 2558 (ilium
2965 2501 3258 2574 adoptato,
3284 2502 3591 2573 presenti-

1948 2598 2060 2654 bus
2089 2598 2330 2662 civibus,
2357 2595 2613 2668 quandiu
2647 2593 2882 2660 viveret,
2908 2593 3172 2648 omnium
3206 2591 3488 2647 bonorum
3517 2605 3591 2648 ex

1945 2704 2130 2759 oequo,
2157 2688 2489 2742 solemniter
2509 2685 2756 2740 contulit-
2779 2681 3146 2754 participium
3173 2696 3188 2749 ς
3221 2687 3278 2736 et
3302 2687 3432 2752 post
3456 2681 3589 2753 ejus

1944 2774 2192 2844 obitum,
2214 2789 2280 2829 ex
2308 2779 2530 2845 integro
2552 2770 3004 2827 successionem.
3021 2768 3271 2826 Gavisus
3283 2777 3374 2825 est
3393 2779 3591 2827 autem

1946 2865 2216 2934 populus,
2248 2863 2534 2918 libertatis
2564 2877 2684 2916 suae
2705 2858 3097 2914 omnimodam
3132 2860 3187 2913 in
3212 2874 3279 2914 eo
3296 2873 3457 2930 spem
3481 2857 3591 2913 ha·

1943 2954 2163 3011 beriles.
2197 2956 2279 3010 Ab
2306 2973 2372 3010 ea
2404 2953 2581 3025 igitur
2609 2952 2726 3019 die,
2749 2954 2817 3007 de
2848 2949 3069 3006 domiui
3103 2947 3370 3005 Batduioi
3399 2955 3591 3023 prote·

1944 3046 2135 3099 ctione
2166 3050 2607 3115 praesumentes,
2640 3039 2886 3110 injurias
2917 3056 3065 3111 quas
3095 3057 3126 3092 a
3153 3046 3301 3094 duce
3331 3038 3591 3111 perpessi

180 3128 327 3186 citra
362 3129 719 3202 Euphratem
752 3133 821 3186 ad
856 3135 1176 3191 custodiam
1201 3137 1633 3210 derelinquens.
1661 3142 1831 3199 Porro
1864 3102 1914 3163 b
1946 3135 2195 3203 suenni-2
2240 3132 2410 3188 ΒΟΙῙῑΟ
2469 3133 2708 3187 liberius
2766 3137 3121 3197 revocantes,
3173 3130 3244 3185 {ld
3301 3132 3591 3198 animum·

180 3216 353 3274 Turci
388 3220 494 3292 qui
529 3227 690 3275 trans
713 3220 1058 3292 Euphratem
1096 3224 1450 3296 habitabant,
1490 3232 1836 3302 praecognito
1945 3224 2305 3296 propositum
2341 3222 2634 3277 habebant
2681 3221 2869 3275 ultum
2931 3219 3000 3275 iri
3059 3220 3109 3275 si
3163 3222 3398 3292 quando
3432 3224 3591 3278 locus

182 3306 315 3378 ejus
344 3308 703 3373 adveutu,ei
725 3313 1335 3381 paraverantinsidnas
1369 3332 1382 3383 ;
1413 3325 1534 3373 erat
1555 3325 1746 3375 autem
1774 3320 1833 3376 in
1941 3314 2175 3369 daretur
2204 3322 2262 3367 et
2294 3321 2526 3383 tempus
2556 3315 2951 3383 opportunum
2980 3326 2994 3365 :
3027 3312 3179 3382 quod
3218 3311 3586 3379 postmodum

180 3395 391 3453 itinere
434 3396 745 3469 oppidum,
794 3401 888 3455 cui
967 3409 1166 3456 roeerat
1214 3406 1449 3475 quidam
1499 3410 1832 3477 Armenius,

177 3484 233 3542 in
263 3487 456 3557 quod.
480 3492 548 3543 ut
579 3494 882 3555 praetentas
905 3490 1012 3546 sibi
1039 3492 1332 3549 declinare
1354 3502 1549 3566 posset
1568 3497 1829 3567 insidias,

176 3591 234 3633 se
258 3576 544 3645 contulit,
575 3593 609 3631 a
641 3578 877 3634 domino
923 3579 1032 3636 loci
1066 3583 1312 3654 benigne
1368 3591 1423 3640 et
1468 3584 1832 3659 hospitaliter

176 3672 516 3736 susceptus.
539 3667 681 3722 Cum
705 3673 897 3725 autem
924 3670 1001 3723 ibi
1024 3686 1127 3744 per
1145 3674 1292 3729 duos
1340 3675 1655 3745 quievisset
1680 3679 1827 3748 dies,

175 3771 288 3812 uon
317 3770 514 3812 ausus
547 3758 879 3828 procedere,
927 3758 1098 3815 Turci
1149 3763 1246 3833 qui
1281 3781 1381 3831 per
1433 3764 1671 3821 biduum
1707 3768 1827 3823 illic

171 3843 473 3904 latuerant
493 3845 553 3901 in
576 3844 825 3918 insidiis,
853 3865 1074 3906 moram
1092 3851 1450 3911 fastidientes
1483 3855 1823 3929 longiorem,

170 3941 301 3991 suto
319 3935 671 4007 predictum
694 3938 974 4009 oppidum
1003 3943 1210 3997 erectis
1240 3943 1488 4017 vexillis,
1534 3962 1667 4001 cum
1702 3950 1824 4001 tur-

173 4025 281 4081 mis
300 4023 693 4082 validioribus
724 4027 919 4084 subito
937 4029 1265 4102 astiterunt,
1287 4034 1538 4106 praedam
1565 4051 1740 4107 quam
1763 4035 1822 4092 in

172 4117 410 4186 pascuis
440 4116 852 4187 adjacentibus
901 4131 1263 4191 repererunt,
1319 4123 1603 4181 violenter
1646 4127 1826 4181 abdu-

172 4214 387 4261 centes.
433 4204 630 4262 Nostri
675 4216 870 4264 autem
902 4210 1176 4280 quioniam
1210 4211 1466 4284 impares
1496 4219 1551 4269 et
1581 4229 1822 4272 numero

175 4300 338 4350 erant
366 4298 433 4350 et
470 4293 715 4361 viribus,
747 4296 821 4354 ad
869 4314 968 4354 eos
995 4299 1186 4371 egredi
1229 4318 1338 4357 non
1380 4311 1820 4374 praisumeotes,

1941 3404 2023 3458 rei
2053 3404 2423 3475 subsequens
2454 3401 2645 3457 exitus
2676 3398 3115 3457 evidentissime
3145 3398 3477 3457 declaravit.

2876 3505 2939 3560 V.

1935 3603 2155 3675 Royatu
2205 3602 2415 3657 civium
2470 3505 2812 3654 Samiffegifz
2848 3505 3096 3652 1obsidet.
3132 3595 3283 3652 Cives
3320 3596 3584 3655 adversus

2006 3682 2195 3728 ducem
2216 3690 2401 3730 suum.
2434 3672 2610 3726 virum
2644 3670 2923 3732 mutilent.
2953 3670 3291 3740 conspirant,
3331 3670 3579 3725 recolen-
3683 3711 3688 3718 .

2005 3753 2083 3801 tes
2113 3752 2345 3816 quantas
2375 3744 2454 3798 eis
2485 3740 2757 3797 intulerat
2787 3739 3049 3810 injurius.

2004 3853 2143 3907 Erat
2173 3860 2359 3907 autem
2377 3850 2539 3921 juxta
2567 3864 2666 3904 eos
2697 3845 3107 3918 antiquissima
3134 3844 3337 3902 civitas
3366 3848 3422 3902 et
3450 3860 3579 3903 mu·

1935 3941 2056 3997 nita
2078 3957 2245 4010 supra
2270 3946 2526 4009 modum,
2552 3938 2916 3993 Samosatam
2942 3934 3198 4003 nomine,
3217 3934 3310 3989 cui
3331 3939 3579 4006 praeerat

1934 4030 2023 4086 vir
2043 4029 2315 4099 infidelis,
2343 4028 2576 4083 natione
2595 4026 2845 4096 Tarona,
2871 4024 3086 4081 Balduc
3112 4023 3362 4089 nomine,
3395 4022 3456 4079 in
3485 4039 3577 4080 ar-

1933 4120 2043 4177 mis
2075 4130 2376 4189 strenuus,
2410 4119 2508 4174 scd
2558 4114 2842 4174 subdolus
2889 4119 2948 4171 et
2986 4128 3257 4186 nequam.
3302 4111 3406 4169 Hic
3434 4127 3576 4185 prte-

1935 4210 2125 4265 dictos
2157 4208 2310 4264 cives
2343 4207 2545 4263 multis
2576 4205 2866 4263 alilciebat
2921 4204 3227 4273 molestiis,
3268 4202 3490 4259 tributa
3517 4206 3578 4261 et

1944 4315 2213 4367 aurorum
2248 4296 2575 4370 vectigalia,
2606 4304 2664 4352 et
2694 4288 2963 4365 angarias
2993 4291 3344 4364 multiplices
3372 4290 3456 4350 eis
3485 4291 3576 4349 iu·

176 4380 326 4439 inira
352 4383 635 4454 oppidum
670 4402 732 4442 se
786 4387 1151 4445 cohibebant.
1203 4390 1463 4447 Tandem
1511 4393 1606 4449 die
1654 4395 1822 4449 tertia
1929 4388 2270 4463 geniinans;
2303 4395 2361 4443 et
2384 4403 2482 4458 pru
2505 4387 2595 4442 his
2618 4385 2892 4441 omnihus
2922 4399 3121 4439 eorum
3157 4382 3369 4438 liberos
3399 4381 3577 4440 habe·

175 4471 532 4528 abeuntibus
564 4472 706 4541 illis,
737 4479 795 4530 et
824 4477 1065 4532 reversis
1111 4480 1177 4533 ad
1222 4480 1471 4550 propria,
1506 4480 1824 4536 Balduinus
1855 4491 1900 4556 Β
1934 4478 2035 4534 hat
2066 4478 2323 4545 obsides,
2354 4477 2569 4549 quibus
2603 4475 2822 4531 nullam
2855 4474 3200 4547 impendens
3235 4470 3573 4526 humanita-

174 4554 473 4632 inceptum
507 4560 621 4617 iter
649 4579 949 4634 peragens,
1000 4566 1274 4623 Edessam
1318 4569 1597 4639 pervenit,
1657 4571 1755 4625 ubi
1787 4588 1822 4627 a

174 4650 453 4719 predicto
471 4649 725 4708 civitatis
745 4653 891 4709 duce
930 4664 1268 4712 occurrente
1301 4660 1350 4713 ei
1376 4660 1646 4715 universo
1666 4660 1820 4716 clero

170 4741 226 4793 et
254 4738 497 4810 populo,
535 4755 667 4795 cum
729 4743 889 4799 tubis
945 4750 1002 4799 et
1051 4748 1358 4818 tympanis,
1391 4764 1526 4804 curn
1585 4749 1819 4818 hymnis

175 4842 406 4903 quoque
425 4837 487 4885 et
504 4831 751 4887 canticis
767 4834 1477 4905 spiritualibus‚etmulto
1492 4847 1819 4912 praeventus

173 4914 413 4989 honora
444 4926 507 4977 et
535 4924 802 4980 omnium
835 4931 1021 4997 gratia
1051 4934 1358 4993 susceptus
1389 4937 1494 4986 est.

815 5032 1041 5090 CAPUT
1082 5034 1178 5091 111.

168 5115 287 5176 vu
337 5116 587 5176 civitati«
637 5124 777 5194 sacti
831 5124 1123 5191 paenitens.
1183 5127 1304 5196 ejus
1350 5127 1686 5183 successibus
1740 5127 1822 5182 in-

230 5191 425 5248 videt:
467 5202 629 5264 pacta
668 5198 984 5251 rescindere
1039 5198 1257 5262 nititur,
1318 5204 1406 5253 sert
1464 5201 1687 5254 &andem
1742 5201 1821 5254 vi-

234 5271 353 5320 ctus
378 5281 421 5320 a
449 5265 676 5336 populo,
709 5284 837 5323 eum
874 5270 1257 5338 fraudulenter
1284 5272 1506 5338 adoptat
1533 5277 1590 5326 in
1617 5272 1818 5342 lilium.

234 5370 307 5427 At
332 5387 474 5428 vero
508 5374 625 5428 dux
655 5374 754 5444 qui
787 5391 919 5429 eum
953 5375 1122 5431 citari
1158 5380 1391 5444 iecerat,
1443 5379 1595 5448 apud
1637 5394 1701 5433 ee
1732 5383 1818 5434 ta·

171 5457 317 5520 situs
331 5460 722 5520 considerans
746 5463 1025 5523 bonorem
1046 5469 1104 5523 et
1127 5466 1397 5539 gratiam,
1441 5484 1617 5541 quaxn
1654 5470 1820 5527 adve-

170 5550 355 5612 ntanti
387 5550 644 5626 popolus
668 5554 1029 5627 exhibuerat,
1058 5556 1315 5616 invidere
1357 5558 1545 5633 caepit,
1576 5563 1632 5617 et
1659 5575 1690 5618 a
1718 5575 1817 5634 pa·

1931 4573 2071 4637 tem,
2100 4568 2158 4624 in
2191 4563 2312 4623 luto
2342 4572 2401 4622 et
2430 4567 2607 4621 latere
2631 4564 2741 4620 sibi
2773 4566 2986 4619 servire
3016 4559 3423 4630 compellebat.
3460 4562 3571 4615 Pro

1931 4659 2150 4730 quibus
2182 4657 2463 4714 molestiis
2494 4654 2645 4711 cives
2670 4653 2921 4709 universi
2950 4653 3017 4705 ad
3052 4651 3274 4706 domini
3307 4646 3571 4746 Balduiui

1931 4747 2214 4819 provoluti
2240 4762 2453 4820 genua,
2477 4749 2645 4799 orant
2668 4741 3038 4803 unanimiter,
3061 4743 3272 4793 etcum
3295 4740 3572 4808 lacrymis

1933 4838 2247 4910 implorare
2291 4840 2563 4906 satagunt
2600 4839 2890 4903 quatenus
2945 4829 3018 4883 ah
3077 4826 3236 4881 illius
3272 4830 3571 4881 vexatione

1937 4942 2037 4980 eos
2072 4931 2370 4997 protegere
2400 4925 2715 4989 dignetur:
2766 4925 2822 4974 et
2868 4920 2949 4973 ita
2985 4915 3232 4983 elsscere,
3265 4928 3323 4972 ut
3356 4916 3570 4972 liberos

1937 5031 2098 5085 euos,
2131 5032 2228 5086 qui
2266 5012 2340 5069 ad
2370 5031 2436 5068 νο
2466 5011 2877 5066 detinebantur
2921 5007 3108 5074 inviti,
3157 5011 3394 5077 possent
3423 5004 3572 5062 reci-

1937 5123 2093 5178 pere.
2120 5104 2217 5161 lile
2242 5110 2430 5157 autem
2455 5116 2654 5155 eorum
2682 5099 2829 5153 banc
2852 5098 3097 5171 primam
3125 5095 3569 5168 postulationem

1934 5196 2131 5253 volens
2163 5199 2434 5252 exauuire
2469 5192 2799 5268 benignius,
2832 5197 2891 5246 et
2936 5207 3036 5260 per
3085 5189 3189 5243 hoc
3228 5185 3340 5243 eibi
3374 5182 3572 5257 populi

1932 5288 2176 5358 gratiam
2201 5284 2542 5355 ampliorem
2580 5280 2913 5353 promereri,
2936 5283 3246 5333 convocato
3275 5274 3491 5348 populo
3517 5281 3575 5332 et

1931 5376 2111 5431 armis
2143 5373 2520 5436 communito,
2554 5373 2623 5423 ad
2676 5368 2868 5424 locum
2918 5366 3253 5438 predictum
3300 5362 3358 5418 in
3393 5378 3574 5419 maun

1934 5466 2172 5523 robusta
2196 5462 2471 5538 pervenit,
2502 5457 2604 5517 ubi
2624 5475 2757 5515 cum
2784 5472 2883 5531 per
2901 5454 3027 5515 dies
3047 5455 3271 5530 aliquot
3300 5452 3572 5528 frequen·

1932 5555 2093 5616 tibus
2114 5550 2628 5629 congressionibus
2649 5553 2702 5607 et
2727 5547 2905 5606 multa
2931 5544 3221 5610 instantia
3238 5543 3444 5603 urbem
3463 5541 3574 5601 im·
