3784 6000
87 217 216 282 337
1023 195 1223 260 msr.
1272 191 1546 259 annum
1588 192 2138 260 massmanni.
2185 222 2260 237 —
2306 187 2453 251 ms.
2497 187 2599 250 v1.
3392 197 3515 260 353

85 349 254 426 gath,
321 347 553 404 nostros
592 336 834 396 nimiam
883 332 1217 407 egrediendi
1265 339 1325 390 et
1369 331 1740 407 ingrediendi
1769 331 1824 398 A
1851 333 1946 386 rat
1974 323 2412 393 ascribendum,
2447 329 2509 381 ut
2543 339 2644 381 eos
2686 325 2840 397 apud
2887 327 3191 386 dominum
3224 347 3396 389 suum
3428 333 3515 389 vi-

83 438 310 496 habere
336 430 662 497 licentiam,
690 431 751 484 et
781 423 1126 496 praedictum
1148 423 1317 492 Juxta
1342 426 1574 496 pontem
1604 438 1750 494 proe·
1858 416 2210 491 lipenderet,
2241 414 2298 471 id
2329 414 2391 470 in
2423 414 2552 485 ejus
2576 419 2769 485 postea
2788 416 3187 476 confusionem
3220 423 3509 479 retorsum

85 525 337 592 sidium,
393 518 651 580 multum
699 514 826 572 suis
875 513 1102 570 obstare
1131 511 1466 580 conatibus,
1498 509 1753 582 precipit
1860 511 1991 566 est:
2024 508 2242 579 quanto
2272 519 2410 562 sane
2435 521 2470 561 a
2499 504 3150 577 contemptibilioribus.
3201 526 3308 568 sno
3351 511 3513 584 judi-

87 617 162 673 de
186 613 323 672 suis
352 611 428 668 ad
458 611 573 666 duo
605 603 791 661 millia
818 601 1192 658 loricatorum
1223 599 1440 657 armari
1461 603 1519 656 et
1551 598 1751 672 praedi·
1862 598 1974 664 cio,
2006 595 2195 652 victus
2241 594 2385 651 abiit
2423 598 2482 650 et
2509 594 2807 662 confusus,
2853 600 3013 653 tanto
3058 596 3143 654 illi
3193 601 3382 673 major
3427 609 3516 659 est

89 709 252 763 ctum
309 714 450 758 cum
481 695 643 756 omni
675 692 957 750 instantia
1001 689 1349 763 impugnare
1389 688 1752 762 praesidium.
1860 684 2085 743 inflicta
2109 683 2502 750 contumelia;
2533 686 2810 755 tantoque
2838 685 3022 757 maJor
3042 686 3290 762 irrogata
3309 691 3511 747 consu.

93 792 178 852 1lli
227 795 437 849 autem
486 786 641 842 dicto
689 782 863 840 citius
909 782 1198 851 parentes,
1242 778 1394 835 circa
1468 776 1756 851 praedictae
1862 776 1972 833 sio.
2004 774 2149 831 Solet
2176 776 2323 831 enim
2353 789 2464 830 esse
2512 773 2674 830 victis
2701 775 2863 845 quasi
2888 792 2987 846 pro
3016 778 3217 835 solatio
3244 784 3298 837 et
3325 797 3513 838 casum

97 878 459 941 munitionis
517 872 733 932 vallum
797 868 1071 942 congruis
1131 867 1335 925 locatis
1382 865 1752 933 stationibus,
1863 864 2088 922 reddere
2135 866 2408 933 leviorem,
2441 865 2492 920 si
2519 881 2553 920 a
2582 862 2718 919 viris
2747 863 2990 933 sortibus
3034 875 3085 923 et
3133 869 3375 926 strenuis
3420 869 3519 927 di-

96 976 330 1047 quanta
345 969 597 1043 possunt
616 959 921 1029 instantia,
943 958 1212 1015 immissa
1225 958 1568 1029 sagittarum
1583 971 1752 1030 gran·
1865 960 2072 1011 cantur
2105 956 2372 1027 superati,
2399 954 2545 1009 sicut
2565 971 2597 1010 e
2621 953 2854 1020 diverso,
2874 956 3130 1012 ruborem
3153 959 3521 1030 inqeminam

97 1062 258 1133 dine,
291 1056 639 1132 pradictum
677 1052 887 1118 locum,
920 1048 990 1106 ab
1029 1048 1171 1105 bora
1200 1046 1313 1103 diei
1346 1045 1533 1118 prima
1571 1059 1758 1117 usque
1863 1043 2099 1115 adauyet
2145 1043 2526 1117 ignominiam,
2575 1043 2643 1098 ab
2691 1043 2937 1115 indiqnis
2965 1052 3016 1103 et
3046 1044 3252 1104 vilibus
3297 1051 3522 1107 obtenta

101 1152 156 1209 in
189 1147 577 1208 undecimam
599 1138 896 1200 continuis
918 1138 1196 1194 infestant
1212 1134 1534 1193 assultibus
1554 1138 1611 1191 et
1627 1149 1759 1190 con·
1864 1133 2127 1190 victoria.

99 1236 512 1315 gressionibus
539 1232 890 1305 impugnant
907 1245 920 1283 :
936 1226 1289 1284 comitecum
1303 1224 1426 1281 suis
1449 1222 1759 1281 resistente

94 1328 375 1394 viriliter,
425 1327 487 1381 et
532 1322 751 1388 locum,
801 1319 974 1389 quus
1003 1316 1312 1373 tuitionem
1340 1315 1758 1385 assumpserat,

98 1419 238 1476 totis
277 1414 513 1473 viribus
552 1411 912 1484 protegente.
947 1406 1213 1477 Cumque
1242 1404 1394 1461 cirea
1423 1402 1604 1459 solem
1629 1403 1756 1474 jam
2488 1384 2723 1440 vertitur
2748 1383 2915 1440 cibos.

97 1507 420 1565 occiduum
442 1507 501 1561 et
526 1514 825 1570 vesperam
857 1495 1259 1552 imminentem
1281 1493 1542 1550 viderent
1569 1491 1760 1564 impu·
1941 1490 2093 1548 Urbe
2159 1490 2340 1563 igitur
2386 1488 2471 1546 sic
2520 1506 2589 1547 ex
2635 1491 2795 1547 omni
2846 1498 3008 1564 parte
3056 1494 3354 1555 obsidione
3399 1496 3523 1554 val-

100 1604 404 1672 gnatores,
434 1590 594 1666 quod
624 1605 740 1647 non
771 1586 1029 1644 multum
1061 1583 1424 1656 proficerent,
1459 1581 1650 1640 soluto
1671 1597 1761 1638 as-
1867 1579 2011 1648 lata,
2042 1596 2174 1636 cum
2199 1580 2326 1650 jnm
2360 1583 2575 1652 populo
2603 1581 2800 1652 egredi
2834 1581 2919 1638 vel
2951 1583 3176 1657 ingredi
3208 1591 3265 1643 et
3293 1601 3400 1643 sua
3428 1603 3524 1643 ex-

100 1688 266 1745 sultu
297 1684 361 1741 in
394 1689 582 1740 castra
614 1676 828 1736 reversi
861 1678 1021 1733 sunt.
1053 1675 1128 1729 At
1156 1688 1291 1729 vero
1320 1687 1519 1728 comes
1549 1671 1762 1728 timens
1792 1701 1840 1768 B
1870 1669 2057 1725 terius
2125 1683 2443 1740 procurare
2506 1668 2737 1741 negotia
2798 1686 2917 1727 non
2969 1672 3183 1743 liceret,
3235 1674 3386 1732 facta
3430 1678 3522 1733 est

101 1794 197 1845 ne,
229 1770 646 1845 multiplicatis
668 1767 914 1835 viribus,
935 1764 998 1822 in
1018 1762 1275 1821 crastino
1296 1762 1367 1818 ad
1388 1776 1537 1833 opus
1565 1758 1759 1816 simile
1867 1762 2201 1815 nostrorum
2238 1756 2417 1816 multo
2445 1758 2695 1815 deterior
2716 1760 2971 1818 conditio
2997 1779 3011 1831 ;
3047 1778 3183 1821 nam
3210 1780 3347 1822 cum
3374 1765 3523 1822 nihil

101 1863 557 1937 accingerentur
571 1875 587 1929 3
626 1856 930 1927 sciensque
979 1852 1134 1925 quod
1186 1849 1526 1907 nullatenus
1562 1850 1763 1919 posset
1866 1850 2179 1907 inferretur
2218 1849 2653 1917 alimentorum,
2703 1855 2900 1907 exorta
2930 1857 3019 1909 est
3066 1854 3252 1911 fames
3283 1856 3343 1911 in
3375 1855 3520 1912 civi-

101 1956 316 2012 contra
342 1953 570 2009 tantum
620 1945 966 2012 exercitum,
1016 1940 1355 2015 praedictam
1384 1938 1534 1995 tueri
1563 1936 1758 1995 muni·
1867 1942 1987 1995 tate
2019 1937 2191 1995 solito
2234 1938 2647 2006 vehementior,
2679 1939 2760 1994 ita
2791 1948 2850 1996 ut
2879 1956 2995 2012 prae
3036 1941 3264 1999 defectu
3296 1942 3522 2000 victua-

99 2043 350 2111 tionem,
383 2038 747 2109 intempeste
777 2031 962 2090 noctis
980 2028 1214 2087 silentio
1245 2027 1440 2100 ignem
1470 2024 1760 2083 adhibens
1866 2028 2014 2087 lium
2063 2033 2122 2085 et
2166 2028 2338 2084 famis
2390 2027 2719 2100 importune
2764 2030 3024 2100 urgentis
3073 2031 3405 2099 acerbitate,
3432 2033 3520 2106 Je-

100 2137 158 2190 et
185 2128 468 2189 incendio
494 2126 736 2184 tradens
765 2122 1058 2189 universa,
1109 2118 1169 2174 in
1212 2117 1414 2175 urbem
1462 2131 1601 2175 cum
1633 2114 1758 2173 suis
1857 2118 2008 2191 ¹iuna
2040 2118 2206 2190 plebs
2243 2116 2603 2190 propagandi
2633 2117 2746 2173 cibi
2779 2118 2991 2188 gratia,
3021 2120 3090 2175 ad
3121 2120 3319 2192 turpia
3343 2120 3521 2179 nimis

105 2220 382 2294 ejusdem
423 2216 505 2275 rei
554 2211 922 2273 consortibus
951 2225 1010 2268 se
1038 2207 1308 2268 eontulit.
1358 2209 1524 2262 Mane
1568 2209 1757 2264 autem
1867 2207 2190 2264 declinaret
2251 2205 2617 2277 compendia.
2668 2204 2795 2261 Non
2844 2211 2964 2263 erat
3015 2207 3076 2263 in
3125 2208 3295 2277 escis,
3345 2209 3519 2267 etiam

111 2311 292 2376 iacto,
342 2308 656 2365 redeuntes
686 2304 747 2360 in
787 2302 841 2358 id
873 2301 1069 2373 ipsum
1102 2295 1203 2371 qui
1232 2296 1507 2353 hesterna
1535 2294 1629 2351 die
1653 2311 1757 2351 ca·
1867 2297 2020 2371 apud
2052 2296 2331 2354 delicatos
2362 2295 2718 2363 differentia3
2760 2312 2878 2353 non
2902 2302 3025 2353 erat
3064 2300 3413 2356 mundorum
3446 2299 3519 2357 ab

105 2406 298 2459 strum
330 2395 841 2471 impugnaverant,
871 2387 1197 2461 assumptis
1225 2386 1337 2444 sibi
1368 2385 1599 2443 duobus
1629 2384 1759 2441 aliis
1867 2385 2193 2442 immundis
2232 2383 2433 2456 legalis
2473 2383 2574 2439 illa
2614 2383 2946 2453 distinctim
2998 2386 3097 2443 sed
3146 2387 3301 2459 quod
3345 2404 3521 2445 casus

109 2489 400 2559 millibus,
429 2487 642 2544 iterum
673 2483 744 2540 ad
779 2481 931 2538 idem
963 2494 1108 2552 opus
1138 2492 1201 2533 se
1230 2475 1541 2549 accingunt
1563 2493 1579 2542 ς
1599 2478 1658 2531 st
1687 2475 1760 2531 ad
1868 2475 2166 2542 offerebat,
2194 2475 2313 2531 sive
2342 2474 2526 2547 gratis
2569 2473 2685 2530 sive
2713 2489 2850 2531 cum
2902 2476 3108 2547 pretio,
3139 2475 3199 2533 id
3230 2477 3291 2534 in
3320 2477 3521 2534 cibum

110 2578 462 2654 predictum
492 2574 687 2632 locum
718 2572 1116 2644 properantes,
1147 2565 1251 2622 ubi
1279 2565 1574 2621 desertum
1596 2579 1760 2635 repe·
1869 2563 2196 2621 vertebatur
2236 2581 2249 2619 ε
2304 2564 2438 2620 inde
2468 2567 2670 2620 venter
2711 2563 2950 2637 rugiens
3001 2572 3055 2621 et
3099 2565 3427 2635 famelicuS,
3473 2564 3523 2623 si

111 2671 274 2728 rinnt
302 2673 360 2724 et
387 2680 459 2722 ex
486 2666 652 2737 parte
692 2659 948 2733 plurima
977 2657 1254 2723 dirutum,
1285 2653 1498 2709 infecto
1532 2650 1761 2724 negotio
1867 2658 2065 2710 tamen
2096 2653 2168 2710 ad
2201 2652 2309 2709 hoc
2350 2653 2680 2709 sufficiebat
2723 2654 2875 2724 quod
2906 2658 3278 2727 assumptum
3312 2655 3522 2728 fuerat,

107 2756 328 2817 reversi
362 2752 604 2812 suntad
632 2749 882 2824 propria.
932 2751 1042 2803 Per
1088 2743 1325 2802 eosdem
1376 2742 1502 2797 dies
1549 2740 1764 2797 accidit
1868 2742 2245 2815 implebatur.
2268 2743 2394 2799 Non
2417 2746 2542 2798 erat
2560 2743 2737 2799 rubor
2759 2743 3077 2811 nobilibus,
3113 2760 3229 2802 non
3250 2743 3525 2819 ingenuis

108 2847 267 2921 quod
301 2844 542 2918 quidam
574 2841 644 2898 de
673 2831 934 2898 hostium
957 2833 1211 2893 exercitu
1243 2832 1490 2888 latenter
1520 2829 1761 2901 egressi,
1871 2832 2241 2900 verecundia,
2273 2831 2492 2887 mensis
2531 2829 2737 2889 alienis
2771 2831 3138 2905 importunos
3169 2850 3229 2891 se
3256 2834 3526 2892 convivas
3568 2841 3583 2850 “

112 2935 400 3011 quosdam
421 2932 493 2989 de
508 2928 722 2989 nostris
744 2943 882 2984 casu
900 2923 1127 2983 obviam
1149 2922 1454 2990 habentes,
1477 2918 1634 2976 viros
1646 2934 1766 2990 ege·
1871 2920 2155 2994 ingerere,
2179 2921 2343 2976 avide
2368 2920 2642 2977 manibus
2658 2920 2880 2993 salienis
2904 2921 3150 2991 inhiare,
3189 2923 3268 2980 im
3278 2928 3530 2996 portuno

1869 1313 2036 1369 Fame
2067 1311 2449 1378 invalescente,
2481 1220 3143 1383 pitglttlt'sraglitamundos
3173 1314 3382 1373 invitus
3399 1332 3525 1374 con-

117 3044 226 3085 nos
253 3029 310 3083 et
341 3025 571 3095 inopes,
615 3018 1049 3092 proficiscentes
1097 3012 1411 3077 incautius,
1445 3013 1763 3081 ceperunt:
1800 3054 1853 3120 G
1881 3018 2074 3084 petere
2105 3010 2257 3082 quod
2290 3013 2504 3084 saeplus
2533 3011 2872 3084 negabatur.
2896 3012 3142 3086 Fugerat
3163 3031 3197 3070 a
3217 3013 3523 3083 matronis,

122 3133 275 3191 quos
303 3118 443 3171 ante
470 3110 793 3185 principem
815 3122 988 3164 suum
1020 3103 1297 3161 deductos
1326 3103 1676 3167 statuerunt,
1710 3101 1775 3154 ut

124 3207 176 3264 ei
203 3210 490 3276 uinquam
518 3199 777 3265 domino,
810 3211 1121 3253 successus
1152 3192 1243 3248 sui
1275 3195 1332 3247 et
1363 3188 1776 3246 manubiarum

127 3294 472 3354 dedicarent
500 3288 807 3365 primitias.
859 3284 963 3341 Ille
988 3288 1178 3340 autem
1216 3281 1278 3337 in
1323 3279 1565 3352 captivis
1595 3282 1654 3334 et
1682 3294 1776 3334 ar-

130 3399 391 3451 morum,
438 3384 496 3438 et
535 3377 771 3436 babitus
833 3378 1212 3431 contemnens
1258 3369 1539 3427 vilitatem
1591 3368 1781 3436 (erant

128 3472 290 3531 enim
340 3470 426 3528 eis
471 3482 645 3524 arcus
690 3462 889 3536 lignei,
952 3476 1122 3518 enses
1170 3472 1403 3532 quoque
1458 3455 1779 3512 sordebant

129 3560 320 3636 operti
351 3555 659 3630 rubigine3
691 3560 877 3609 vestes
895 3550 1074 3607 etiam
1109 3564 1222 3621 prae
1251 3544 1542 3602 continuis
1574 3543 1781 3599 labori-

129 3655 246 3710 bus
272 3649 479 3706 lacero
508 3651 566 3703 et
593 3642 937 3701 assiduitate
959 3637 1161 3694 utendi
1179 3634 1600 3708 praetendentes
1620 3636 1780 3688 vetu-

130 3748 365 3807 statem3
384 3753 498 3794 non
512 3735 670 3793 enim
688 3736 857 3790 erant
875 3727 1086 3802 populo
1102 3723 1776 3801 peregrinanti,diversa,

129 3831 352 3907 quibus
420 3824 751 3885 alternatim
801 3825 1128 3886 uterentur,
1175 3815 1510 3887 mutatoria)
1561 3813 1778 3871 dixisse

131 3923 356 3980 l'ertur:
411 3922 543 3977 Ecce
577 3914 813 3988 populus
879 3913 977 3984 qui
1023 3925 1195 3979 reque
1245 3907 1436 3964 debeat
1484 3904 1781 3961 sollicitare

129 4012 354 4074 alierum
381 4011 473 4065 cui
498 4022 602 4080 pro
619 4005 806 4061 multis
834 4002 1039 4058 divitiis
1068 3999 1278 4055 deberet
1324 3994 1593 4066 sumcere,
1632 3996 1693 4048 ut
1719 3995 1781 4048 in

133 4113 453 4174 quoeunque
507 4103 786 4153 terrarum
837 4088 1049 4160 anqulo
1077 4089 1238 4160 panis
1275 4087 1357 4142 eis
1404 4085 1559 4155 quasi
1585 4082 1783 4137 vilibus

137 4192 370 4247 daretur
415 4185 787 4244 mercenariis.
821 4183 951 4238 Ecce.
979 4195 1157 4246 arma,
1187 4177 1382 4249 quibus
1415 4172 1786 4228 Orientalium

140 4279 462 4352 inoeauitas
508 4275 704 4334 debeat
731 4271 1024 4344 flavellari,
1056 4266 1255 4339 quibus
1298 4266 1396 4319 eia:
1429 4277 1616 4335 passer
1648 4262 1787 4316 ictus

1884 3099 2102 3172 quibus
2129 3098 2441 3172 aliquando
2473 3099 2779 3156 familiaris
2802 3100 3009 3171 fuerat,
3033 3103 3219 3173 pudor
3243 3117 3258 3170 ς
3291 3119 3326 3159 a
3356 3101 3532 3176 virgi·

1884 3188 2055 3245 nibus
2102 3189 2462 3258 reverentia3
2495 3192 2553 3245 et
2582 3205 2827 3246 suorum
2872 3190 3054 3247 oblita
3082 3190 3389 3261 natalium,
3439 3206 3533 3248 ex-

1885 3278 2093 3335 hausta
2141 3278 2306 3345 facie,
2349 3279 2590 3337 vocibus
2619 3278 2937 3350 ssebilibus,
2968 3284 3023 3337 et
3053 3297 3181 3354 quae
3221 3297 3361 3339 saxa
3392 3297 3529 3353 pos-

1885 3373 2016 3427 sent
2074 3385 2298 3428 movere
2357 3375 2608 3442 pectora,
2678 3386 2791 3427 non
2860 3371 3136 3429 timentes
3208 3371 3530 3445 repulsam,

1886 3457 2109 3529 passim
2156 3460 2371 3516 victum
2430 3460 2812 3531 quaeritabant
2845 3478 2860 3528 ς
2912 3477 3060 3532 quas
3108 3464 3305 3518 autem
3357 3461 3533 3520 samis

1885 3546 2168 3604 acerbitas
2210 3563 2545 3621 expugnare
2593 3565 2708 3604 non
2743 3551 2986 3618 poterat,
3021 3552 3087 3604 ut
3119 3548 3324 3606 robore
3353 3550 3534 3621 depo·

1884 3637 2019 3705 sito,
2044 3638 2231 3695 fronte
2248 3639 2517 3694 indurata
2531 3639 2598 3693 ad
2615 3638 3069 3695 mendicandum
3093 3639 3532 3707 descenderent,

1885 3724 1973 3781 hae
2001 3727 2062 3780 in
2094 3727 2309 3783 abditis
2339 3725 2847 3796 delitescentes,in
2878 3727 3091 3799 seipsis
3122 3726 3528 3796 tabescebant;

1885 3814 2033 3870 mori
2065 3815 2254 3887 magis
2274 3813 2556 3888 eligentes
2593 3830 2770 3887 quam
2803 3830 2866 3871 se
2895 3816 3033 3871 dare
3064 3815 3122 3872 in
3154 3815 3448 3887 publicum
3473 3818 3540 3871 ut

1886 3902 2106 3976 aliquid
2142 3904 2521 3976 postularent.
2556 3904 2691 3959 Erat
2721 3903 2976 3976 denique
3004 3904 3220 3960 intueri
3253 3903 3407 3961 viros
3438 3919 3535 3959 ro-

1887 3994 2179 4050 bustiores
2210 3995 2388 4065 prius,
2432 4009 2582 4066 quos
2618 3993 2801 4051 virtus
2843 3993 3131 4066 praecipua
3164 4000 3221 4052 et
3251 3994 3535 4052 nobilitas

1890 4082 2163 4155 praeclara
2178 4083 2404 4140 cunctis
2424 4084 2799 4141 reddiderant
2817 4084 3170 4156 conspicuos
3185 4092 3237 4142 et
3252 4083 3540 4158 insignes,

1891 4171 2125 4229 innixos
2153 4190 2269 4245 prae
2311 4172 2492 4229 nimia
2519 4171 2823 4230 debilitate
2852 4172 3098 4241 baculis„
3148 4190 3248 4247 per
3293 4173 3455 4230 vicos
3486 4179 3545 4230 et

1893 4261 2112 4333 plateas
2143 4266 2305 4318 artus
2325 4261 2700 4319 circumferre
2720 4261 3077 4330 semineces;
3114 4262 3272 4320 vultu
3296 4261 3544 4334 dejecto,
3636 4260 3641 4267 '

141 4371 375 4442 periret.
405 4364 659 4435 Altinate
684 4378 773 4420 eos
800 4363 852 4418 et
880 4355 1208 4428 compeditos
1234 4368 1357 4409 cum
1381 4354 1553 4408 armis
1581 4351 1718 4416 suis,
1737 4356 1789 4406 et
1896 4350 2005 4406 etsi
2029 4366 2143 4407 non
2165 4366 2325 4420 voce,
2346 4349 2780 4423 eleemosynam
2804 4355 2996 4424 petere
3017 4370 3048 4407 a
3069 4350 3544 4409 transeuntibus.

147 4461 251 4517 islo
281 4472 382 4514 suo
429 4454 642 4525 habitu,
672 4452 891 4509 domino
921 4462 1042 4504 meo
1069 4447 1163 4519 qui
1200 4459 1287 4499 me
1317 4443 1468 4498 misit
1497 4455 1793 4511 repraesen-
1827 4422 1872 4487 Π
1903 4440 2121 4497 Intueri
2178 4443 2303 4497 erat
2328 4439 2709 4496 nihilominus
2727 4456 2935 4513 pueros
2966 4441 3261 4513 vagientes
3279 4444 3336 4497 et
3357 4440 3551 4497 adbuc

149 4552 287 4613 tate,
317 4553 380 4601 ut
406 4561 479 4601 ex
506 4542 629 4600 istie
657 4541 880 4612 colliqat
917 4553 1083 4611 quam
1110 4533 1316 4590 nullius
1345 4531 1603 4589 momenti
1629 4532 1706 4585 sit
1732 4527 1802 4585 cle

148 4636 356 4696 talibas
383 4632 728 4707 triumphare
749 4629 1079 4703 :qualesque
1096 4622 1349 4680 habendi
1365 4622 1500 4689 sint,
1532 4634 1662 4691 quos
1684 4624 1801 4673 tam

150 4722 488 4782 miserabilis
526 4721 760 4794 populus
798 4733 858 4775 se
893 4717 1170 4788 qtoriutur
1213 4710 1504 4784 subeqisse.
1560 4707 1801 4781 abjiciat

152 4832 281 4890 erqo
306 4833 344 4873 a
379 4830 438 4871 se
459 4828 655 4872 euram
683 4817 735 4869 et
765 4823 984 4865 omnem
1032 4807 1196 4861 istam
1223 4818 1391 4875 super
1422 4816 1508 4858 me
1542 4799 1800 4872 proficiat

150 4904 621 4967 solticitudinem,-
651 4904 708 4957 in
749 4899 1003 4972 proximo
1030 4896 1179 4952 enim
1209 4896 1334 4960 erit,
1367 4890 1507 4964 quod
1534 4906 1695 4947 canes
1721 4905 1800 4946 eae

150 4993 462 5052 immundae
487 5004 799 5063 comparere
815 4986 1095 5054 desinant,
1119 4991 1172 5040 et
1196 4984 1558 5050 comsumptae
1571 4979 1799 5050 penitas

149 5091 430 5157 nequeant
457 5082 515 5138 in
537 5080 754 5154 populis
776 5075 1085 5134 numerari.
1117 5073 1223 5128 His
1253 5071 1447 5136 dictis,
1478 5070 1632 5127 tradi
1664 5085 1800 5142 pras·

152 5174 296 5246 cipit
317 5171 669 5244 quibusdam
691 5169 768 5226 ad
788 5168 898 5225 hoc
909 5163 1227 5237 deputatis,
1251 5160 1352 5233 qui
1375 5176 1474 5217 eos
1482 5160 1650 5231 juxta
1668 5159 1800 5230 ejus

153 5260 554 5318 definitionem
575 5257 650 5314 ad
682 5256 963 5326 maj0rem
1010 5251 1331 5307 Soldanum
1361 5247 1586 5305 vinctos
1616 5247 1800 5303 dedu-

153 5352 358 5406 cerent
400 5349 460 5405 in
499 5345 818 5404 Persidem.
869 5339 1260 5399 Levissimum
1289 5336 1446 5394 enim
1472 5335 1796 5407 judicabat,

151 5454 252 5497 eos
274 5437 392 5495 sibi
421 5451 590 5511 posse
616 5433 928 5506 subjicere,
948 5443 1200 5504 quorum
1230 5426 1505 5483 virtutem
1538 5424 1799 5482 nondum

153 5526 679 5605 apertus-tuerat:
709 5521 861 5597 quod
889 5518 1032 5594 quis
1057 5517 1170 5575 sibi
1205 5531 1309 5590 pro
1339 5514 1524 5589 gloria
1554 5516 1798 5587 putave-

1906 4530 2076 4587 laetis
2094 4534 2333 4603 egentes
2353 4529 2652 4599 alimonia,
2678 4544 2785 4602 per
2804 4528 3063 4601 compita
3082 4530 3305 4601 passim
3326 4526 3546 4602 exposi-

1907 4624 2015 4687 tos,
2047 4620 2265 4692 quibus
2294 4635 2422 4691 quan
2469 4634 2568 4675 eos
2596 4623 2948 4691 genuerant,
3004 4622 3269 4674 materna
3295 4619 3554 4689 denega-

1906 4708 2050 4765 bant
2098 4708 2402 4780 obsequia,
2456 4707 2592 4763 dum
2642 4706 2755 4764 sibi
2800 4723 2916 4764 non
2962 4706 3299 4763 sufficerent
3339 4705 3410 4762 ad
3442 4704 3553 4762 hoc

1907 4797 2135 4865 saltem,
2168 4802 2234 4854 ut
2262 4797 2374 4852 sibi
2406 4794 2625 4868 aliquid
2678 4798 2936 4866 peterent
2982 4793 3400 4851 necessarium.
3442 4791 3554 4849 Vix

1907 4895 2028 4945 erat
2044 4887 2102 4943 in
2122 4890 2279 4942 tanto
2298 4884 2506 4958 populo
2528 4885 2625 4958 qui
2645 4884 2755 4942 sibi
2770 4884 3082 4941 sufficeret:
3100 4883 3387 4941 universis
3405 4896 3553 4956 pene

1908 4986 2180 5048 sumptus
2220 4975 2589 5041 deiecerant;
2621 4974 3035 5045 omnibusque,
3081 4973 3249 5045 quasi
3283 4973 3344 5031 in
3374 4988 3552 5030 usum

1907 5069 2144 5124 venerat
2174 5064 2527 5121 mendicare.
2557 5066 2671 5120 Aut
2700 5063 2749 5118 si
2780 5063 2873 5118 cui
2906 5079 2999 5120 res
3023 5062 3216 5121 adhuc
3242 5063 3557 5120 domestica

1908 5155 2277 5230 suppetebat,
2320 5153 2459 5209 dum
2492 5167 2608 5209 non
2640 5151 2979 5209 occurrebat
3008 5151 3211 5209 venale
3244 5153 3401 5224 qnod
3434 5157 3557 5207 erat

1908 5244 2324 5304 necessarium,
2359 5241 2744 5299 nihilominus
2775 5240 3108 5314 indigebat;
3144 5239 3365 5312 quique
3395 5237 3552 5311 apud

1908 5351 2049 5393 suos
2094 5335 2152 5390 in
2182 5331 2503 5404 largiendis
2546 5331 2793 5402 dapibus
2840 5326 3296 5404 priusliberales
3331 5327 3551 5399 judica·

1908 5425 2141 5493 bantur,
2171 5425 2228 5478 et
2259 5420 2500 5493 profusi,
2535 5418 2590 5476 bi
2622 5433 2888 5477 secessus
2921 5425 3247 5492 querentes
3267 5415 3557 5475 abditissi-

1907 5529 2036 5575 mos
2078 5514 2136 5570 et
2181 5510 2311 5571 loca
2338 5509 2639 5570 inaccessa
2676 5510 2922 5578 ceteris,
2954 5505 3423 5583 qualemqualem
3452 5522 3557 5568 su-
