3784 6000
113 240 220 304 113

110 463 242 520 dem
273 464 492 535 quibus
515 480 624 537 ego
653 466 856 524 deesse
884 481 1002 522 nou
1029 467 1285 537 poteram
1315 463 1602 522 instantia
1627 480 1765 537 sup·

109 553 390 626 plicabat.
419 553 754 612 &audistis
803 571 874 612 ex
916 558 1100 628 parte,
1149 554 1289 625 quia
1333 553 1407 610 ab
1456 554 1766 624 irroganda

108 642 400 700 severiore
419 644 712 702 sententia
730 643 1104 718 temperastis
1134 644 1206 700 sd
1233 646 1487 716 tempus,
1506 644 1764 701 nondum

109 737 298 786 tamen
331 731 390 789 ei
419 736 688 805 optatum
719 732 1068 790 beneficium
1100 733 1364 805 perfectis
1404 732 1767 790 liberationis

106 819 314 876 arrisit.
345 822 580 879 Instant
607 821 789 895 igitur
809 822 911 896 qui
933 822 1005 879 ab
1026 820 1193 879 initio
1216 822 1469 895 profusis
1497 823 1767 894 precibus

106 908 474 977 institerunt,
523 926 708 982 eoque
753 909 1025 969 obnixius
1071 910 1212 985 quia
1277 915 1564 969 noverunt
1611 912 1766 984 quod

15 1005 26 1022 '
103 997 334 1055 dilectio
383 1003 580 1058 vestra
625 1015 826 1072 preces
857 1016 1019 1058 mess
1067 1002 1435 1059 consueverit
1471 1001 1764 1059 exaudire.

102 1087 306 1146 Preces
335 1087 527 1160 igitur
561 1090 777 1148 iterare
803 1089 1109 1163 compellit
1153 1091 1357 1148 iterata
1403 1092 1680 1163 precatio,
1707 1094 1769 1148 et

101 1193 185 1235 ine
227 1178 492 1250 genibus
529 1182 730 1237 vestra!
781 1179 1084 1238 charitatis
1131 1178 1404 1247 advolvit,
1447 1184 1512 1238 ut
1556 1179 1656 1238 hic
1706 1197 1767 1240 se

15 1287 30 1352 '3
103 1264 521 1339 multiplicatis
569 1268 838 1339 precibus
884 1268 1172 1326 uberioris
1200 1269 1524 1326 remedium
1567 1271 1769 1342 gratiis

15 1365 34 1436 {-
102 1354 360 1427 gaudeat
391 1354 708 1414 invenisse.
741 1357 946 1414 Audivi
987 1358 1161 1414 etiam
1214 1358 1518 1414 dominum
1569 1359 1768 1415 archi-

101 1444 472 1518 episcopum,
515 1448 574 1502 et
617 1446 924 1504 dominum
973 1446 1384 1504 Abrincensem
1455 1449 1770 1522 scripsisse

99 1549 194 1606 pro
237 1549 338 1605 eo,
393 1550 616 1607 eosque
664 1535 850 1607 culpes
899 1551 1075 1605 quam
1119 1537 1408 1593 contraxit
1450 1536 1770 1596 clementer

99 1624 428 1694 ignoscere,
457 1625 602 1697 quia
640 1625 717 1682 ad
761 1626 1204 1698 inquisitionem
1254 1634 1510 1685 vestram
1559 1628 1768 1686 maluit

25 1763 34 1798 ,-
99 1711 406 1770 humiliter
447 1713 718 1771 confiteri
763 1714 918 1786 quod
968 1714 1206 1786 fecerat,
1243 1732 1423 1787 quam
1470 1716 1767 1790 duplicata

27 1835 34 1846 ·
97 1801 260 1875 eulpa
289 1801 734 1861 conscientiam
762 1819 930 1861 snam
969 1802 1258 1862 offuscare
1286 1806 1632 1873 mendaciis,
1663 1811 1765 1864 aut

29 1955 34 1968 ¹
97 1893 162 1950 de
199 1895 408 1950 vestra
457 1892 868 1952 misericordia
913 1894 1251 1967 desperare.
1304 1899 1516 1953 Preces
1568 1896 1763 1969 itaque

98 1981 372 2054 precibus
399 1985 462 2038 et
511 1981 755 2040 oonsilio
803 1997 1006 2039 eorum
1045 1983 1248 2046 censui
1295 1983 1628 2042 fiducialius
1658 1987 1763 2044 ad·

94 2070 458 2144 iungenda,
482 2074 550 2128 ut
566 2071 620 2128 si
642 2072 922 2141 majestas
944 2075 1131 2130 vestra
1148 2073 1538 2132 admonitioni
1559 2091 1762 2132 eorum

29 2155 34 2174 '
99 2159 320 2217 duxerit
341 2159 970 2234 obsequendum,mea
984 2177 1217 2234 quoque
1234 2166 1410 2222 tanto
1430 2151 1763 2222 auctoritati

31 2275 40 2282 ·
99 2248 446 2308 intercessio
485 2250 860 2322 suffragetur.

759 2339 1108 2400 Lxxxvm.

323 2443 412 2486 an
441 2443 918 2486 cenomanen
945 2445 1016 2487 ss·
1039 2443 1536 2488 rausum-asmsssm

683 2531 1187 2577 sacsmriscoros.

31 2609 38 2690 ξ
157 2607 424 2666 Causam
456 2606 814 2664 venerabilis
839 2607 1036 2666 fratris
1066 2607 1245 2664 nostri
1268 2608 1571 2681 Reginaldi
1594 2608 1762 2666 electi

31 2735 36 2790 ζ
105 2694 522 2754 &tironiensis
567 2695 898 2753 audivimus
948 2696 1023 2753 ab
1089 2697 1411 2769 apostolica
1460 2699 1763 2770 meJestate

31 2825 46 3341 !

31 3348 46 3871 ἒ

103 2788 294 2842 ποίεε
343 2784 723 2857 experientia
778 2785 1272 2843 commendatam.
1313 2785 1510 2844 Gavisi
1557 2804 1766 2846 sumus

107 2874 238 2944 qued
293 2873 576 2930 veritatis
617 2873 977 2932 amatoribus
1006 2873 1264 2931 veritatis
1314 2882 1403 2930 est
1451 2876 1766 2934 commissa

107 2960 553 3037 cognitio,apnd
575 2977 722 3035 qnos
745 2963 1101 3035 necjustitia
1121 2963 1442 3037 periculum
1466 2966 1764 3025 incurrere

109 3053 328 3125 peterit,
349 3066 468 3109 nee
495 3050 831 3112 innocentia
859 3052 1296 3111 detrimentum.
1323 3055 1386 3110 ln
1417 3071 1532 3126 quo
1552 3056 1602 3113 si
1633 3072 1765 3128 per-

1606 241 2042 303 EPISTOLAE.

111 372 466 431 excellentie
497 374 889 447 supplicasse,
919 373 1061 447 quia
1081 373 1228 430 mibi
1259 388 1362 445 pro
1392 389 1460 430 eo
1489 389 1766 446 quorum·
1794 379 1843 444 Α

3408 241 3528 307 1ss

1962 483 2033 521 Αι)
2064 481 2367 524 aoraonuu
2398 483 2893 526 aemonae-sustu
2922 481 3437 525 nemanso-orum.

1946 554 2263 613 Monachus
2312 557 2411 615 ille
2470 558 2530 614 1..
2580 557 2720 614 olim
2763 555 3203 622 cormeliensis,
3253 571 3358 628 pro
3404 569 3525 628 quo

1874 645 2240 702 sanctitatem
2271 651 2523 704 vestram
2570 646 2919 718 rescriptum
2950 644 3337 718 apostolicum
3370 643 3528 702 scri—

1876 732 2011 789 bitis
2055 735 2366 807 accepisse,
2398 737 2471 793 de
2513 735 2865 792 monasterio
2894 734 2993 791 illo
3035 749 3309 808 egressus
3352 735 3445 791 est
3469 738 3529 791 et

1874 824 2046 881 tertio
2078 824 2526 882 misericorditer
2556 831 2644 882 est
2680 829 2971 897 receptus.
3007 823 3287 895 Egressus
3314 825 3526 896 quarto

1874 928 2011 971 cum
2058 913 2253 985 ipsum
2318 915 2500 971 abbas
2558 918 2621 972 et
2666 915 2873 972 tratres
2920 930 3021 987 pro
3082 911 3416 971 commissis
3463 911 3527 968 in

1876 1003 2131 1062 Ecclesia
2160 1003 2483 1078 sacrilegiis
2511 1021 2640 1078 quo
2669 1004 2844 1063 etiam
2885 1004 3231 1062 verecundis
3260 1002 3528 1075 prohibet

1877 1092 2120 1150 recitare
2149 1092 2370 1165 duplici
2400 1094 2577 1150 etiam
2606 1093 2809 1152 sobole
2837 1094 2910 1150 de
2959 1092 3357 1150 meretricibus
3388 1094 3529 1150 aute

1877 1182 2031 1239 fores
2062 1183 2396 1240 monasterii
2427 1188 2723 1256 suscepta.
2745 1183 3046 1254 suscipere
3076 1186 3443 1251 recusarunt,
3464 1181 3525 1236 in

1877 1271 2183 1343 praesentia
2231 1275 2427 1329 nostra
2456 1279 2509 1329 et
2558 1273 2789 1329 abbatis
2820 1274 2882 1328 P.
2918 1270 3201 1328 Cellensis
3250 1271 3526 1326 fratrum-

1877 1375 1992 1432 que
2022 1365 2356 1417 nostrorum
2389 1359 2623 1432 publice
2651 1360 2725 1417 de
2752 1360 3028 1417 omnibus
3072 1362 3194 1415 tam
3225 1355 3527 1414 convictus

1878 1464 2051 1521 quam
2079 1450 2408 1520 confessus,
2440 1450 2514 1506 ab
2541 1449 2753 1506 abbate
2780 1448 3007 1506 litteras
3036 1444 3401 1504 dimissorias
3418 1444 3530 1501 im-

1877 1537 2143 1610 petravit,
2166 1537 2427 1610 abjurato
2458 1538 2528 1595 ad
2562 1541 2743 1594 totam
2774 1538 2953 1594 vitam
2982 1536 3210 1596 abbatis
3240 1537 3533 1596 monaste-

1877 1626 1965 1684 rio
1985 1631 2044 1682 et
2069 1630 2190 1685 tota
2210 1625 2456 1683 banleva
2486 1624 2823 1682 monasterii
2844 1624 2981 1696 quia
3000 1641 3065 1682 se
3092 1623 3291 1696 ignem
3320 1622 3529 1680 missu·

1800 1753 1848 1822 B
1879 1731 2009 1772 rum
2078 1716 2311 1788 publice
2359 1716 2545 1773 ruerat
2593 1715 2986 1773 comminatus
3043 1713 3165 1771 hoc
3213 1709 3523 1770 abscessit.

1876 1808 2053 1862 Porro
2092 1821 2226 1862 cum
2256 1805 2383 1877 ipse
2417 1804 2797 1876 postmodum
2828 1805 2897 1862 ad
2935 1803 3210 1864 notitiam
3238 1799 3524 1860 willelmi

1873 1895 1945 1952 de
1974 1895 2154 1969 Papia
2186 1895 2522 1966 cardinalis,
2555 1910 2649 1952 me
2678 1898 2737 1951 et
2778 1894 2989 1952 abbate
3020 1891 3393 1967 presentibus
3420 1890 3524 1948 ds.-

1873 1983 2133 2052 tulissst,
2181 1984 2469 2041 recensita
2536 1985 2777 2042 veritate
2831 1983 2907 2040 ab
2971 1983 3101 2056 ipso
3173 1980 3523 2040 auctoritate

1871 2073 2203 2146 apostolicis
2234 2073 2392 2130 sedis
2422 2072 2693 2142 repulsus
2723 2075 2814 2132 est
2839 2076 2897 2128 et
2942 2073 3273 2129 damnatus.
3304 2067 3521 2126 Exinde

1874 2163 2244 2236 perlustratis
2269 2164 2455 2233 terris,
2506 2164 2716 2233 rejecto
2748 2177 2983 2234 prorsus
3028 2160 3233 2218 habitu
3282 2175 3521 2218 monas-

1873 2253 2010 2320 tico,
2040 2253 2223 2310 iactus
2270 2256 2556 2326 apostata,
2606 2256 2670 2309 ut
2718 2251 2952 2325 parcius
2996 2250 3213 2319 dicam,
3256 2249 3416 2307 omni
3458 2265 3525 2307 se

1873 2342 2252 2400 dissolutioni
2272 2340 2501 2415 publice
2521 2339 2889 2413 mancipavit.
2903 2337 3230 2396 Novissime
3248 2337 3297 2395 si
3317 2338 3526 2409 mdes-

1873 2437 2053 2490 tatem
2084 2431 2463 2503 apostolicam
2496 2429 2589 2486 cui
2613 2430 2736 2487 hoc
2765 2432 2904 2486 nota
2932 2444 3060 2486 esse
3082 2444 3197 2485 non
3230 2429 3522 2500 poterant,

1871 2521 2295 2579 circumvenire
2324 2520 2648 2578 mendaciis
2677 2518 2983 2576 attentavit
3012 2533 3027 2575 ε
3059 2518 3216 2591 apud
3241 2533 3345 2575 ves
3374 2515 3524 2574 veri·

1877 2613 1982 2669 tati
2030 2617 2089 2670 et
2124 2612 2373 2684 justitiis
2424 2610 2801 2684 praejudicare
2869 2626 2985 2667 non
3034 2609 3225 2678 debet,
3276 2607 3371 2664 cui
3414 2623 3523 2666 nos

1873 2715 2099 2765 eorum,
2141 2715 2269 2772 ques
2319 2698 2596 2760 dicimus.
2647 2697 3013 2754 manifestam
3076 2695 3358 2752 faciemus
3422 2709 3526 2764 per

1875 2789 2073 2845 omnia
2102 2788 2425 2843 veritatem.
2446 2786 2621 2843 Scitis
2639 2789 2836 2842 autem
2858 2784 3227 2857 prudentiam
3248 2781 3523 2856 apostoli-

1874 2892 2009 2935 cam
2040 2875 2187 2932 nihil
2217 2875 2277 2932 in
2310 2876 2486 2933 rebus
2517 2875 2715 2932 dubiis
2746 2875 3041 2947 percipere
3071 2872 3401 2939 definitum,
3420 2870 3524 2928 sed

1875 2967 2074 3024 omnia
2096 2965 2372 3024 mandata
2381 2966 2512 3038 eJus
2524 2965 2916 3022 conditionem
2932 2962 3150 3021 habent
3163 2960 3524 3035 implicitam,

1875 3055 2119 3126 scilicet,
2149 3056 2201 3113 si
2242 3071 2442 3129 preces
2482 3054 2720 3112 veritate
2763 3053 3025 3111 nitantur
3061 3051 3262 3123 eisque
3308 3048 3526 3124 quibus

111 3156 298 3199 senam
355 3141 716 3215 respiciatis,
743 3142 834 3199 vir
878 3146 968 3201 est
1013 3144 1179 3215 cujus
1228 3144 1561 3217 prudentia,
1594 3146 1767 3217 cujus
1796 3120 1841 3189 c
1881 3144 2223 3218 hujusmodi
2255 3145 2534 3201 mandata
2563 3145 2882 3201 mittuntur
2909 3142 2967 3199 in
2999 3156 3231 3198 omnem
3260 3153 3525 3207 causam,

113 3228 410 3301 honestas,
443 3229 620 3302 cuius
664 3231 851 3288 virtus
877 3233 937 3288 et
981 3231 1270 3289 industria
1305 3233 1537 3304 publice
1570 3236 1769 3293 multis

114 3318 364 3393 ipsisque
381 3318 794 3393 probabilibus
809 3319 1458 3393 innotuitargumentis.
1474 3323 1530 3379 Si
1550 3325 1770 3381 factum

113 3406 414 3467 electionis
446 3408 786 3480 inquiritur,
826 3410 1116 3475 omnium,
1136 3413 1208 3468 ad
1240 3428 1388 3484 quos
1420 3413 1685 3485 pertinet,
1710 3415 1770 3472 in

113 3514 418 3572 mennam
443 3499 502 3571 el
515 3514 585 3556 us
616 3501 885 3558 unanimi
906 3502 1217 3560 concordia
1242 3508 1376 3560 vota
1394 3511 1769 3571 concurrunt,

113 3589 454 3660 statumque
484 3586 750 3645 Ecclesia
782 3589 982 3647 multis
1021 3590 1375 3648 labefactum
1406 3593 1772 3663 temporibus

115 3676 436 3735 certissime
467 3675 771 3734 confidunt
815 3678 1006 3750 ipsius
1036 3679 1466 3752 magnificentia
1495 3696 1769 3753 reparan-

113 3764 264 3824 dum.
303 3766 390 3823 De
435 3781 507 3823 eo
555 3770 752 3824 autem
798 3767 953 3840 quod
995 3767 1051 3825 ei
1097 3769 1170 3825 ab
1209 3767 1326 3838 his,
1357 3769 1428 3826 ad
1473 3786 1622 3842 quos
1655 3786 1770 3828 non

113 3853 384 3926 pertinet.
415 3857 542 3911 tam
591 3855 956 3913 mendaciter
1002 3872 1179 3929 quam
1228 3857 1631 3928 imprudenter
1666 3859 1770 3916 ob-

113 3942 328 4015 Jeetum
377 3948 496 4011 est,
541 3944 718 4002 certis
763 3944 1205 4017 probationibus
1257 3947 1551 4004 constabit
1608 3948 1771 4005 vobis

117 4032 248 4091 aihil
263 4049 402 4091 esse
431 4032 550 4091 nisi
573 4033 690 4091 odii
719 4038 778 4090 et
805 4034 1037 4091 invidias
1059 4035 1455 4107 questionem.
1479 4036 1594 4097 Nos
1616 4053 1772 4107 vero,

117 4122 322 4194 qsibus
343 4124 420 4179 de
451 4122 717 4195 proximo
737 4123 954 4181 certius
985 4129 1043 4181 et
1081 4123 1312 4181 facilius
1348 4126 1559 4183 veritas
1592 4128 1776 4200 potuit

33 4214 42 4287 j
119 4228 414 4285 apparere,
467 4212 539 4268 de
591 4210 940 4281 multorum,
987 4213 1200 4284 quibus
1248 4214 1394 4271 tides
1444 4216 1775 4273 adhibenda

33 4302 46 4563 ¹

121 4310 218 4371 est,
243 4301 511 4358 ereditur
541 4301 896 4370 testimonio,
924 4309 980 4359 et
1009 4302 1240 4375 publica
1269 4304 1593 4362 assertione
1625 4306 1778 4362 didi·

1877 3239 2073 3307 partes
2118 3233 2339 3305 judicis
2412 3233 2668 3306 cognitio
2727 3231 2944 3288 scilicet
2999 3237 3054 3287 et
3130 3225 3530 3302 pronuntiatio

1876 3327 2278 3381 reservantur.
2309 3322 2501 3388 Quieti
2529 3321 2708 3394 igitur
2747 3320 3083 3377 monasterii
3112 3322 3169 3376 et
3196 3315 3531 3376 claustralis

1875 3411 2203 3484 disciplinas
2254 3411 2538 3469 sanctitas
2585 3414 2778 3467 vestra
2825 3408 3144 3482 provideat,
3176 3424 3250 3465 ne
3284 3405 3527 3463 reducto

1878 3506 2116 3559 anctore
2162 3501 2514 3574 iniquitatis,
2566 3505 2907 3557 caeterorum
2974 3498 3075 3572 qui
3143 3512 3248 3569 per
3297 3509 3529 3568 poenam

1876 3590 2049 3650 istius
2095 3590 2334 3648 correcti
2365 3593 2505 3647 sunt
2551 3588 2858 3647 reviviscat
2885 3587 3148 3655 audacia,
3180 3590 3239 3643 et
3265 3582 3528 3656 exemplo

1873 3680 2056 3737 veniae
2099 3679 2459 3737 remissioris
2506 3680 2768 3750 ipsorum
2816 3678 3013 3735 denuo
3066 3673 3283 3731 malitia
3311 3687 3528 3731 conva-

1875 3769 2078 3828 lescat.

2646 3854 2763 3912 XC.

1964 3965 2158 4006 ronna
2180 3962 2614 4004 massam-mma
2644 3961 2716 4001 ns
2755 3960 2989 4008 Quanam
3023 3956 3433 3999 coaltissimus.

1950 4041 2167 4095 Causas
2189 4053 2315 4109 quis
2336 4038 2458 4094 sive
2476 4053 2546 4093 ex
2564 4035 2858 4091 ordinaria
2872 4032 3284 4105 jurisdictione
3305 4034 3526 4101 nostra,

1877 4130 2000 4186 sive
2030 4144 2099 4185 ex
2126 4126 2414 4200 superiori
2442 4125 2825 4197 delegatione,
2854 4124 2925 4179 ad
2978 4126 3239 4181 nostram
3286 4120 3526 4178 audien-

1879 4220 2017 4276 tiam
2048 4217 2448 4289 perferuntur,
2476 4215 2632 4272 sicut
2661 4213 2855 4270 media
2884 4214 3105 4270 ratione
3132 4211 3420 4281 decidere,
3440 4209 3528 4266 aie

1875 4307 2104 4364 decisas
2128 4309 2355 4378 oportet
2382 4304 2649 4362 veritatis
2674 4301 3012 4359 testimonio
3040 4298 3433 4367 communire,
3457 4313 3530 4356 ne
3640 4314 3648 4321 ·

63 5404 70 5417 ·
129 5374 328 5429 attrito
383 5371 608 5429 diutius
669 5372 929 5433 ecclesio
994 5373 1282 5432 desideria
1339 5378 1780 5447 convalescant,

123 4391 324 4460 simus,
357 4390 724 4449 nativitatem
765 4392 958 4463 buius,
988 4392 1061 4449 de
1089 4409 1207 4465 qua
1254 4395 1539 4465 queritur,
1571 4412 1772 4453 sacros
1878 4397 1954 4455 ad
1995 4396 2393 4451 renovandum
2455 4402 2617 4449 vetus
2665 4391 2914 4464 litigium
2978 4390 3242 4462 qualibet
3289 4388 3532 4447 audacia

123 4479 294 4551 patris
343 4478 585 4537 ordines
631 4482 1020 4553 processisse,
1069 4483 1382 4556 ipsumque
1431 4488 1656 4556 patrem
1704 4502 1771 4543 eo
1804 4474 1850 4538 D
1883 4484 2124 4559 quaestio
2146 4483 2401 4541 rediviva
2433 4486 2767 4555 consurgat.
2782 4481 3033 4537 Causam
3070 4480 3269 4552 igitur,
3290 4494 3418 4551 quo
3449 4476 3532 4532 in·

122 4568 374 4641 hmpore
423 4566 604 4635 licite,
633 4568 685 4625 si
727 4574 1130 4643 preoptasset,
1161 4571 1413 4628 militare
1458 4572 1546 4629 vel
1575 4574 1773 4631 matri·
1880 4579 1970 4632 ter
1989 4572 2378 4631 venerabilem
2400 4573 2631 4629 fratrem
2656 4576 2924 4627 nostrum
2946 4569 3242 4625 Simonem
3263 4566 3529 4623 abbatem

125 4657 382 4715 nonium
435 4656 778 4715 contrahere
822 4660 1096 4731 potuisse.
1128 4660 1293 4732 Agite
1340 4661 1541 4734 itaque
1587 4667 1646 4720 et
1672 4680 1772 4721 ca·
1883 4663 2081 4721 Sancti
2100 4664 2359 4720 Androeae
2380 4667 2435 4718 et
2456 4662 2665 4718 fratres
2687 4656 2999 4730 Hospitalis
3021 4652 3531 4727 Hierosolymitani

123 4743 406 4804 lumniam
457 4744 630 4817 banc,
661 4762 836 4820 quam
885 4762 1002 4805 non
1044 4747 1281 4806 aliunde
1328 4764 1502 4821 quam
1533 4752 1604 4808 de
1649 4753 1772 4810 zelo
1885 4769 2063 4824 super
2081 4756 2427 4809 testamento
2448 4749 2695 4807 illustris
2726 4748 2833 4803 viri
2856 4744 3117 4817 Engonis
3146 4743 3217 4799 de
3248 4742 3393 4798 Pinn
3414 4754 3534 4796 ver-

127 4835 358 4893 salitio
389 4833 842 4907 deprehendetis
878 4841 1162 4909 exortam,
1194 4839 1519 4896 secundum
1570 4841 1775 4899 datum
1887 4842 2140 4909 tebatur,
2173 4857 2240 4898 ex
2269 4839 2590 4913 apostolica
2618 4836 2974 4906 delegatione
3010 4830 3378 4903 suscepimus
3407 4829 3535 4886 sine

123 4924 274 4982 vebis
307 4939 346 4979 a
373 4922 498 4981 Deo
523 4923 800 4996 spiritum
839 4927 900 4983 et
929 4929 1272 4998 potestatem
1316 4928 1508 4986 media
1555 4931 1781 4990 ratione
1887 4928 2292 5002 appellationis
2308 4925 2611 4985 obstaculo
2627 4918 3322 4982 terminandam.Auditis
3342 4918 3539 4990 itaque

125 5012 418 5083 mentite,
451 5027 556 5069 nee
587 5016 717 5073 vota
744 5014 1004 5073 ecclesio
1029 5014 1320 5073 ludificari
1372 5017 1596 5076 diutius
1625 5020 1779 5078 dila·
1893 5018 2200 5090 utriusque
2228 5017 2411 5089 partis
2441 5012 2889 5087 allegationibus
2920 5026 3055 5066 cum
3090 5007 3427 5067 meticulosa
3446 5007 3538 5078 jn·

127 5102 268 5172 &⁰1¹⁰
309 5102 510 5174 duim
557 5104 942 5174 pflmistflfisst
976 5105 1076 5162 sed
1117 5104 1346 5177 injurioe
1396 5106 1530 5165 huic
1567 5109 1778 5168 debitis
1893 5107 2030 5165 dicii
2080 5105 2393 5164 necessitas
2440 5104 2729 5160 videretur
2772 5101 3011 5170 instare,
3048 5103 3247 5156 nostro
3295 5113 3358 5154 se
3404 5110 3538 5167 pars

127 5190 552 5251 benedictionis
577 5191 806 5251 indulto
836 5194 1028 5267 ipsum
1058 5210 1234 5265 quam
1283 5195 1453 5253 citius
1483 5199 1557 5255 sd
1589 5199 1783 5257 eccle-
1898 5202 2100 5268 utraqe
2129 5194 2419 5254 commisit
2450 5190 2689 5250 arbitrio
2718 5193 2777 5248 et
2804 5189 3055 5263 litigium
3103 5200 3275 5245 omne
3307 5200 3406 5256 per
3432 5198 3540 5240 noe

125 5282 256 5341 11111
305 5281 640 5345 destituto.
671 5289 734 5340 ut
761 5299 831 5341 ex
880 5284 987 5342 boc
1018 5299 1126 5340 nec
1174 5283 1234 5340 in
1267 5302 1428 5358 spem
1476 5287 1780 5349 meliorem
1897 5286 2191 5347 amicabili
2212 5283 2639 5357 compositione
2658 5281 2915 5354 sopitum
2937 5275 3352 5348 est.Siquidem
3371 5287 3544 5345 pecu-

1898 5378 2079 5442 niam,
2094 5392 2217 5447 quae
2238 5374 2389 5447 apud
2416 5371 2757 5446 praedictum
2778 5368 3045 5427 abbatem
3066 5384 3099 5423 a
3120 5362 3542 5438 pronominato

1899 5466 2111 5524 illustri
2130 5464 2253 5521 viro
2286 5463 2591 5520 dicebatur
2618 5460 2801 5517 fuisse
2819 5459 2877 5515 in
2907 5456 3167 5527 deposito
3198 5451 3539 5523 constituta,

1899 5558 1964 5615 in
1995 5552 2352 5614 necessarias
2371 5558 2427 5609 et
2454 5551 2583 5624 pias
2604 5564 2813 5608 causas
2832 5545 3157 5605 secundum
3174 5544 3434 5601 tenorem
3455 5545 3540 5599 te·

131 5474 296 5535 seque
341 5459 730 5536 populusille
773 5466 991 5536 optato
1037 5463 1464 5524 consolationis
1512 5469 1788 5528 subsidio

135 5552 336 5623 nudat
369 5553 736 5609 amentum.
