3784 6000
144 214 283 279 ¹17³

816 342 1114 400 Lxxxvn.

131 430 230 486 Ad
241 428 653 515 [willelmum]
675 432 1005 489 lismensem
1020 432 1530 502 archiepiscopum
1540 472 1553 485 .
1564 463 1626 474 —
1643 433 1788 501 Que-

199 510 361 559 rntur
378 504 538 576 quod
553 505 747 560 solvat
777 503 990 569 tinctos
1022 505 1100 562 ab
1119 504 1387 575 episcopo
1424 502 1782 562 Belvacensi.

682 590 955 665 (velletri,
983 593 1118 649 Jun.
1154 593 1234 664 9.)

750 680 954 755 mid„
1013 683 1159 754 622]

202 769 401 826 Lucius
434 769 774 841 episcopus,
813 785 1019 826 servus
1051 785 1361 828 servorum
1396 770 1515 836 Dei,
1544 785 1787 827 venera-

127 857 229 914 bili
260 856 423 916 fratri
449 859 720 915 Remensi
767 859 1237 932 archiepiscopo,
1284 861 1515 917 Sanctoe
1560 858 1786 917 Sabinoe

127 945 435 1010 cardinali.
464 948 808 1019 apostolicus
836 949 998 1005 sedis
1031 949 1247 1020 legato,
1274 950 1526 1006 salutem
1555 952 1613 1005 et
1645 963 1787 1020 apo-

127 1033 399 1092 stolicam
422 1035 919 1093 benedictionem.

196 1123 346 1179 Cum
359 1129 656 1196 quantum
685 1125 1083 1183 venerabilem
1115 1124 1356 1183 fratrem
1377 1130 1651 1183 nostrum
1680 1125 1780 1180 Ph.

128 1212 543 1269 Belvacensem
571 1214 922 1286 episcopum
944 1231 1017 1272 ex
1032 1215 1233 1271 causis
1248 1214 1525 1287 pluribus
1542 1208 1785 1277 diligere

124 1300 347 1358 debeas
373 1305 427 1357 et
482 1303 841 1376 propensius
872 1303 1189 1368 bonorare,
1247 1302 1626 1361 fraternitatis
1666 1308 1781 1360 tuoe

122 1389 443 1462 prudentia
461 1405 582 1447 non
612 1393 1051 1464 ignoret,grave
1068 1393 1333 1463 gerimus
1360 1391 1694 1449 admodum
1723 1397 1781 1449 et

125 1476 441 1535 molestum
471 1479 658 1551 quod,
683 1480 916 1536 sicutex
941 1482 1375 1553 conquestione
1396 1480 1583 1552 ipsius
1613 1479 1781 1538 audi-

122 1567 338 1633 vimus,
368 1569 749 1639 parochianis
770 1569 946 1637 illius,
974 1586 1128 1642 quos
1150 1586 1260 1642 pro
1291 1571 1417 1629 suis
1437 1570 1780 1628 excessibus

1141 219 1507 279 merom
1540 212 1632 277 ετ
1658 198 2102 277 'PRMLEG1A.
2143 249 2208 262 -
2246 218 2364 276 An.
2401 218 2563 278 uss.

1822 326 1869 397 Ἀ
1902 341 2096 399 Ιατίω
2130 341 2205 399 de
2222 342 2551 410 mircevalli,
2586 344 2648 400 in
2687 360 2810 418 qua
2839 343 3045 401 divino
3069 341 3211 400 estis
3233 342 3570 415 mancipati

3393 192 3564 277 ‘'i'm

1903 429 2213 504 obsequio,
2241 432 2357 488 sub
2382 432 2540 490 beati
2568 433 2714 490 Petri
2746 438 2803 490 et
2827 437 3028 490 nostra
3041 430 3411 504 protectione
3439 448 3569 489 sus·

1900 520 2154 590 cipimus
2182 526 2238 577 et
2277 523 2585 593 proesentis
2624 522 2827 595 scripti
2875 520 3187 594 privilegio
3219 522 3566 577 communi-

1900 625 2056 676 mus,
2079 609 2375 682 imprimis
2393 611 2691 684 siquidem
2721 615 3045 669 statuentes
3062 614 3122 665 ut
3143 608 3294 665 ordo
3319 610 3565 668 canoni-

1899 713 2024 766 cus,
2057 698 2160 770 qui
2191 699 2525 756 secundum
2543 701 2752 767 Deum,
2773 705 2830 757 et
2854 699 3011 757 beati
3036 697 3346 767 Augustini
3369 699 3562 767 Regu-

1898 786 2016 843 lam
2058 791 2237 860 atque
2276 787 2705 845 institutionem
2743 786 3401 846 Praemonstratensium
3444 785 3561 843 fra-

1898 882 2054 931 trum
2084 876 2142 931 in
2173 876 2385 932 eadem
2416 877 2667 934 ecclesia
2687 878 2990 935 institutus
3012 891 3144 932 esse
3166 872 3556 944 dignoscitur,

1896 964 2198 1036 perpetuis
2215 965 2435 1022 ibidem
2459 963 3262 1038 temporibusiuviolabiliter
3272 961 3560 1020 observe-

1896 1053 2722 1128 tur.Praetereu,quascunque
2740 1055 3560 1128 possessiones‚quoecunque

1896 1141 2057 1199 bona
2084 1142 2297 1199 eadem
2327 1145 2582 1201 ecclesia
2609 1145 2666 1200 in
2699 1143 3161 1216 praesentiarum
3189 1142 3347 1212 juste
3368 1143 3427 1197 et
3456 1156 3554 1197 ca-

1893 1231 2108 1287 nonice
2121 1230 2405 1302 possidet,
2432 1236 2535 1288 aut
2561 1233 2620 1288 in
2649 1232 2917 1289 futurum
2945 1231 3332 1287 concessione
3361 1229 3556 1302 ponti·

1892 1319 2098 1384 ficum,
2129 1319 2442 1390 largitione
2470 1336 2681 1391 regum
2711 1320 2801 1376 vel
2832 1319 3197 1392 principum,
3252 1316 3556 1374 oblatione

1892 1406 2159 1464 fidelium
2191 1423 2295 1464 seu
2322 1408 2456 1464 aliis
2478 1409 2655 1480 justis
2690 1409 2905 1473 modis,
2928 1410 3252 1480 praestante
3281 1404 3552 1475 Domino,

1891 1496 2563 1568 poteritadipisci,firma
2577 1497 2750 1555 vobis
2764 1496 3092 1569 vestrisque
3110 1494 3559 1551 successoribus

1890 1589 1948 1642 et
1967 1584 2190 1642 illibata
2209 1591 2619 1656 permaneant.
2643 1588 2707 1643 In
2721 1586 2941 1660 quibus
2958 1586 3087 1642 haec
3103 1583 3360 1657 propriis
3385 1582 3555 1640 duxi-

122 1655 287 1729 ligat,
319 1673 389 1713 eo
420 1658 777 1723 inconsulto,
806 1658 1071 1716 absolvis
1106 1682 1118 1725 ς
1166 1659 1226 1715 in
1252 1675 1375 1732 quo
1404 1675 1526 1716 non
1564 1675 1779 1732 parum
1818 1700 1857 1755 Β
1895 1690 2030 1730 mus
2049 1674 2446 1746 exprimenda
2477 1675 2788 1733 vocabulis
2823 1691 2837 1731 ς

124 1744 462 1802 auctoritati
504 1746 636 1818 ejus
682 1746 1012 1804 detrahitur
1039 1751 1098 1805 et
1135 1747 1369 1805 honori.
1402 1747 1577 1815 Sane,
1630 1747 1783 1805 sicut
1862 1769 1887 1782 ·

121 1848 194 1889 eo
214 1833 585 1904 significante
623 1835 990 1908 accepimus,
1021 1852 1158 1893 eum
1216 1836 1476 1893 nobilem
1509 1836 1701 1893 virum
1726 1841 1784 1893 et

121 1922 400 1979 comitem
417 1923 798 1982 Clarimontis
835 1924 1460 1990 excommunicationi,
1481 1928 1543 1981 et.
1564 1929 1779 1983 terram

123 2011 255 2082 ejus
288 2011 625 2079 interdicto,
655 2013 730 2070 de
759 2013 1048 2071 mandato
1077 2018 1178 2071 tuo
1204 2019 1261 2071 et
1299 2013 1551 2071 consilio
1582 2014 1784 2086 subje-

122 2099 317 2166 cisset,
359 2100 412 2157 ei
452 2100 579 2158 sine
601 2100 1004 2159 satisfactione
1029 2101 1239 2175 aliqua
1276 2118 1385 2174 pro
1411 2101 1655 2159 arbitrio
1684 2109 1781 2159 tuo

121 2187 519 2246 absolutionis
549 2190 906 2248 beneficium
933 2190 1297 2263 impendisti,
1322 2192 1668 2266 juramento
1696 2208 1784 2249 re·

121 2280 315 2348 cepto,
335 2278 440 2334 sed
467 2278 611 2334 nihil
646 2281 722 2336 ad
756 2279 1226 2337 satisfactionem
1263 2281 1593 2352 pertinente
1638 2296 1785 2351 ρω-

122 2364 345 2437 cepisti.
380 2366 673 2433 Quoniam
711 2382 856 2438 ergo
893 2373 1126 2442 quanto
1178 2369 1466 2425 sincerius
1502 2369 1786 2425 eumdem

122 2454 475 2527 episcopum
498 2472 608 2513 sua
621 2461 676 2512 et
697 2472 946 2513 suorum
959 2456 1437 2514 consideratione
1458 2457 1785 2527 diligimus,

120 2548 179 2599 et
206 2542 501 2601 honorem
528 2544 683 2601 illius
722 2545 1024 2602 liberrime
1046 2561 1478 2604 conservamus
1506 2546 1785 2614 illaesum‚

121 2636 288 2689 tanto
322 2634 520 2690 minus
537 2634 816 2692 volumus
836 2636 1000 2707 quod
1031 2636 1090 2691 in
1120 2636 1252 2707 ejus
1289 2635 1590 2692 redundat
1637 2635 1788 2707 inju-

118 2720 270 2776 riam
313 2723 625 2787 sustinere.
650 2722 997 2780 fraternitati
1024 2729 1140 2781 tuae
1159 2724 1508 2781 auctoritate
1544 2729 1790 2795 aposto·

117 2810 233 2866 lica
263 2811 678 2881 prohibemus,
706 2828 782 2869 ne
810 2813 1084 2884 dignitati
1121 2813 1255 2879 eius
1284 2813 1344 2868 in
1372 2813 1577 2887 aliquo
1613 2813 1792 2869 dero-

124 2912 257 2975 ges,
292 2919 482 2957 ποι-μω
513 2902 836 2958 sententias
870 2917 1024 2974 quas
1050 2904 1178 2974 ipse
1199 2901 1529 2972 protulerit,
1552 2902 1612 2958 in
1635 2902 1791 2973 eius-

115 2993 255 3050 dem
283 2990 507 3050 releves
539 2990 951 3063 dispendium,
994 2991 1082 3048 vel
1113 3006 1439 3062 gravamen
1474 3007 1488 3045 ε
1522 2990 1787 3063 alioquin

114 3089 655 3156 quantumcunque
686 3079 806 3143 tibi.
839 3080 989 3136 sicut
1020 3078 1341 3137 venerabili
1368 3079 1532 3137 fratri
1566 3086 1623 3136 et
1669 3096 1794 3138 ma·
1828 3054 1873 3112 C

115 3189 232 3246 gno
262 3170 532 3228 Ecclesiae
553 3168 826 3226 membro
840 3169 1113 3234 velimus,
1135 3183 1467 3239 gravamen
1496 3168 1653 3225 illius
1671 3183 1791 3226 non

117 3260 446 3335 poterimus
466 3258 803 3330 relinquere
831 3258 1257 3315 incorrectum.

192 3350 408 3407 Datum
433 3346 760 3414 velletri,1v
787 3350 989 3404 Nonas
1041 3345 1219 3403 Junii.

786 3437 915 3492 Lxx
926 3434 1118 3491 xv111.

123 3528 432 3584 Monac-his
457 3527 518 3583 S.
568 3524 878 3581 Panes-atii
924 3523 1188 3580 concedit
1212 3538 1283 3581 ne
1322 3522 1435 3594 filii
1462 3538 1661 3581 eorum
1686 3508 1793 3595 qui

191 3599 466 3656 ecclesias
514 3595 855 3653 monasterii
913 3595 1236 3662 tenuerint,
1301 3595 1457 3664 ipsas
1510 3596 1789 3654 ecclesias

185 3673 328 3740 sure
354 3665 729 3726 successionis
755 3665 1036 3724 habeant.

123 3757 312 3830 (Hanc
336 3755 590 3822 bullam,
621 3771 758 3829 quoe
789 3758 877 3812 est
928 3753 1086 3811 Lucii
1137 3751 1230 3821 lll,
1276 3755 1459 3813 Mansi
1517 3753 1790 3813 Consilia

195 3848 400 3913 secuti,
431 3845 608 3903 Lucio
621 3845 668 3901 11
685 3860 803 3901 non
816 3847 971 3901 recte
985 3843 1326 3900 tribuimus.
1354 3843 1499 3901 Vide
1514 3843 1787 3903 Patr-olo-

191 3936 304 4008 yiae
334 3940 372 3992 t.
407 3929 646 4004 chxx,
683 3933 743 3990 in
784 3933 965 3990 Lucio
1010 3933 1076 4000 ll,
1113 3932 1224 3988 sub
1256 3948 1425 3989 num.
1460 3932 1577 4006 st.)

758 4109 952 4168 ANNO
1000 4114 1017 4165 l
1036 4113 1051 4165 l
1062 4112 1152 4168 83.

815 4270 1085 4327 Lxxxlx.

1967 1770 2188 1827 Locum
2241 1771 2440 1844 ipsum
2505 1773 2565 1829 in
2650 1788 2772 1844 quo
2834 1770 3084 1844 praefata
3131 1768 3384 1826 ecclesia
3442 1768 3556 1826 sita

1892 1863 1983 1917 est
2011 1875 2150 1916 cum
2179 1859 2464 1917 omnibus
2483 1860 2851 1932 pertinentiis
2874 1859 2998 1916 suis
3032 1876 3047 1924 ;
3080 1856 3281 1914 locum
3323 1855 3556 1914 Morini·

1891 1948 2065 2006 vallis
2090 1965 2228 2005 cum
2250 1949 2534 2006 omnibus
2560 1948 2930 2023 pertinentiis
2950 1946 3107 2013 suis;
3136 1961 3318 2019 quem
3348 1945 3552 2001 Petrus

1892 2036 2182 2096 Tullensis
2219 2037 2544 2109 episcopus
2573 2036 2842 2094 ecclesias
2889 2039 3101 2092 vestrae
3154 2033 3469 2098 concessit,
3498 2040 3555 2089 et

1895 2125 2095 2197 scripti
2122 2125 2214 2181 sui
2228 2126 2563 2183 munimine
2581 2124 2977 2184 roboravitad
2998 2122 3321 2180 oratorium
3347 2120 3430 2177 ibi
3443 2137 3552 2178 vo-

1895 2215 1988 2272 bis
2017 2214 2360 2272 faciendum
2394 2230 2408 2282 ;
2458 2215 2753 2287 capellam
2782 2213 2857 2271 de
2886 2211 3136 2269 Brisseio
3160 2215 3377 2275 castro,
3409 2225 3552 2267 cum

1896 2302 2303 2362 oblationibus
2352 2307 2409 2360 et
2451 2303 2580 2359 aliis
2619 2302 2984 2375 pertinentiis
3048 2300 3172 2357 suis
3200 2298 3552 2369 ;ecclesiam

1897 2391 2304 2463 parochialem
2326 2391 2400 2448 de
2423 2390 2703 2459 Brisseio,
2736 2407 2873 2448 cum
2900 2389 3059 2456 villa,
3086 2387 3358 2454 decimis,
3385 2385 3556 2444 obla·

1899 2479 2162 2538 tionibus
2191 2484 2248 2536 et
2273 2480 2403 2537 aliis
2419 2479 2789 2553 pertinentiis
2815 2479 2959 2535 suis.
2985 2476 3247 2534 croadas
3276 2475 3553 2548 proprias

1899 2584 2053 2643 quas
2079 2568 2240 2626 idem
2286 2569 2610 2641 episcopus
2659 2568 2831 2625 vobis
2861 2566 3174 2631 concessit,
3200 2564 3552 2621 eidemloco

1900 2658 2241 2729 adjacentes
2266 2673 2405 2731 quae
2442 2657 2883 2730 protenduntur
2911 2671 3100 2727 usque
3124 2653 3202 2711 ad
3237 2652 3559 2709 Morinum·

1905 2750 2166 2813 monten,
2193 2747 2344 2803 etde
2374 2746 2588 2803 eodem
2621 2751 2826 2803 monte
2855 2746 2913 2801 in
2952 2743 3133 2817 plano
3162 2741 3459 2814 superius,
3499 2743 3558 2798 et

1901 2835 1960 2891 ln
1979 2835 2133 2893 clivo
2147 2835 2416 2902 inferius,
2431 2834 2805 2891 sicutdividit
2829 2832 3046 2889 semita
3063 2846 3200 2903 quoe
3214 2829 3287 2886 de
3310 2828 3556 2886 castello

1882 2923 2271 2981 descendens
2293 2925 2476 2980 tendit
2504 2923 2583 2981 ad
2615 2923 2796 2994 plana
2815 2921 3033 2979 montis
3067 2918 3344 2991 superius
3367 2931 3558 2991 usque

1903 3014 1980 3071 ad
2011 3013 2236 3071 fontem
2261 3014 2468 3088 quide
2489 3014 2643 3070 clivo
2664 3012 2852 3085 ipsius
2885 3009 3109 3068 montis
3136 3007 3365 3076 defluit,
3397 3010 3456 3064 et
3490 3005 3557 3064 li-

1904 3102 2116 3160 berum
2129 3118 2305 3160 usum
2320 3103 2734 3161 communium
2761 3105 3147 3174 pasturarum
3177 3095 3376 3155 omnis
3388 3109 3562 3167 gene·

1902 3192 1984 3248 ris
2011 3190 2368 3249 animalium
2401 3191 2803 3264 profuturum,
2837 3189 2899 3246 in
2927 3193 3049 3245 toto
3082 3187 3288 3243 banno
3331 3182 3564 3258 praefati

1903 3278 2150 3344 castelli,
2178 3279 2356 3337 laude
2387 3285 2444 3337 et
2473 3295 2728 3336 assensu
2751 3277 2998 3335 Gerardi
3041 3273 3339 3340 advocati,
3372 3287 3444 3329 ea
3471 3287 3563 3328 ra-

1903 3369 2081 3433 tione,
2104 3373 2186 3435 ut,
2209 3368 2259 3424 si
2277 3367 2606 3441 aliquando
2640 3368 2852 3424 fratres
2883 3365 3060 3421 vestri
3076 3361 3562 3419 alicuidamnum

1905 3457 2167 3526 fecerint,
2201 3456 2331 3513 sine
2359 3456 2737 3527 placitatione
2768 3459 2824 3510 et
2853 3453 3016 3510 omni
3049 3450 3357 3507 exactione
3391 3448 3564 3505 dam-

1900 3560 2047 3601 num
2096 3546 2190 3600 cui
2221 3544 2452 3600 illatum
2480 3543 2653 3600 fuerit
2691 3542 3023 3600 restituant.
3059 3540 3212 3596 Sane
3251 3535 3559 3594 novalium

1901 3639 2233 3691 vestrorum
2245 3649 2380 3706 quae
2393 3633 2648 3705 propriis
2664 3630 2946 3689 manibus
2959 3622 3567 3699 autsumptibuscoli·

1899 3723 1995 3791 tis,
2010 3723 2132 3779 sive
2148 3722 2224 3778 de
2243 3721 2623 3779 nutrimentis
2639 3719 2993 3778 animalium
3009 3721 3341 3773 vestrorum
3358 3709 3562 3769 nullus

1898 3828 1935 3870 a
1960 3811 2130 3869 vobis
2150 3812 2415 3869 decimas
2438 3812 2675 3882 exigere
2712 3812 2816 3867 aut
2838 3812 3192 3879 extorquere
3211 3806 3560 3876 praesumat.

1969 3900 2168 3958 Liceat
2191 3915 2438 3974 quoque
2464 3900 2635 3957 vobis
2666 3898 2909 3956 clericos
2936 3895 3032 3952 vel
3068 3894 3256 3952 laicos
3280 3907 3311 3947 e
3341 3891 3562 3950 sarculo

1900 3989 2191 4061 fugientes
2214 3990 2436 4047 liberos
2461 3994 2518 4047 et
2544 3988 2852 4047 absolutos
2877 3986 2955 4044 ad
2981 3983 3440 4042 conventionem
3466 3991 3565 4039 re-

1899 4079 2096 4146 cipere
2111 4082 2168 4135 et
2181 4092 2285 4134 eos
2316 4079 2550 4152 absque
2567 4075 3037 4135 contradictione
3058 4072 3262 4145 aliqua
3285 4071 3557 4128 retinere.

1902 4166 2291 4225 Prohibemus
2302 4167 2546 4241 insuper
2562 4172 2625 4224 ut
2641 4165 2789 4223 nulli
2806 4164 3053 4222 fratrum
3075 4166 3410 4218 vestrorum
3425 4165 3564 4232 post

1903 4254 2124 4312 factam
2154 4256 2214 4311 in
2239 4256 2453 4314 eodem
2474 4256 2608 4314 loco
2638 4251 3059 4329 professiouen
3089 4249 3182 4308 fas
3227 4249 3302 4307 sit
3328 4247 3564 4321 absque

125 4360 474 4417 Monasterii
523 4359 585 4417 S.
661 4358 872 4416 Maria
936 4357 1311 4415 uim-vam,
1373 4359 1792 4423 mma-nonem
1904 4343 2143 4402 abbatis
2172 4344 2264 4401 sui
2292 4345 2533 4403 licentia
2561 4345 2638 4403 de
2665 4359 2737 4401 eo
2757 4342 3067 4401 discedere
3106 4336 3562 4407 ;discedentem

200 4431 442 4503 suscipit
467 4433 735 4503 bonaque
761 4445 832 4488 ac
852 4430 1171 4501 privileqia
1210 4431 1543 4500 confirmat.

662 4519 939 4591 (velletri,
983 4520 1115 4576 Jan.
1150 4519 1259 4590 ¹2.)

197 4611 396 4686 [linem
425 4609 680 4668 Annales
708 4610 1072 4676 Praemonst.,
1103 4613 1142 4665 t.
1175 4610 1238 4675 ll,
1270 4607 1527 4674 Probat..
1552 4623 1610 4681 p.
1646 4606 1794 4683 ¹71.]

202 4704 400 4758 Lucius
430 4701 766 4772 episcopus,
822 4714 1030 4754 servus
1063 4713 1373 4754 servorum
1414 4697 1537 4764 Dei,
1568 4697 1798 4756 dilectis

127 4790 261 4846 filiis
289 4789 605 4846 Gunszssuo
640 4786 845 4844 abbati
876 4792 933 4841 et
957 4786 1221 4843 ecclesias
1249 4787 1480 4844 Sanctoe
1500 4786 1693 4844 Uarioe
1722 4787 1798 4843 de

130 4875 448 4944 Miraevalli,
463 4878 714 4950 ejusque
737 4875 1042 4940 fratribus,
1057 4880 1179 4932 tam
1198 4875 1597 4946 praesentibus
1610 4890 1799 4949 qnam

126 4965 359 5030 futuris,
386 4967 716 5033 regularem
748 4965 928 5020 vitam
962 4963 1266 5035 professis,
1296 4964 1356 5020 in
1383 4968 1761 5037 perpetuum.

202 5054 556 5123 Religiosam
574 5054 759 5111 vitam
783 5052 1157 5125 exigentibus
1171 5051 1801 5123 apostolicumadesae

132 5143 412 5198 convenit
433 5143 796 5214 praesidium,
832 5157 903 5196 ne
933 5139 1080 5197 forte
1108 5140 1422 5213 cujuslibet
1456 5140 1801 5200 temeritatis

137 5232 433 5296 incursus,
466 5236 568 5287 aut
601 5247 703 5288 eos
744 5248 780 5288 a
828 5229 1142 5302 proposito
1190 5234 1449 5296 revocet,
1478 5234 1587 5287 aut
1622 5231 1837 5288 robur-

138 5319 331 5390 (quod
362 5319 517 5375 absit
541 5319 581 5390 i)
611 5335 797 5376 sacrm
820 5317 1125 5389 religionis
1146 5318 1803 5391 infringat.Eapropte1-2

141 5407 343 5465 dilecti
365 5408 424 5464 in
445 5406 697 5464 domino
732 5407 858 5476 filii,
894 5406 1103 5464 vestris
1111 5406 1289 5478 justis
1303 5406 1810 5480 postulationibus

144 5496 470 5555 clementer
480 5493 829 5564 annuimus,
845 5500 906 5555 et
918 5494 1234 5570 prefatam
1248 5495 1562 5556 ecelesiam
1581 5498 1810 5558 sanetas

1829 4411 1872 4468 D
1904 4447 2048 4489 vero
2072 4432 2203 4490 sine
2228 4433 2648 4492 communium
2694 4432 3025 4489 litterarum
3053 4429 3333 4486 cautione
3362 4423 3566 4483 nullus

1906 4521 2128 4578 audeat
2152 4522 2422 4580 retinere.
2478 4525 2588 4579 Pro
2617 4521 2942 4578 chrismate
2998 4532 3161 4584 vero,
3194 4515 3328 4572 oleo
3366 4527 3562 4581 sacro,

1906 4610 2458 4668 consecrationibus
2468 4610 2859 4668 ecclesiarum
2870 4648 2883 4670 .
2897 4603 3381 4663 ordinationibus
3399 4600 3565 4659 cleri·

1907 4714 2139 4769 corum,
2170 4700 2273 4772 qui
2300 4701 2380 4757 ad
2414 4714 2617 4757 sacros
2637 4697 2879 4756 ordines
2902 4694 3121 4752 fuerint
3145 4687 3560 4764 promovendi,

1908 4786 2032 4844 sive
2044 4801 2155 4860 pro
2165 4788 2384 4844 abbate
2396 4785 2752 4845 deducendo
2779 4784 2858 4842 ad
2872 4783 3078 4841 sedem
3093 4780 3182 4838 vel
3193 4775 3566 4853 quibuslibet

1911 4876 2041 4934 aliis
2074 4876 2486 4935 ecclesiasticis
2517 4874 2910 4933 sacramentis
2934 4871 3137 4930 nullus
3181 4886 3218 4929 a
3245 4867 3420 4926 vobis
3463 4870 3570 4926 ant

1909 4963 2026 5021 snb
2062 4964 2311 5022 obtentu
2330 4963 2803 5029 consuetudinis,
2832 4965 2934 5020 aut
2953 4956 3353 5033 quolibetalio
3384 4954 3568 5014 modo

1910 5052 2250 5127 quidquam
2281 5054 2501 5111 audeat
2533 5052 2856 5127 postulare.
2875 5049 2937 5107 Si
2968 5049 3105 5123 quis
3126 5050 3332 5106 autem
3360 5047 3572 5103 contra

1910 5142 2026 5200 hoc
2054 5142 2256 5200 venire
2283 5142 2756 5216 praesumpserit,
2791 5139 3132 5213 portionem
3154 5152 3296 5194 cum
3321 5134 3476 5194 Giezi
3505 5147 3570 5191 se

1912 5231 2148 5288 noverit
2181 5231 2551 5300 habiturum,
2574 5231 2748 5303 cujus
2769 5230 2996 5287 factum
3041 5227 3356 5285 exactione
3381 5222 3572 5298 turpis

1918 5320 2182 5377 muneris
2211 5319 2481 5378 imitatur
2500 5320 2854 5392 (IVReqs).
2886 5317 3139 5374 Licitum
3172 5315 3248 5371 sit
3271 5314 3452 5372 etiam
3469 5327 3576 5371 vo·

1916 5407 2006 5465 bis
2038 5409 2099 5466 in
2133 5408 2330 5466 causis
2353 5409 2567 5466 vestris
2594 5408 2803 5467 fratres
2850 5410 3050 5465 vestro
3092 5405 3344 5463 idoneos
3387 5399 3468 5462 ad
3495 5404 3578 5459 te-

1919 5496 2304 5562 stificandum
2325 5497 2645 5564 adducere,
2661 5500 2841 5573 atque
2860 5496 3132 5571 ipsorum
3149 5489 3509 5566 testimonio,
3525 5489 3575 5549 si
