<?xml version="1.0" encoding="UTF-8"?>
<!DOCTYPE html PUBLIC "-//W3C//DTD XHTML 1.0 Transitional//EN"
    "http://www.w3.org/TR/xhtml1/DTD/xhtml1-transitional.dtd">
<html xmlns="http://www.w3.org/1999/xhtml" xml:lang="en" lang="en">
 <head>
  <title>
</title>
<meta http-equiv="Content-Type" content="text/html;charset=utf-8" />
  <meta name='ocr-system' content='tesseract 3.04.00' />
  <meta name='ocr-capabilities' content='ocr_page ocr_carea ocr_par ocr_line ocrx_word'/>
</head>
<body>
  <div class='ocr_page' id='page_1' title='image "./patrologiaecurs32goog_0216.png"; bbox 0 0 3784 6000; ppageno 0'>
   <div class='ocr_carea' id='block_1_1' title="bbox 146 248 285 310">
    <p class='ocr_par' dir='ltr' id='par_1_1' title="bbox 146 248 285 310">
     <span class='ocr_line' id='line_1_1' title="bbox 146 248 285 310; baseline -0.014 0"><span class='ocrx_word' id='word_1_1' title='bbox 146 256 151 261; x_wconf 84' lang='lat'>&#39;</span> <span class='ocrx_word' id='word_1_2' title='bbox 167 248 285 310; x_wconf 70' lang='lat'><strong>423</strong></span> 
     </span>
    </p>
   </div>
   <div class='ocr_carea' id='block_1_2' title="bbox 1242 236 2512 302">
    <p class='ocr_par' dir='ltr' id='par_1_2' title="bbox 1242 236 2512 302">
     <span class='ocr_line' id='line_1_2' title="bbox 1242 236 2512 302; baseline -0.003 -1"><span class='ocrx_word' id='word_1_3' title='bbox 1242 236 1672 301; x_wconf 80' lang='lat' dir='ltr'><strong>GUILLELMI</strong></span> <span class='ocrx_word' id='word_1_4' title='bbox 1713 238 2102 302; x_wconf 80' lang='lat' dir='ltr'>TYRENSIS</span> <span class='ocrx_word' id='word_1_5' title='bbox 2145 236 2512 300; x_wconf 78' lang='lat' dir='ltr'><strong>AnoutEP.</strong></span> 
     </span>
    </p>
   </div>
   <div class='ocr_carea' id='block_1_3' title="bbox 3454 228 3576 294">
    <p class='ocr_par' dir='ltr' id='par_1_3' title="bbox 3454 228 3576 294">
     <span class='ocr_line' id='line_1_3' title="bbox 3454 228 3576 294; baseline -0.025 0"><span class='ocrx_word' id='word_1_6' title='bbox 3454 228 3576 294; x_wconf 69' lang='lat'><strong>124</strong></span> 
     </span>
    </p>
   </div>
   <div class='ocr_carea' id='block_1_4' title="bbox 170 368 3581 452">
    <p class='ocr_par' dir='ltr' id='par_1_4' title="bbox 170 368 3581 452">
     <span class='ocr_line' id='line_1_4' title="bbox 170 368 3581 452; baseline -0.004 -10"><span class='ocrx_word' id='word_1_7' title='bbox 170 389 303 442; x_wconf 86' lang='lat' dir='ltr'><strong>rent</strong></span> <span class='ocrx_word' id='word_1_8' title='bbox 333 383 531 452; x_wconf 85' lang='lat' dir='ltr'><strong>latera,</strong></span> <span class='ocrx_word' id='word_1_9' title='bbox 563 385 620 439; x_wconf 88' lang='lat' dir='ltr'><strong>et</strong></span> <span class='ocrx_word' id='word_1_10' title='bbox 648 396 747 439; x_wconf 89' lang='lat' dir='ltr'><strong>cos</strong></span> <span class='ocrx_word' id='word_1_11' title='bbox 777 379 876 451; x_wconf 91' lang='lat' dir='ltr'><strong>qui</strong></span> <span class='ocrx_word' id='word_1_12' title='bbox 903 378 962 433; x_wconf 92' lang='lat' dir='ltr'><strong>in</strong></span> <span class='ocrx_word' id='word_1_13' title='bbox 994 374 1329 442; x_wconf 88' lang='lat' dir='ltr'><strong>coenaculis,</strong></span> <span class='ocrx_word' id='word_1_14' title='bbox 1349 380 1416 431; x_wconf 89' lang='lat' dir='ltr'><strong>ut</strong></span> <span class='ocrx_word' id='word_1_15' title='bbox 1444 375 1580 432; x_wconf 91' lang='lat' dir='ltr'><strong>iude</strong></span> <span class='ocrx_word' id='word_1_16' title='bbox 1612 376 1815 433; x_wconf 85' lang='lat' dir='ltr'><strong>urbem</strong></span> <span class='ocrx_word' id='word_1_17' title='bbox 1847 381 1903 446; x_wconf 75' lang='grc' dir='ltr'><strong>Α</strong></span> <span class='ocrx_word' id='word_1_18' title='bbox 1934 393 2078 433; x_wconf 88' lang='lat' dir='ltr'><strong>num</strong></span> <span class='ocrx_word' id='word_1_19' title='bbox 2109 376 2391 433; x_wconf 88' lang='lat' dir='ltr'><strong>auderent</strong></span> <span class='ocrx_word' id='word_1_20' title='bbox 2418 387 2672 441; x_wconf 87' lang='lat' dir='ltr'><strong>exerere,</strong></span> <span class='ocrx_word' id='word_1_21' title='bbox 2703 370 2855 428; x_wconf 86' lang='lat' dir='ltr'><strong>inl&#39;ra</strong></span> <span class='ocrx_word' id='word_1_22' title='bbox 2884 368 3323 443; x_wconf 83' lang='lat' dir='ltr'><strong>propugnacula</strong></span> <span class='ocrx_word' id='word_1_23' title='bbox 3349 384 3581 429; x_wconf 71' lang='lat' dir='ltr'><strong>coerce-</strong></span> 
     </span>
    </p>
   </div>
   <div class='ocr_carea' id='block_1_5' title="bbox 171 466 1820 810">
    <p class='ocr_par' dir='ltr' id='par_1_5' title="bbox 171 466 1820 810">
     <span class='ocr_line' id='line_1_5' title="bbox 171 466 1817 548; baseline -0.004 -17"><span class='ocrx_word' id='word_1_24' title='bbox 171 474 608 548; x_wconf 86' lang='lat' dir='ltr'><strong>impugnarent‚</strong></span> <span class='ocrx_word' id='word_1_25' title='bbox 641 470 1040 534; x_wconf 84' lang='lat' dir='ltr'><strong>ascenderant,</strong></span> <span class='ocrx_word' id='word_1_26' title='bbox 1075 483 1217 538; x_wconf 83' lang='lat' dir='ltr'><strong>pene</strong></span> <span class='ocrx_word' id='word_1_27' title='bbox 1259 466 1330 522; x_wconf 89' lang='lat' dir='ltr'><strong>ad</strong></span> <span class='ocrx_word' id='word_1_28' title='bbox 1372 469 1580 523; x_wconf 86' lang='lat' dir='ltr'><strong>terram</strong></span> <span class='ocrx_word' id='word_1_29' title='bbox 1608 466 1817 539; x_wconf 87' lang='lat' dir='ltr'><strong>dijice-</strong></span> 
     </span>
     <span class='ocr_line' id='line_1_6' title="bbox 173 555 1819 628; baseline -0.006 -6"><span class='ocrx_word' id='word_1_30' title='bbox 173 569 299 622; x_wconf 90' lang='lat' dir='ltr'><strong>rent</strong></span> <span class='ocrx_word' id='word_1_31' title='bbox 328 562 621 620; x_wconf 87' lang='lat' dir='ltr'><strong>attonitos.</strong></span> <span class='ocrx_word' id='word_1_32' title='bbox 654 559 843 616; x_wconf 86' lang='lat' dir='ltr'><strong>Nostri</strong></span> <span class='ocrx_word' id='word_1_33' title='bbox 901 572 1059 623; x_wconf 86' lang='lat' dir='ltr'><strong>vero,</strong></span> <span class='ocrx_word' id='word_1_34' title='bbox 1092 555 1323 627; x_wconf 70' lang='lat' dir='ltr'><strong>iniectis</strong></span> <span class='ocrx_word' id='word_1_35' title='bbox 1354 555 1589 628; x_wconf 81' lang='lat' dir='ltr'>ignibus</span> <span class='ocrx_word' id='word_1_36' title='bbox 1621 571 1819 614; x_wconf 90' lang='lat' dir='ltr'><strong>occur-</strong></span> 
     </span>
     <span class='ocr_line' id='line_1_7' title="bbox 172 644 1820 724; baseline -0.005 -14"><span class='ocrx_word' id='word_1_37' title='bbox 172 661 389 717; x_wconf 86' lang='lat' dir='ltr'><strong>rentes,</strong></span> <span class='ocrx_word' id='word_1_38' title='bbox 425 667 605 724; x_wconf 87' lang='lat' dir='ltr'><strong>aquas</strong></span> <span class='ocrx_word' id='word_1_39' title='bbox 635 649 880 720; x_wconf 80' lang='lat' dir='ltr'><strong>desuper</strong></span> <span class='ocrx_word' id='word_1_40' title='bbox 930 644 1251 703; x_wconf 79' lang='lat' dir='ltr'><strong>fundebant</strong></span> <span class='ocrx_word' id='word_1_41' title='bbox 1285 645 1600 717; x_wconf 74' lang='lat' dir='ltr'><strong>copiosiuS,</strong></span> <span class='ocrx_word' id='word_1_42' title='bbox 1633 648 1698 702; x_wconf 90' lang='lat' dir='ltr'><strong>ut</strong></span> <span class='ocrx_word' id='word_1_43' title='bbox 1727 645 1820 702; x_wconf 92' lang='lat' dir='ltr'><strong>in-</strong></span> 
     </span>
     <span class='ocr_line' id='line_1_8' title="bbox 172 734 1551 810; baseline -0.006 -12"><span class='ocrx_word' id='word_1_44' title='bbox 172 741 512 799; x_wconf 89' lang='lat' dir='ltr'><strong>cendiorum</strong></span> <span class='ocrx_word' id='word_1_45' title='bbox 546 736 999 810; x_wconf 77' lang='lat' dir='ltr'><strong>comprimerent</strong></span> <span class='ocrx_word' id='word_1_46' title='bbox 1030 734 1551 807; x_wconf 88' lang='lat' dir='ltr'><strong>importunitatem.</strong></span> 
     </span>
    </p>
   </div>
   <div class='ocr_carea' id='block_1_6' title="bbox 795 840 1197 899">
    <p class='ocr_par' dir='ltr' id='par_1_6' title="bbox 795 840 1197 899">
     <span class='ocr_line' id='line_1_9' title="bbox 795 840 1197 899; baseline -0.002 0"><span class='ocrx_word' id='word_1_47' title='bbox 795 841 1028 899; x_wconf 87' lang='lat' dir='ltr'>CAPUT</span> <span class='ocrx_word' id='word_1_48' title='bbox 1058 840 1197 898; x_wconf 79' lang='lat' dir='ltr'><strong>XtV.</strong></span> 
     </span>
    </p>
   </div>
   <div class='ocr_carea' id='block_1_7' title="bbox 169 929 1823 1075">
    <p class='ocr_par' dir='ltr' id='par_1_7' title="bbox 169 929 1823 1075">
     <span class='ocr_line' id='line_1_10' title="bbox 169 929 1823 1006; baseline -0.007 -10"><span class='ocrx_word' id='word_1_49' title='bbox 169 938 336 996; x_wconf 80' lang='lat' dir='ltr'><strong>Nocte</strong></span> <span class='ocrx_word' id='word_1_50' title='bbox 365 935 494 1006; x_wconf 76' lang='lat' dir='ltr'><strong>itta,</strong></span> <span class='ocrx_word' id='word_1_51' title='bbox 528 936 585 989; x_wconf 85' lang='lat' dir='ltr'><strong>in</strong></span> <span class='ocrx_word' id='word_1_52' title='bbox 618 933 790 989; x_wconf 80' lang='lat' dir='ltr'><strong>multa</strong></span> <span class='ocrx_word' id='word_1_53' title='bbox 821 931 1110 988; x_wconf 75' lang='lat' dir='ltr'><strong>anxietate</strong></span> <span class='ocrx_word' id='word_1_54' title='bbox 1150 936 1261 986; x_wconf 82' lang='lat' dir='ltr'><strong>tam</strong></span> <span class='ocrx_word' id='word_1_55' title='bbox 1305 929 1629 987; x_wconf 74' lang='lat' dir='ltr'><strong>obsidientes</strong></span> <span class='ocrx_word' id='word_1_56' title='bbox 1658 945 1823 1002; x_wconf 79' lang='lat' dir='ltr'><strong>quam</strong></span> 
     </span>
     <span class='ocr_line' id='line_1_11' title="bbox 712 1005 1280 1075; baseline -0.007 -15"><span class='ocrx_word' id='word_1_57' title='bbox 712 1005 909 1060; x_wconf 78' lang='lat' dir='ltr'><strong>obsessi</strong></span> <span class='ocrx_word' id='word_1_58' title='bbox 931 1009 1280 1075; x_wconf 77' lang='lat' dir='ltr'><strong>permanent.</strong></span> 
     </span>
    </p>
   </div>
   <div class='ocr_carea' id='block_1_8' title="bbox 244 1089 1818 1165">
    <p class='ocr_par' dir='ltr' id='par_1_8' title="bbox 244 1089 1818 1165">
     <span class='ocr_line' id='line_1_12' title="bbox 244 1089 1818 1165; baseline -0.004 -13"><span class='ocrx_word' id='word_1_59' title='bbox 244 1095 409 1152; x_wconf 88' lang='lat' dir='ltr'><strong>Hunc</strong></span> <span class='ocrx_word' id='word_1_60' title='bbox 428 1096 604 1165; x_wconf 85' lang='lat' dir='ltr'><strong>igitur</strong></span> <span class='ocrx_word' id='word_1_61' title='bbox 628 1098 745 1149; x_wconf 89' lang='lat' dir='ltr'><strong>tam</strong></span> <span class='ocrx_word' id='word_1_62' title='bbox 771 1091 1162 1164; x_wconf 89' lang='lat' dir='ltr'><strong>periculosum</strong></span> <span class='ocrx_word' id='word_1_63' title='bbox 1189 1106 1606 1162; x_wconf 81' lang='lat' dir='ltr'><strong>procacemque</strong></span> <span class='ocrx_word' id='word_1_64' title='bbox 1625 1089 1818 1158; x_wconf 90' lang='lat' dir='ltr'><strong>nimis,</strong></span> 
     </span>
    </p>
   </div>
   <div class='ocr_carea' id='block_1_9' title="bbox 172 1179 1824 1339">
    <p class='ocr_par' dir='ltr' id='par_1_9' title="bbox 172 1179 1824 1339">
     <span class='ocr_line' id='line_1_13' title="bbox 172 1179 1823 1255; baseline -0.005 -14"><span class='ocrx_word' id='word_1_65' title='bbox 172 1189 231 1241; x_wconf 90' lang='lat' dir='ltr'><strong>et</strong></span> <span class='ocrx_word' id='word_1_66' title='bbox 260 1183 447 1241; x_wconf 88' lang='lat' dir='ltr'><strong>adhuc</strong></span> <span class='ocrx_word' id='word_1_67' title='bbox 478 1183 790 1255; x_wconf 73' lang='lat' dir='ltr'><strong>ancipitem</strong></span> <span class='ocrx_word' id='word_1_68' title='bbox 816 1181 1120 1253; x_wconf 87' lang='lat' dir='ltr'><strong>utriusque</strong></span> <span class='ocrx_word' id='word_1_69' title='bbox 1138 1179 1318 1252; x_wconf 88' lang='lat' dir='ltr'><strong>partis</strong></span> <span class='ocrx_word' id='word_1_70' title='bbox 1337 1179 1823 1249; x_wconf 82' lang='lat' dir='ltr'><strong>conflictum,nox</strong></span> 
     </span>
     <span class='ocr_line' id='line_1_14' title="bbox 173 1265 1824 1339; baseline -0.003 -13"><span class='ocrx_word' id='word_1_71' title='bbox 173 1269 407 1328; x_wconf 85' lang='lat' dir='ltr'><strong>diremit</strong></span> <span class='ocrx_word' id='word_1_72' title='bbox 437 1269 850 1326; x_wconf 89' lang='lat' dir='ltr'><strong>interveniens.</strong></span> <span class='ocrx_word' id='word_1_73' title='bbox 883 1268 954 1323; x_wconf 79' lang='lat' dir='ltr'><strong>Et</strong></span> <span class='ocrx_word' id='word_1_74' title='bbox 987 1266 1123 1324; x_wconf 89' lang='lat' dir='ltr'><strong>licet</strong></span> <span class='ocrx_word' id='word_1_75' title='bbox 1171 1282 1412 1339; x_wconf 87' lang='lat' dir='ltr'><strong>corpora</strong></span> <span class='ocrx_word' id='word_1_76' title='bbox 1442 1265 1824 1339; x_wconf 90' lang='lat' dir='ltr'><strong>qualemqua-</strong></span> 
     </span>
    </p>
   </div>
   <div class='ocr_carea' id='block_1_10' title="bbox 174 1355 1835 3122">
    <p class='ocr_par' dir='ltr' id='par_1_10' title="bbox 174 1355 1835 3122">
     <span class='ocr_line' id='line_1_15' title="bbox 176 1355 1824 1433; baseline -0.004 -14"><span class='ocrx_word' id='word_1_77' title='bbox 176 1363 288 1419; x_wconf 86' lang='lat' dir='ltr'><strong>lem</strong></span> <span class='ocrx_word' id='word_1_78' title='bbox 322 1375 424 1433; x_wconf 85' lang='lat' dir='ltr'><strong>per</strong></span> <span class='ocrx_word' id='word_1_79' title='bbox 453 1360 638 1416; x_wconf 91' lang='lat' dir='ltr'><strong>noctis</strong></span> <span class='ocrx_word' id='word_1_80' title='bbox 661 1359 1076 1430; x_wconf 91' lang='lat' dir='ltr'><strong>intempestum</strong></span> <span class='ocrx_word' id='word_1_81' title='bbox 1124 1355 1456 1412; x_wconf 82' lang='lat' dir='ltr'><strong>viderentur</strong></span> <span class='ocrx_word' id='word_1_82' title='bbox 1485 1355 1695 1412; x_wconf 87' lang='lat' dir='ltr'><strong>babere</strong></span> <span class='ocrx_word' id='word_1_83' title='bbox 1726 1372 1824 1412; x_wconf 90' lang='lat' dir='ltr'><strong>re-</strong></span> 
     </span>
     <span class='ocr_line' id='line_1_16' title="bbox 176 1443 1822 1525; baseline -0.004 -19"><span class='ocrx_word' id='word_1_84' title='bbox 176 1449 397 1525; x_wconf 88' lang='lat' dir='ltr'><strong>quiem,</strong></span> <span class='ocrx_word' id='word_1_85' title='bbox 430 1448 611 1505; x_wconf 90' lang='lat' dir='ltr'><strong>animi</strong></span> <span class='ocrx_word' id='word_1_86' title='bbox 650 1451 845 1504; x_wconf 89' lang='lat' dir='ltr'><strong>tamen</strong></span> <span class='ocrx_word' id='word_1_87' title='bbox 904 1463 1042 1502; x_wconf 85' lang='lat' dir='ltr'><strong>cura</strong></span> <span class='ocrx_word' id='word_1_88' title='bbox 1094 1445 1483 1501; x_wconf 89' lang='lat' dir='ltr'><strong>immoderata</strong></span> <span class='ocrx_word' id='word_1_89' title='bbox 1515 1443 1822 1516; x_wconf 75' lang='lat' dir='ltr'><strong>pervigiles</strong></span> 
     </span>
     <span class='ocr_line' id='line_1_17' title="bbox 177 1532 1822 1606; baseline -0.003 -11"><span class='ocrx_word' id='word_1_90' title='bbox 177 1537 359 1595; x_wconf 89' lang='lat' dir='ltr'><strong>nihilo</strong></span> <span class='ocrx_word' id='word_1_91' title='bbox 389 1537 693 1594; x_wconf 88' lang='lat' dir='ltr'><strong>remissius</strong></span> <span class='ocrx_word' id='word_1_92' title='bbox 723 1534 1085 1592; x_wconf 88' lang='lat' dir='ltr'><strong>laborabant.</strong></span> <span class='ocrx_word' id='word_1_93' title='bbox 1119 1533 1547 1606; x_wconf 84' lang='lat' dir='ltr'><strong>Fatigabantur</strong></span> <span class='ocrx_word' id='word_1_94' title='bbox 1577 1532 1822 1590; x_wconf 87' lang='lat' dir='ltr'><strong>interius</strong></span> 
     </span>
     <span class='ocr_line' id='line_1_18' title="bbox 178 1623 1821 1695; baseline -0.005 -9"><span class='ocrx_word' id='word_1_95' title='bbox 178 1627 431 1686; x_wconf 89' lang='lat' dir='ltr'><strong>mordaci</strong></span> <span class='ocrx_word' id='word_1_96' title='bbox 459 1633 683 1683; x_wconf 90' lang='lat' dir='ltr'><strong>mentes</strong></span> <span class='ocrx_word' id='word_1_97' title='bbox 715 1624 1128 1693; x_wconf 87' lang='lat' dir='ltr'><strong>sollicitudine,</strong></span> <span class='ocrx_word' id='word_1_98' title='bbox 1161 1627 1218 1679; x_wconf 90' lang='lat' dir='ltr'><strong>et</strong></span> <span class='ocrx_word' id='word_1_99' title='bbox 1240 1623 1821 1695; x_wconf 86' lang='lat' dir='ltr'><strong>propositimemores</strong></span> 
     </span>
     <span class='ocr_line' id='line_1_19' title="bbox 178 1709 1820 1785; baseline -0.005 -11"><span class='ocrx_word' id='word_1_100' title='bbox 178 1721 522 1785; x_wconf 76' lang='lat' dir='ltr'><strong>aestuabant,</strong></span> <span class='ocrx_word' id='word_1_101' title='bbox 556 1716 749 1772; x_wconf 91' lang='lat' dir='ltr'><strong>lucem</strong></span> <span class='ocrx_word' id='word_1_102' title='bbox 793 1717 1192 1784; x_wconf 80' lang='lat' dir='ltr'><strong>exspectantes</strong></span> <span class='ocrx_word' id='word_1_103' title='bbox 1223 1712 1581 1781; x_wconf 84' lang='lat' dir='ltr'><strong>avidissime,</strong></span> <span class='ocrx_word' id='word_1_104' title='bbox 1613 1716 1678 1766; x_wconf 91' lang='lat' dir='ltr'><strong>ut</strong></span> <span class='ocrx_word' id='word_1_105' title='bbox 1715 1709 1820 1767; x_wconf 89' lang='lat' dir='ltr'><strong>ite·</strong></span> 
     </span>
     <span class='ocr_line' id='line_1_20' title="bbox 181 1799 1822 1873; baseline -0.005 -11"><span class='ocrx_word' id='word_1_106' title='bbox 181 1822 310 1862; x_wconf 89' lang='lat' dir='ltr'><strong>rum</strong></span> <span class='ocrx_word' id='word_1_107' title='bbox 342 1804 591 1860; x_wconf 86' lang='lat' dir='ltr'><strong>redirent</strong></span> <span class='ocrx_word' id='word_1_108' title='bbox 625 1803 693 1859; x_wconf 88' lang='lat' dir='ltr'><strong>ad</strong></span> <span class='ocrx_word' id='word_1_109' title='bbox 721 1806 1037 1869; x_wconf 88' lang='lat' dir='ltr'><strong>certamen,</strong></span> <span class='ocrx_word' id='word_1_110' title='bbox 1061 1804 1113 1856; x_wconf 88' lang='lat' dir='ltr'><strong>et</strong></span> <span class='ocrx_word' id='word_1_111' title='bbox 1139 1799 1468 1873; x_wconf 65' lang='lat' dir='ltr'><strong>praeliorum</strong></span> <span class='ocrx_word' id='word_1_112' title='bbox 1501 1799 1822 1871; x_wconf 83' lang='lat' dir='ltr'><strong>experiren-</strong></span> 
     </span>
     <span class='ocr_line' id='line_1_21' title="bbox 184 1885 1822 1961; baseline -0.004 -13"><span class='ocrx_word' id='word_1_113' title='bbox 184 1903 276 1951; x_wconf 90' lang='lat' dir='ltr'><strong>tur</strong></span> <span class='ocrx_word' id='word_1_114' title='bbox 335 1894 622 1948; x_wconf 82' lang='lat' dir='ltr'><strong>fortunam</strong></span> <span class='ocrx_word' id='word_1_115' title='bbox 651 1915 665 1957; x_wconf 68' lang='grc' dir='ltr'>ς</span> <span class='ocrx_word' id='word_1_116' title='bbox 697 1906 859 1961; x_wconf 90' lang='lat' dir='ltr'><strong>spem</strong></span> <span class='ocrx_word' id='word_1_117' title='bbox 920 1889 1198 1944; x_wconf 85' lang='lat' dir='ltr'><strong>babentes</strong></span> <span class='ocrx_word' id='word_1_118' title='bbox 1247 1889 1306 1943; x_wconf 92' lang='lat' dir='ltr'><strong>in</strong></span> <span class='ocrx_word' id='word_1_119' title='bbox 1356 1887 1624 1956; x_wconf 89' lang='lat' dir='ltr'><strong>Domino,</strong></span> <span class='ocrx_word' id='word_1_120' title='bbox 1665 1885 1822 1960; x_wconf 90' lang='lat' dir='ltr'><strong>quod</strong></span> 
     </span>
     <span class='ocr_line' id='line_1_22' title="bbox 175 1977 1822 2056; baseline -0.004 -16"><span class='ocrx_word' id='word_1_121' title='bbox 175 1984 435 2056; x_wconf 87' lang='lat' dir='ltr'><strong>palmam</strong></span> <span class='ocrx_word' id='word_1_122' title='bbox 466 1987 523 2038; x_wconf 92' lang='lat' dir='ltr'><strong>et</strong></span> <span class='ocrx_word' id='word_1_123' title='bbox 545 1981 838 2038; x_wconf 86' lang='lat' dir='ltr'><strong>meliorem</strong></span> <span class='ocrx_word' id='word_1_124' title='bbox 873 1988 1064 2037; x_wconf 89' lang='lat' dir='ltr'><strong>essent</strong></span> <span class='ocrx_word' id='word_1_125' title='bbox 1128 1979 1483 2051; x_wconf 79' lang='lat' dir='ltr'><strong>reportaturi</strong></span> <span class='ocrx_word' id='word_1_126' title='bbox 1513 1977 1822 2035; x_wconf 88' lang='lat' dir='ltr'><strong>calculum.</strong></span> 
     </span>
     <span class='ocr_line' id='line_1_23' title="bbox 174 2066 1825 2145; baseline -0.005 -14"><span class='ocrx_word' id='word_1_127' title='bbox 174 2072 551 2145; x_wconf 74' lang='lat' dir='ltr'><strong>Augebantur</strong></span> <span class='ocrx_word' id='word_1_128' title='bbox 573 2078 762 2126; x_wconf 89' lang='lat' dir='ltr'><strong>tamen</strong></span> <span class='ocrx_word' id='word_1_129' title='bbox 795 2068 1142 2141; x_wconf 87' lang='lat' dir='ltr'><strong>plurimum,</strong></span> <span class='ocrx_word' id='word_1_130' title='bbox 1174 2068 1449 2124; x_wconf 88' lang='lat' dir='ltr'><strong>timentes</strong></span> <span class='ocrx_word' id='word_1_131' title='bbox 1482 2084 1552 2124; x_wconf 92' lang='lat' dir='ltr'><strong>ne</strong></span> <span class='ocrx_word' id='word_1_132' title='bbox 1585 2066 1737 2124; x_wconf 88' lang='lat' dir='ltr'><strong>clam</strong></span> <span class='ocrx_word' id='word_1_133' title='bbox 1765 2067 1825 2122; x_wconf 92' lang='lat' dir='ltr'><strong>in</strong></span> 
     </span>
     <span class='ocr_line' id='line_1_24' title="bbox 175 2159 1830 2230; baseline -0.005 -9"><span class='ocrx_word' id='word_1_134' title='bbox 175 2179 378 2221; x_wconf 89' lang='lat' dir='ltr'><strong>eorum</strong></span> <span class='ocrx_word' id='word_1_135' title='bbox 411 2161 714 2218; x_wconf 87' lang='lat' dir='ltr'><strong>machinas</strong></span> <span class='ocrx_word' id='word_1_136' title='bbox 749 2159 940 2215; x_wconf 87' lang='lat' dir='ltr'><strong>hostes</strong></span> <span class='ocrx_word' id='word_1_137' title='bbox 971 2173 1319 2229; x_wconf 90' lang='lat' dir='ltr'><strong>quocunque</strong></span> <span class='ocrx_word' id='word_1_138' title='bbox 1351 2161 1519 2230; x_wconf 89' lang='lat' dir='ltr'><strong>pacto</strong></span> <span class='ocrx_word' id='word_1_139' title='bbox 1560 2173 1830 2229; x_wconf 87' lang='lat' dir='ltr'><strong>procura-</strong></span> 
     </span>
     <span class='ocr_line' id='line_1_25' title="bbox 178 2245 1825 2319; baseline -0.005 -10"><span class='ocrx_word' id='word_1_140' title='bbox 178 2259 306 2310; x_wconf 87' lang='lat' dir='ltr'><strong>rent</strong></span> <span class='ocrx_word' id='word_1_141' title='bbox 335 2249 600 2307; x_wconf 90' lang='lat' dir='ltr'><strong>incendia</strong></span> <span class='ocrx_word' id='word_1_142' title='bbox 633 2266 646 2305; x_wconf 73' lang='grc' dir='ltr'>ε</span> <span class='ocrx_word' id='word_1_143' title='bbox 683 2249 834 2305; x_wconf 88' lang='lat' dir='ltr'><strong>unde</strong></span> <span class='ocrx_word' id='word_1_144' title='bbox 882 2247 1195 2303; x_wconf 89' lang='lat' dir='ltr'><strong>continuas</strong></span> <span class='ocrx_word' id='word_1_145' title='bbox 1235 2250 1550 2319; x_wconf 84' lang='lat' dir='ltr'><strong>exegerunt</strong></span> <span class='ocrx_word' id='word_1_146' title='bbox 1578 2245 1825 2318; x_wconf 89' lang='lat' dir='ltr'><strong>vigilias,</strong></span> 
     </span>
     <span class='ocr_line' id='line_1_26' title="bbox 181 2332 1829 2408; baseline -0.007 -10"><span class='ocrx_word' id='word_1_147' title='bbox 181 2345 411 2398; x_wconf 89' lang='lat' dir='ltr'><strong>noctem</strong></span> <span class='ocrx_word' id='word_1_148' title='bbox 443 2337 604 2393; x_wconf 91' lang='lat' dir='ltr'><strong>illam</strong></span> <span class='ocrx_word' id='word_1_149' title='bbox 660 2337 888 2408; x_wconf 88' lang='lat' dir='ltr'><strong>penitus</strong></span> <span class='ocrx_word' id='word_1_150' title='bbox 938 2333 1236 2391; x_wconf 87' lang='lat' dir='ltr'><strong>trahentes</strong></span> <span class='ocrx_word' id='word_1_151' title='bbox 1284 2335 1634 2391; x_wconf 87' lang='lat' dir='ltr'><strong>insomnem.</strong></span> <span class='ocrx_word' id='word_1_152' title='bbox 1667 2332 1829 2389; x_wconf 83' lang='lat' dir='ltr'><strong>Cives</strong></span> 
     </span>
     <span class='ocr_line' id='line_1_27' title="bbox 181 2422 1827 2493; baseline -0.005 -7"><span class='ocrx_word' id='word_1_153' title='bbox 181 2432 380 2486; x_wconf 86' lang='lat' dir='ltr'><strong>autem</strong></span> <span class='ocrx_word' id='word_1_154' title='bbox 427 2425 815 2482; x_wconf 89' lang='lat' dir='ltr'><strong>nihilominus</strong></span> <span class='ocrx_word' id='word_1_155' title='bbox 871 2423 1028 2479; x_wconf 90' lang='lat' dir='ltr'><strong>curis</strong></span> <span class='ocrx_word' id='word_1_156' title='bbox 1059 2425 1479 2493; x_wconf 81' lang='lat' dir='ltr'><strong>torquebantur</strong></span> <span class='ocrx_word' id='word_1_157' title='bbox 1531 2422 1827 2493; x_wconf 74' lang='lat' dir='ltr'><strong>edacibus,</strong></span> 
     </span>
     <span class='ocr_line' id='line_1_28' title="bbox 184 2511 1831 2587; baseline -0.005 -12"><span class='ocrx_word' id='word_1_158' title='bbox 184 2517 563 2575; x_wconf 77' lang='lat' dir='ltr'><strong>formidantes</strong></span> <span class='ocrx_word' id='word_1_159' title='bbox 595 2513 940 2587; x_wconf 88' lang='lat' dir='ltr'><strong>plurimum.</strong></span> <span class='ocrx_word' id='word_1_160' title='bbox 976 2528 1046 2568; x_wconf 91' lang='lat' dir='ltr'><strong>ne</strong></span> <span class='ocrx_word' id='word_1_161' title='bbox 1095 2530 1241 2585; x_wconf 88' lang='lat' dir='ltr'><strong>quos</strong></span> <span class='ocrx_word' id='word_1_162' title='bbox 1272 2513 1456 2584; x_wconf 87' lang='lat' dir='ltr'><strong>pridie</strong></span> <span class='ocrx_word' id='word_1_163' title='bbox 1490 2515 1643 2567; x_wconf 83' lang='lat' dir='ltr'><strong>tanta</strong></span> <span class='ocrx_word' id='word_1_164' title='bbox 1673 2511 1831 2567; x_wconf 89' lang='lat' dir='ltr'><strong>vide-</strong></span> 
     </span>
     <span class='ocr_line' id='line_1_29' title="bbox 186 2603 1831 2677; baseline -0.004 -13"><span class='ocrx_word' id='word_1_165' title='bbox 186 2611 316 2664; x_wconf 89' lang='lat' dir='ltr'><strong>rant</strong></span> <span class='ocrx_word' id='word_1_166' title='bbox 368 2605 736 2677; x_wconf 81' lang='lat' dir='ltr'><strong>protervitate</strong></span> <span class='ocrx_word' id='word_1_167' title='bbox 790 2605 1097 2668; x_wconf 80' lang='lat' dir='ltr'><strong>instantes,</strong></span> <span class='ocrx_word' id='word_1_168' title='bbox 1133 2615 1368 2676; x_wconf 83' lang='lat' dir='ltr'><strong>sumpta</strong></span> <span class='ocrx_word' id='word_1_169' title='bbox 1424 2603 1723 2659; x_wconf 88' lang='lat' dir='ltr'><strong>occasione</strong></span> <span class='ocrx_word' id='word_1_170' title='bbox 1761 2618 1831 2658; x_wconf 92' lang='lat' dir='ltr'><strong>ex</strong></span> 
     </span>
     <span class='ocr_line' id='line_1_30' title="bbox 182 2689 1833 2766; baseline -0.004 -14"><span class='ocrx_word' id='word_1_171' title='bbox 182 2695 372 2753; x_wconf 89' lang='lat' dir='ltr'><strong>noctis</strong></span> <span class='ocrx_word' id='word_1_172' title='bbox 400 2694 760 2766; x_wconf 74' lang='lat' dir='ltr'><strong>intempestae</strong></span> <span class='ocrx_word' id='word_1_173' title='bbox 792 2693 1047 2760; x_wconf 84' lang='lat' dir='ltr'><strong>silentiu,</strong></span> <span class='ocrx_word' id='word_1_174' title='bbox 1070 2691 1303 2748; x_wconf 84' lang='lat' dir='ltr'><strong>effracto</strong></span> <span class='ocrx_word' id='word_1_175' title='bbox 1328 2707 1516 2758; x_wconf 88' lang='lat' dir='ltr'><strong>muro,</strong></span> <span class='ocrx_word' id='word_1_176' title='bbox 1543 2691 1631 2746; x_wconf 89' lang='lat' dir='ltr'><strong>vel</strong></span> <span class='ocrx_word' id='word_1_177' title='bbox 1662 2689 1833 2747; x_wconf 90' lang='lat' dir='ltr'><strong>scalis</strong></span> 
     </span>
     <span class='ocr_line' id='line_1_31' title="bbox 184 2776 1829 2853; baseline -0.004 -13"><span class='ocrx_word' id='word_1_178' title='bbox 184 2782 483 2852; x_wconf 87' lang='lat' dir='ltr'><strong>adhibitis,</strong></span> <span class='ocrx_word' id='word_1_179' title='bbox 515 2783 661 2838; x_wconf 88' lang='lat' dir='ltr'><strong>clam</strong></span> <span class='ocrx_word' id='word_1_180' title='bbox 694 2783 897 2838; x_wconf 91' lang='lat' dir='ltr'><strong>urbem</strong></span> <span class='ocrx_word' id='word_1_181' title='bbox 930 2780 1384 2853; x_wconf 78' lang='lat' dir='ltr'><strong>ingrederentur.</strong></span> <span class='ocrx_word' id='word_1_182' title='bbox 1418 2776 1581 2836; x_wconf 90' lang='lat' dir='ltr'><strong>Unde</strong></span> <span class='ocrx_word' id='word_1_183' title='bbox 1612 2777 1829 2836; x_wconf 88' lang='lat' dir='ltr'><strong>sollici-</strong></span> 
     </span>
     <span class='ocr_line' id='line_1_32' title="bbox 184 2869 1832 2944; baseline -0.003 -15"><span class='ocrx_word' id='word_1_184' title='bbox 184 2873 387 2930; x_wconf 90' lang='lat' dir='ltr'><strong>tudine</strong></span> <span class='ocrx_word' id='word_1_185' title='bbox 417 2888 530 2927; x_wconf 93' lang='lat' dir='ltr'><strong>non</strong></span> <span class='ocrx_word' id='word_1_186' title='bbox 556 2872 725 2944; x_wconf 88' lang='lat' dir='ltr'><strong>pigri,</strong></span> <span class='ocrx_word' id='word_1_187' title='bbox 753 2873 850 2927; x_wconf 88' lang='lat' dir='ltr'><strong>sed</strong></span> <span class='ocrx_word' id='word_1_188' title='bbox 899 2869 1160 2940; x_wconf 71' lang='lat' dir='ltr'><strong>diligenti</strong></span> <span class='ocrx_word' id='word_1_189' title='bbox 1207 2869 1528 2942; x_wconf 86' lang='lat' dir='ltr'><strong>vigilantia,</strong></span> <span class='ocrx_word' id='word_1_190' title='bbox 1556 2872 1832 2940; x_wconf 88' lang='lat' dir='ltr'><strong>tanquam</strong></span> 
     </span>
     <span class='ocr_line' id='line_1_33' title="bbox 183 2958 1835 3035; baseline -0.002 -16"><span class='ocrx_word' id='word_1_191' title='bbox 183 2961 402 3035; x_wconf 90' lang='lat' dir='ltr'><strong>quibus</strong></span> <span class='ocrx_word' id='word_1_192' title='bbox 431 2977 523 3018; x_wconf 89' lang='lat' dir='ltr'><strong>res</strong></span> <span class='ocrx_word' id='word_1_193' title='bbox 581 2963 705 3016; x_wconf 88' lang='lat' dir='ltr'><strong>erat</strong></span> <span class='ocrx_word' id='word_1_194' title='bbox 753 2976 854 3033; x_wconf 91' lang='lat' dir='ltr'><strong>pro</strong></span> <span class='ocrx_word' id='word_1_195' title='bbox 913 2958 1120 3033; x_wconf 90' lang='lat' dir='ltr'><strong>capite,</strong></span> <span class='ocrx_word' id='word_1_196' title='bbox 1170 2959 1474 3026; x_wconf 77' lang='lat' dir='ltr'><strong>serventeS,</strong></span> <span class='ocrx_word' id='word_1_197' title='bbox 1505 2961 1625 3015; x_wconf 90' lang='lat' dir='ltr'><strong>tota</strong></span> <span class='ocrx_word' id='word_1_198' title='bbox 1667 2960 1835 3015; x_wconf 91' lang='lat' dir='ltr'><strong>nocte</strong></span> 
     </span>
     <span class='ocr_line' id='line_1_34' title="bbox 189 3047 1830 3122; baseline -0.004 -14"><span class='ocrx_word' id='word_1_199' title='bbox 189 3051 343 3108; x_wconf 88' lang='lat' dir='ltr'><strong>muri</strong></span> <span class='ocrx_word' id='word_1_200' title='bbox 384 3050 776 3107; x_wconf 86' lang='lat' dir='ltr'><strong>circumibant</strong></span> <span class='ocrx_word' id='word_1_201' title='bbox 806 3048 1130 3122; x_wconf 86' lang='lat' dir='ltr'><strong>peribolon,</strong></span> <span class='ocrx_word' id='word_1_202' title='bbox 1165 3049 1448 3121; x_wconf 68' lang='lat' dir='ltr'><strong>praefectis</strong></span> <span class='ocrx_word' id='word_1_203' title='bbox 1490 3047 1728 3118; x_wconf 89' lang='lat' dir='ltr'><strong>vigilum</strong></span> <span class='ocrx_word' id='word_1_204' title='bbox 1771 3047 1830 3102; x_wconf 91' lang='lat' dir='ltr'><strong>in</strong></span> 
     </span>
    </p>
   </div>
   <div class='ocr_carea' id='block_1_11' title="bbox 1923 458 3574 536">
    <p class='ocr_par' dir='ltr' id='par_1_11' title="bbox 1923 458 3574 536">
     <span class='ocr_line' id='line_1_35' title="bbox 1923 458 3574 536; baseline -0.002 -13"><span class='ocrx_word' id='word_1_205' title='bbox 1923 467 2108 536; x_wconf 86' lang='lat' dir='ltr'><strong>bant;</strong></span> <span class='ocrx_word' id='word_1_206' title='bbox 2141 464 2237 522; x_wconf 89' lang='lat' dir='ltr'><strong>alii</strong></span> <span class='ocrx_word' id='word_1_207' title='bbox 2293 479 2452 525; x_wconf 87' lang='lat' dir='ltr'><strong>vero.</strong></span> <span class='ocrx_word' id='word_1_208' title='bbox 2498 466 2564 518; x_wconf 92' lang='lat' dir='ltr'><strong>ut</strong></span> <span class='ocrx_word' id='word_1_209' title='bbox 2608 459 2755 517; x_wconf 90' lang='lat' dir='ltr'><strong>vallo</strong></span> <span class='ocrx_word' id='word_1_210' title='bbox 2813 458 3209 532; x_wconf 89' lang='lat' dir='ltr'><strong>complanata,</strong></span> <span class='ocrx_word' id='word_1_211' title='bbox 3239 467 3296 518; x_wconf 90' lang='lat' dir='ltr'><strong>et</strong></span> <span class='ocrx_word' id='word_1_212' title='bbox 3337 460 3574 520; x_wconf 77' lang='lat' dir='ltr'><strong>effracto</strong></span> 
     </span>
    </p>
   </div>
   <div class='ocr_carea' id='block_1_12' title="bbox 1924 549 3596 3121">
    <p class='ocr_par' dir='ltr' id='par_1_12' title="bbox 1924 549 3596 3121">
     <span class='ocr_line' id='line_1_36' title="bbox 1925 549 3577 628; baseline -0.004 -15"><span class='ocrx_word' id='word_1_213' title='bbox 1925 553 2297 625; x_wconf 76' lang='lat' dir='ltr'><strong>antemurali,</strong></span> <span class='ocrx_word' id='word_1_214' title='bbox 2329 549 2637 610; x_wconf 87' lang='lat' dir='ltr'><strong>castellum</strong></span> <span class='ocrx_word' id='word_1_215' title='bbox 2665 549 2959 628; x_wconf 32' lang='lat' dir='ltr'><strong>,moenibus</strong></span> <span class='ocrx_word' id='word_1_216' title='bbox 2989 550 3234 622; x_wconf 90' lang='lat' dir='ltr'><strong>propius</strong></span> <span class='ocrx_word' id='word_1_217' title='bbox 3263 556 3465 624; x_wconf 86' lang='lat' dir='ltr'><strong>posset</strong></span> <span class='ocrx_word' id='word_1_218' title='bbox 3478 566 3577 623; x_wconf 85' lang='lat' dir='ltr'><strong>ap-</strong></span> 
     </span>
     <span class='ocr_line' id='line_1_37' title="bbox 1926 636 3577 716; baseline -0.002 -17"><span class='ocrx_word' id='word_1_219' title='bbox 1926 643 2151 716; x_wconf 88' lang='lat' dir='ltr'><strong>plicari,</strong></span> <span class='ocrx_word' id='word_1_220' title='bbox 2178 657 2406 698; x_wconf 87' lang='lat' dir='ltr'><strong>omnem</strong></span> <span class='ocrx_word' id='word_1_221' title='bbox 2432 638 2728 696; x_wconf 86' lang='lat' dir='ltr'><strong>habebant</strong></span> <span class='ocrx_word' id='word_1_222' title='bbox 2750 636 3234 694; x_wconf 89' lang='lat' dir='ltr'><strong>sollicitudinem.</strong></span> <span class='ocrx_word' id='word_1_223' title='bbox 3255 636 3367 694; x_wconf 82' lang='lat' dir='ltr'><strong>Alii</strong></span> <span class='ocrx_word' id='word_1_224' title='bbox 3383 653 3577 711; x_wconf 89' lang='lat' dir='ltr'><strong>porro,</strong></span> 
     </span>
     <span class='ocr_line' id='line_1_38' title="bbox 1925 726 3582 804; baseline -0.002 -16"><span class='ocrx_word' id='word_1_225' title='bbox 1925 749 2175 804; x_wconf 88' lang='lat' dir='ltr'><strong>quorum</strong></span> <span class='ocrx_word' id='word_1_226' title='bbox 2207 735 2329 788; x_wconf 89' lang='lat' dir='ltr'><strong>erat</strong></span> <span class='ocrx_word' id='word_1_227' title='bbox 2365 730 2533 785; x_wconf 91' lang='lat' dir='ltr'><strong>turba</strong></span> <span class='ocrx_word' id='word_1_228' title='bbox 2581 726 2854 799; x_wconf 89' lang='lat' dir='ltr'><strong>plurima,</strong></span> <span class='ocrx_word' id='word_1_229' title='bbox 2887 726 3121 797; x_wconf 83' lang='lat' dir='ltr'><strong>sagittis</strong></span> <span class='ocrx_word' id='word_1_230' title='bbox 3160 731 3219 783; x_wconf 89' lang='lat' dir='ltr'><strong>et</strong></span> <span class='ocrx_word' id='word_1_231' title='bbox 3238 727 3405 798; x_wconf 89' lang='lat' dir='ltr'><strong>jactu</strong></span> <span class='ocrx_word' id='word_1_232' title='bbox 3437 727 3582 800; x_wconf 87' lang='lat' dir='ltr'><strong>lapi-</strong></span> 
     </span>
     <span class='ocr_line' id='line_1_39' title="bbox 1926 815 3580 890; baseline -0.002 -13"><span class='ocrx_word' id='word_1_233' title='bbox 1926 822 2068 878; x_wconf 90' lang='lat' dir='ltr'><strong>dum</strong></span> <span class='ocrx_word' id='word_1_234' title='bbox 2098 821 2249 877; x_wconf 88' lang='lat' dir='ltr'><strong>cives</strong></span> <span class='ocrx_word' id='word_1_235' title='bbox 2281 818 2554 876; x_wconf 83' lang='lat' dir='ltr'><strong>arcebant</strong></span> <span class='ocrx_word' id='word_1_236' title='bbox 2583 833 2616 872; x_wconf 92' lang='lat' dir='ltr'><strong>a</strong></span> <span class='ocrx_word' id='word_1_237' title='bbox 2639 815 3112 888; x_wconf 87' lang='lat' dir='ltr'><strong>propugnaculis,</strong></span> <span class='ocrx_word' id='word_1_238' title='bbox 3147 832 3219 872; x_wconf 91' lang='lat' dir='ltr'><strong>ne</strong></span> <span class='ocrx_word' id='word_1_239' title='bbox 3248 830 3467 890; x_wconf 83' lang='lat' dir='ltr'><strong>percos</strong></span> <span class='ocrx_word' id='word_1_240' title='bbox 3487 816 3580 874; x_wconf 86' lang='lat' dir='ltr'><strong>his</strong></span> 
     </span>
     <span class='ocr_line' id='line_1_40' title="bbox 1924 904 3584 982; baseline -0.001 -17"><span class='ocrx_word' id='word_1_241' title='bbox 1924 910 2022 982; x_wconf 93' lang='lat' dir='ltr'><strong>qui</strong></span> <span class='ocrx_word' id='word_1_242' title='bbox 2056 910 2116 965; x_wconf 91' lang='lat' dir='ltr'><strong>in</strong></span> <span class='ocrx_word' id='word_1_243' title='bbox 2151 906 2526 981; x_wconf 90' lang='lat' dir='ltr'><strong>producenda</strong></span> <span class='ocrx_word' id='word_1_244' title='bbox 2556 904 2831 961; x_wconf 86' lang='lat' dir='ltr'><strong>machina</strong></span> <span class='ocrx_word' id='word_1_245' title='bbox 2860 904 3251 974; x_wconf 86' lang='lat' dir='ltr'><strong>desudabant,</strong></span> <span class='ocrx_word' id='word_1_246' title='bbox 3287 904 3584 964; x_wconf 82' lang='lat' dir='ltr'><strong>ministra-</strong></span> 
     </span>
     <span class='ocr_line' id='line_1_41' title="bbox 1928 993 3580 1069; baseline -0.002 -15"><span class='ocrx_word' id='word_1_247' title='bbox 1928 1002 2089 1056; x_wconf 90' lang='lat' dir='ltr'><strong>retur</strong></span> <span class='ocrx_word' id='word_1_248' title='bbox 2118 995 2627 1069; x_wconf 88' lang='lat' dir='ltr'><strong>impedimentum.</strong></span> <span class='ocrx_word' id='word_1_249' title='bbox 2660 993 2823 1050; x_wconf 89' lang='lat' dir='ltr'><strong>Cives</strong></span> <span class='ocrx_word' id='word_1_250' title='bbox 2879 1000 3098 1065; x_wconf 89' lang='lat' dir='ltr'><strong>autem,</strong></span> <span class='ocrx_word' id='word_1_251' title='bbox 3131 1009 3244 1066; x_wconf 92' lang='lat' dir='ltr'><strong>quo</strong></span> <span class='ocrx_word' id='word_1_252' title='bbox 3295 994 3580 1066; x_wconf 73' lang='lat' dir='ltr'><strong>majorem</strong></span> 
     </span>
     <span class='ocr_line' id='line_1_42' title="bbox 1928 1082 3578 1155; baseline -0.002 -12"><span class='ocrx_word' id='word_1_253' title='bbox 1928 1096 2260 1145; x_wconf 88' lang='lat' dir='ltr'><strong>nostrorum</strong></span> <span class='ocrx_word' id='word_1_254' title='bbox 2304 1086 2582 1141; x_wconf 89' lang='lat' dir='ltr'><strong>videbant</strong></span> <span class='ocrx_word' id='word_1_255' title='bbox 2639 1082 3007 1149; x_wconf 89' lang='lat' dir='ltr'><strong>instantiam,</strong></span> <span class='ocrx_word' id='word_1_256' title='bbox 3039 1098 3105 1139; x_wconf 91' lang='lat' dir='ltr'><strong>eo</strong></span> <span class='ocrx_word' id='word_1_257' title='bbox 3149 1082 3490 1155; x_wconf 84' lang='lat' dir='ltr'><strong>diligentius</strong></span> <span class='ocrx_word' id='word_1_258' title='bbox 3520 1083 3578 1140; x_wconf 92' lang='lat' dir='ltr'><strong>in</strong></span> 
     </span>
     <span class='ocr_line' id='line_1_43' title="bbox 1928 1170 3581 1243; baseline -0.002 -11"><span class='ocrx_word' id='word_1_259' title='bbox 1928 1177 2219 1232; x_wconf 82' lang='lat' dir='ltr'><strong>contraria</strong></span> <span class='ocrx_word' id='word_1_260' title='bbox 2248 1191 2310 1232; x_wconf 88' lang='lat' dir='ltr'><strong>se</strong></span> <span class='ocrx_word' id='word_1_261' title='bbox 2341 1173 2689 1231; x_wconf 82' lang='lat' dir='ltr'><strong>attollebant</strong></span> <span class='ocrx_word' id='word_1_262' title='bbox 2714 1176 3086 1243; x_wconf 83' lang='lat' dir='ltr'><strong>argumenta,</strong></span> <span class='ocrx_word' id='word_1_263' title='bbox 3116 1178 3177 1227; x_wconf 90' lang='lat' dir='ltr'><strong>ut</strong></span> <span class='ocrx_word' id='word_1_264' title='bbox 3208 1175 3267 1228; x_wconf 89' lang='lat' dir='ltr'><strong>et</strong></span> <span class='ocrx_word' id='word_1_265' title='bbox 3285 1171 3402 1229; x_wconf 88' lang='lat' dir='ltr'><strong>vim</strong></span> <span class='ocrx_word' id='word_1_266' title='bbox 3434 1170 3581 1228; x_wconf 90' lang='lat' dir='ltr'><strong>viri-</strong></span> 
     </span>
     <span class='ocr_line' id='line_1_44' title="bbox 1930 1263 3583 1339; baseline -0.002 -13"><span class='ocrx_word' id='word_1_267' title='bbox 1930 1271 2061 1339; x_wconf 89' lang='lat' dir='ltr'><strong>bus,</strong></span> <span class='ocrx_word' id='word_1_268' title='bbox 2093 1273 2151 1326; x_wconf 92' lang='lat' dir='ltr'><strong>et</strong></span> <span class='ocrx_word' id='word_1_269' title='bbox 2191 1273 2372 1326; x_wconf 87' lang='lat' dir='ltr'><strong>artem</strong></span> <span class='ocrx_word' id='word_1_270' title='bbox 2416 1266 2595 1324; x_wconf 89' lang='lat' dir='ltr'><strong>simili</strong></span> <span class='ocrx_word' id='word_1_271' title='bbox 2642 1264 2984 1337; x_wconf 85' lang='lat' dir='ltr'><strong>repellerent</strong></span> <span class='ocrx_word' id='word_1_272' title='bbox 3039 1263 3304 1322; x_wconf 81' lang='lat' dir='ltr'><strong>artificio.</strong></span> <span class='ocrx_word' id='word_1_273' title='bbox 3347 1264 3497 1323; x_wconf 88' lang='lat' dir='ltr'><strong>Nam</strong></span> <span class='ocrx_word' id='word_1_274' title='bbox 3526 1271 3583 1323; x_wconf 91' lang='lat' dir='ltr'><strong>et</strong></span> 
     </span>
     <span class='ocr_line' id='line_1_45' title="bbox 1930 1353 3583 1432; baseline -0.003 -15"><span class='ocrx_word' id='word_1_275' title='bbox 1930 1358 2414 1432; x_wconf 89' lang='lat' dir='ltr'><strong>impugnantibus</strong></span> <span class='ocrx_word' id='word_1_276' title='bbox 2427 1354 2866 1428; x_wconf 62' lang='lat' dir='ltr'><strong>aequipollenter</strong></span> <span class='ocrx_word' id='word_1_277' title='bbox 2889 1353 3003 1410; x_wconf 93' lang='lat' dir='ltr'><strong>tela</strong></span> <span class='ocrx_word' id='word_1_278' title='bbox 3033 1354 3408 1411; x_wconf 82' lang='lat' dir='ltr'><strong>remittebant</strong></span> <span class='ocrx_word' id='word_1_279' title='bbox 3427 1362 3484 1412; x_wconf 89' lang='lat' dir='ltr'><strong>et</strong></span> <span class='ocrx_word' id='word_1_280' title='bbox 3505 1354 3583 1412; x_wconf 85' lang='lat' dir='ltr'><strong>la·</strong></span> 
     </span>
     <span class='ocr_line' id='line_1_46' title="bbox 1932 1443 3579 1521; baseline -0.002 -17"><span class='ocrx_word' id='word_1_281' title='bbox 1932 1448 2097 1521; x_wconf 90' lang='lat' dir='ltr'><strong>pides</strong></span> <span class='ocrx_word' id='word_1_282' title='bbox 2122 1465 2135 1516; x_wconf 88' lang='lat'><strong>;</strong></span> <span class='ocrx_word' id='word_1_283' title='bbox 2167 1451 2226 1503; x_wconf 93' lang='lat' dir='ltr'><strong>et</strong></span> <span class='ocrx_word' id='word_1_284' title='bbox 2254 1445 2345 1503; x_wconf 88' lang='lat' dir='ltr'><strong>his</strong></span> <span class='ocrx_word' id='word_1_285' title='bbox 2375 1446 2471 1517; x_wconf 92' lang='lat' dir='ltr'><strong>qui</strong></span> <span class='ocrx_word' id='word_1_286' title='bbox 2501 1443 2808 1501; x_wconf 89' lang='lat' dir='ltr'><strong>castellum</strong></span> <span class='ocrx_word' id='word_1_287' title='bbox 2836 1459 3171 1516; x_wconf 87' lang='lat' dir='ltr'><strong>promovere</strong></span> <span class='ocrx_word' id='word_1_288' title='bbox 3213 1445 3579 1517; x_wconf 85' lang='lat' dir='ltr'><strong>satagebant,</strong></span> 
     </span>
     <span class='ocr_line' id='line_1_47' title="bbox 1932 1530 3579 1604; baseline -0.001 -12"><span class='ocrx_word' id='word_1_289' title='bbox 1932 1534 2260 1593; x_wconf 88' lang='lat' dir='ltr'><strong>admirabili</strong></span> <span class='ocrx_word' id='word_1_290' title='bbox 2288 1534 2630 1591; x_wconf 86' lang='lat' dir='ltr'><strong>strenuitate</strong></span> <span class='ocrx_word' id='word_1_291' title='bbox 2675 1531 3029 1604; x_wconf 74' lang='lat' dir='ltr'><strong>praestabant</strong></span> <span class='ocrx_word' id='word_1_292' title='bbox 3067 1530 3579 1604; x_wconf 86' lang='lat' dir='ltr'><strong>impedimentum.</strong></span> 
     </span>
     <span class='ocr_line' id='line_1_48' title="bbox 1932 1620 3583 1695; baseline -0.002 -13"><span class='ocrx_word' id='word_1_293' title='bbox 1932 1626 2022 1695; x_wconf 78' lang='lat' dir='ltr'><strong>Et,</strong></span> <span class='ocrx_word' id='word_1_294' title='bbox 2037 1637 2098 1681; x_wconf 85' lang='lat' dir='ltr'><strong>ut</strong></span> <span class='ocrx_word' id='word_1_295' title='bbox 2114 1623 2298 1682; x_wconf 90' lang='lat' dir='ltr'><strong>semel</strong></span> <span class='ocrx_word' id='word_1_296' title='bbox 2311 1622 2574 1680; x_wconf 89' lang='lat' dir='ltr'><strong>omnium</strong></span> <span class='ocrx_word' id='word_1_297' title='bbox 2592 1625 2926 1678; x_wconf 89' lang='lat' dir='ltr'><strong>nostrorum</strong></span> <span class='ocrx_word' id='word_1_298' title='bbox 2940 1620 3241 1677; x_wconf 91' lang='lat' dir='ltr'><strong>eluderent</strong></span> <span class='ocrx_word' id='word_1_299' title='bbox 3254 1620 3583 1692; x_wconf 84' lang='lat' dir='ltr'><strong>molimina,</strong></span> 
     </span>
     <span class='ocr_line' id='line_1_49' title="bbox 1932 1710 3581 1788; baseline -0.004 -16"><span class='ocrx_word' id='word_1_300' title='bbox 1932 1714 2127 1788; x_wconf 88' lang='lat' dir='ltr'><strong>ignem</strong></span> <span class='ocrx_word' id='word_1_301' title='bbox 2159 1715 2517 1770; x_wconf 89' lang='lat' dir='ltr'><strong>incessanter</strong></span> <span class='ocrx_word' id='word_1_302' title='bbox 2534 1712 2591 1766; x_wconf 92' lang='lat' dir='ltr'><strong>in</strong></span> <span class='ocrx_word' id='word_1_303' title='bbox 2624 1710 2755 1766; x_wconf 89' lang='lat' dir='ltr'><strong>ollis</strong></span> <span class='ocrx_word' id='word_1_304' title='bbox 2787 1710 3117 1782; x_wconf 77' lang='lat' dir='ltr'><strong>fragilibus,</strong></span> <span class='ocrx_word' id='word_1_305' title='bbox 3140 1715 3198 1767; x_wconf 92' lang='lat' dir='ltr'><strong>et</strong></span> <span class='ocrx_word' id='word_1_306' title='bbox 3218 1711 3581 1782; x_wconf 87' lang='lat' dir='ltr'><strong>quibuscun-</strong></span> 
     </span>
     <span class='ocr_line' id='line_1_50' title="bbox 1934 1801 3585 1880; baseline -0.003 -17"><span class='ocrx_word' id='word_1_307' title='bbox 1934 1822 2044 1880; x_wconf 90' lang='lat' dir='ltr'><strong>que</strong></span> <span class='ocrx_word' id='word_1_308' title='bbox 2078 1805 2268 1862; x_wconf 86' lang='lat' dir='ltr'><strong>modis</strong></span> <span class='ocrx_word' id='word_1_309' title='bbox 2322 1806 2609 1876; x_wconf 87' lang='lat' dir='ltr'><strong>poterant,</strong></span> <span class='ocrx_word' id='word_1_310' title='bbox 2632 1817 2764 1857; x_wconf 91' lang='lat' dir='ltr'><strong>cum</strong></span> <span class='ocrx_word' id='word_1_311' title='bbox 2807 1801 3088 1873; x_wconf 84' lang='lat' dir='ltr'><strong>sulphure</strong></span> <span class='ocrx_word' id='word_1_312' title='bbox 3123 1808 3176 1857; x_wconf 87' lang='lat' dir='ltr'><strong>et</strong></span> <span class='ocrx_word' id='word_1_313' title='bbox 3199 1801 3346 1872; x_wconf 91' lang='lat' dir='ltr'><strong>pice,</strong></span> <span class='ocrx_word' id='word_1_314' title='bbox 3379 1801 3585 1858; x_wconf 83' lang='lat' dir='ltr'><strong>arvina</strong></span> 
     </span>
     <span class='ocr_line' id='line_1_51' title="bbox 1933 1889 3588 1965; baseline -0.005 -10"><span class='ocrx_word' id='word_1_315' title='bbox 1933 1901 1990 1955; x_wconf 92' lang='lat' dir='ltr'><strong>et</strong></span> <span class='ocrx_word' id='word_1_316' title='bbox 2046 1896 2231 1965; x_wconf 79' lang='lat' dir='ltr'><strong>adipe,</strong></span> <span class='ocrx_word' id='word_1_317' title='bbox 2265 1899 2455 1964; x_wconf 89' lang='lat' dir='ltr'><strong>stupa,</strong></span> <span class='ocrx_word' id='word_1_318' title='bbox 2490 1908 2642 1961; x_wconf 89' lang='lat' dir='ltr'><strong>cera,</strong></span> <span class='ocrx_word' id='word_1_319' title='bbox 2677 1891 2849 1963; x_wconf 87' lang='lat' dir='ltr'><strong>lignis</strong></span> <span class='ocrx_word' id='word_1_320' title='bbox 2908 1891 3088 1946; x_wconf 84' lang='lat' dir='ltr'><strong>aridis</strong></span> <span class='ocrx_word' id='word_1_321' title='bbox 3145 1898 3199 1947; x_wconf 89' lang='lat' dir='ltr'><strong>et</strong></span> <span class='ocrx_word' id='word_1_322' title='bbox 3256 1889 3502 1963; x_wconf 89' lang='lat' dir='ltr'><strong>stipula,</strong></span> <span class='ocrx_word' id='word_1_323' title='bbox 3532 1896 3588 1947; x_wconf 88' lang='lat' dir='ltr'><strong>et</strong></span> 
     </span>
     <span class='ocr_line' id='line_1_52' title="bbox 1934 1979 3587 2060; baseline -0.002 -18"><span class='ocrx_word' id='word_1_324' title='bbox 1934 2000 2315 2060; x_wconf 67' lang='lat' dir='ltr'><strong>quaecumque</strong></span> <span class='ocrx_word' id='word_1_325' title='bbox 2363 1982 2548 2039; x_wconf 89' lang='lat' dir='ltr'><strong>solent</strong></span> <span class='ocrx_word' id='word_1_326' title='bbox 2589 1982 2920 2037; x_wconf 89' lang='lat' dir='ltr'><strong>incendium</strong></span> <span class='ocrx_word' id='word_1_327' title='bbox 2964 1979 3207 2048; x_wconf 86' lang='lat' dir='ltr'><strong>irritare,</strong></span> <span class='ocrx_word' id='word_1_328' title='bbox 3241 1984 3303 2037; x_wconf 87' lang='lat' dir='ltr'><strong>et</strong></span> <span class='ocrx_word' id='word_1_329' title='bbox 3349 1980 3587 2051; x_wconf 80' lang='lat' dir='ltr'><strong>ignibus</strong></span> 
     </span>
     <span class='ocr_line' id='line_1_53' title="bbox 1935 2069 3586 2143; baseline -0.005 -9"><span class='ocrx_word' id='word_1_330' title='bbox 1935 2076 2265 2134; x_wconf 87' lang='lat' dir='ltr'><strong>ministrare</strong></span> <span class='ocrx_word' id='word_1_331' title='bbox 2297 2070 3038 2143; x_wconf 81' lang='lat' dir='ltr'><strong>fomitem,jaculabantur.</strong></span> <span class='ocrx_word' id='word_1_332' title='bbox 3073 2070 3273 2127; x_wconf 83' lang='lat' dir='ltr'><strong>Fiebat</strong></span> <span class='ocrx_word' id='word_1_333' title='bbox 3317 2069 3501 2141; x_wconf 84' lang='lat' dir='ltr'><strong>igitur</strong></span> <span class='ocrx_word' id='word_1_334' title='bbox 3528 2070 3586 2126; x_wconf 90' lang='lat' dir='ltr'><strong>iu</strong></span> 
     </span>
     <span class='ocr_line' id='line_1_54' title="bbox 1937 2160 3589 2236; baseline -0.003 -14"><span class='ocrx_word' id='word_1_335' title='bbox 1937 2171 2180 2235; x_wconf 90' lang='lat' dir='ltr'><strong>utroque</strong></span> <span class='ocrx_word' id='word_1_336' title='bbox 2223 2162 2435 2236; x_wconf 90' lang='lat' dir='ltr'><strong>populo</strong></span> <span class='ocrx_word' id='word_1_337' title='bbox 2486 2170 2709 2233; x_wconf 88' lang='lat' dir='ltr'><strong>strages</strong></span> <span class='ocrx_word' id='word_1_338' title='bbox 2764 2160 3035 2226; x_wconf 86' lang='lat' dir='ltr'><strong>maxima,</strong></span> <span class='ocrx_word' id='word_1_339' title='bbox 3075 2164 3134 2216; x_wconf 90' lang='lat' dir='ltr'><strong>et</strong></span> <span class='ocrx_word' id='word_1_340' title='bbox 3211 2160 3283 2215; x_wconf 92' lang='lat' dir='ltr'><strong>de</strong></span> <span class='ocrx_word' id='word_1_341' title='bbox 3341 2164 3589 2232; x_wconf 87' lang='lat' dir='ltr'><strong>utraque</strong></span> 
     </span>
     <span class='ocr_line' id='line_1_55' title="bbox 1938 2248 3586 2323; baseline -0.003 -12"><span class='ocrx_word' id='word_1_342' title='bbox 1938 2258 2145 2323; x_wconf 84' lang='lat' dir='ltr'><strong>classe,</strong></span> <span class='ocrx_word' id='word_1_343' title='bbox 2174 2253 2356 2311; x_wconf 81' lang='lat' dir='ltr'><strong>variis</strong></span> <span class='ocrx_word' id='word_1_344' title='bbox 2383 2252 2615 2308; x_wconf 88' lang='lat' dir='ltr'><strong>casibus</strong></span> <span class='ocrx_word' id='word_1_345' title='bbox 2671 2254 2729 2306; x_wconf 91' lang='lat' dir='ltr'><strong>et</strong></span> <span class='ocrx_word' id='word_1_346' title='bbox 2765 2250 3069 2306; x_wconf 88' lang='lat' dir='ltr'><strong>eventibus</strong></span> <span class='ocrx_word' id='word_1_347' title='bbox 3100 2248 3417 2320; x_wconf 85' lang='lat' dir='ltr'><strong>inopinatis</strong></span> <span class='ocrx_word' id='word_1_348' title='bbox 3447 2248 3586 2323; x_wconf 92' lang='lat' dir='ltr'><strong>plu-</strong></span> 
     </span>
     <span class='ocr_line' id='line_1_56' title="bbox 1940 2338 3580 2410; baseline -0.004 -9"><span class='ocrx_word' id='word_1_349' title='bbox 1940 2344 2070 2401; x_wconf 89' lang='lat' dir='ltr'><strong>rimi</strong></span> <span class='ocrx_word' id='word_1_350' title='bbox 2102 2342 2536 2399; x_wconf 87' lang='lat' dir='ltr'><strong>sternebantur.</strong></span> <span class='ocrx_word' id='word_1_351' title='bbox 2569 2339 2679 2396; x_wconf 85' lang='lat' dir='ltr'><strong>Alii</strong></span> <span class='ocrx_word' id='word_1_352' title='bbox 2709 2340 2864 2395; x_wconf 88' lang='lat' dir='ltr'><strong>enim</strong></span> <span class='ocrx_word' id='word_1_353' title='bbox 2906 2339 3491 2410; x_wconf 76' lang='lat' dir='ltr'><strong>machinarumjactu</strong></span> <span class='ocrx_word' id='word_1_354' title='bbox 3520 2338 3580 2395; x_wconf 92' lang='lat' dir='ltr'><strong>in</strong></span> 
     </span>
     <span class='ocr_line' id='line_1_57' title="bbox 1942 2427 3590 2496; baseline -0.002 -7"><span class='ocrx_word' id='word_1_355' title='bbox 1942 2434 2127 2489; x_wconf 78' lang='lat' dir='ltr'><strong>frusta</strong></span> <span class='ocrx_word' id='word_1_356' title='bbox 2155 2432 2600 2487; x_wconf 85' lang='lat' dir='ltr'><strong>conterebantur</strong></span> <span class='ocrx_word' id='word_1_357' title='bbox 2630 2429 3058 2496; x_wconf 80' lang='lat' dir='ltr'><strong>munitissima3</strong></span> <span class='ocrx_word' id='word_1_358' title='bbox 3092 2427 3186 2483; x_wconf 91' lang='lat' dir='ltr'><strong>alii</strong></span> <span class='ocrx_word' id='word_1_359' title='bbox 3206 2435 3365 2485; x_wconf 85' lang='lat' dir='ltr'><strong>trans</strong></span> <span class='ocrx_word' id='word_1_360' title='bbox 3385 2428 3590 2486; x_wconf 82' lang='lat' dir='ltr'><strong>loricas</strong></span> 
     </span>
     <span class='ocr_line' id='line_1_58' title="bbox 1942 2516 3593 2594; baseline -0.002 -15"><span class='ocrx_word' id='word_1_361' title='bbox 1942 2528 2001 2580; x_wconf 90' lang='lat' dir='ltr'><strong>et</strong></span> <span class='ocrx_word' id='word_1_362' title='bbox 2030 2523 2279 2594; x_wconf 76' lang='lat' dir='ltr'><strong>clypeoS,</strong></span> <span class='ocrx_word' id='word_1_363' title='bbox 2313 2521 2535 2592; x_wconf 87' lang='lat' dir='ltr'><strong>sagittis</strong></span> <span class='ocrx_word' id='word_1_364' title='bbox 2591 2525 2649 2575; x_wconf 88' lang='lat' dir='ltr'><strong>et</strong></span> <span class='ocrx_word' id='word_1_365' title='bbox 2705 2519 2952 2574; x_wconf 88' lang='lat' dir='ltr'><strong>telorum</strong></span> <span class='ocrx_word' id='word_1_366' title='bbox 3001 2516 3436 2590; x_wconf 86' lang='lat' dir='ltr'><strong>multiplicitate</strong></span> <span class='ocrx_word' id='word_1_367' title='bbox 3463 2533 3593 2575; x_wconf 88' lang='lat' dir='ltr'><strong>con-</strong></span> 
     </span>
     <span class='ocr_line' id='line_1_59' title="bbox 1941 2606 3590 2682; baseline -0.004 -12"><span class='ocrx_word' id='word_1_368' title='bbox 1941 2611 2105 2682; x_wconf 78' lang='lat' dir='ltr'><strong>fossi,</strong></span> <span class='ocrx_word' id='word_1_369' title='bbox 2137 2609 2335 2665; x_wconf 90' lang='lat' dir='ltr'><strong>subito</strong></span> <span class='ocrx_word' id='word_1_370' title='bbox 2368 2608 2717 2664; x_wconf 79' lang='lat' dir='ltr'><strong>deficiebant</strong></span> <span class='ocrx_word' id='word_1_371' title='bbox 2745 2612 3117 2675; x_wconf 89' lang='lat' dir='ltr'><strong>corruentes;</strong></span> <span class='ocrx_word' id='word_1_372' title='bbox 3152 2606 3246 2662; x_wconf 86' lang='lat' dir='ltr'><strong>alii</strong></span> <span class='ocrx_word' id='word_1_373' title='bbox 3281 2606 3590 2680; x_wconf 89' lang='lat' dir='ltr'><strong>pugillari·</strong></span> 
     </span>
     <span class='ocr_line' id='line_1_60' title="bbox 1940 2692 3596 2765; baseline -0.002 -11"><span class='ocrx_word' id='word_1_374' title='bbox 1940 2699 2071 2765; x_wconf 89' lang='lat' dir='ltr'><strong>bus,</strong></span> <span class='ocrx_word' id='word_1_375' title='bbox 2108 2712 2278 2753; x_wconf 88' lang='lat' dir='ltr'><strong>manu</strong></span> <span class='ocrx_word' id='word_1_376' title='bbox 2338 2695 2538 2751; x_wconf 89' lang='lat' dir='ltr'><strong>missis</strong></span> <span class='ocrx_word' id='word_1_377' title='bbox 2595 2693 2678 2749; x_wconf 91' lang='lat' dir='ltr'><strong>vel</strong></span> <span class='ocrx_word' id='word_1_378' title='bbox 2741 2692 2944 2762; x_wconf 77' lang='lat' dir='ltr'><strong>lunda,</strong></span> <span class='ocrx_word' id='word_1_379' title='bbox 2977 2694 3249 2750; x_wconf 79' lang='lat' dir='ltr'><strong>cautibus</strong></span> <span class='ocrx_word' id='word_1_380' title='bbox 3300 2693 3460 2762; x_wconf 90' lang='lat' dir='ltr'><strong>elisi,</strong></span> <span class='ocrx_word' id='word_1_381' title='bbox 3490 2698 3596 2750; x_wconf 88' lang='lat' dir='ltr'><strong>aut</strong></span> 
     </span>
     <span class='ocr_line' id='line_1_61' title="bbox 1942 2780 3594 2854; baseline -0.002 -12"><span class='ocrx_word' id='word_1_382' title='bbox 1942 2785 2344 2842; x_wconf 87' lang='lat' dir='ltr'><strong>moriebantur</strong></span> <span class='ocrx_word' id='word_1_383' title='bbox 2402 2782 2689 2854; x_wconf 89' lang='lat' dir='ltr'><strong>protinus,</strong></span> <span class='ocrx_word' id='word_1_384' title='bbox 2723 2788 2822 2837; x_wconf 91' lang='lat' dir='ltr'><strong>aut</strong></span> <span class='ocrx_word' id='word_1_385' title='bbox 2878 2780 3096 2837; x_wconf 86' lang='lat' dir='ltr'><strong>attritis</strong></span> <span class='ocrx_word' id='word_1_386' title='bbox 3154 2781 3460 2850; x_wconf 87' lang='lat' dir='ltr'><strong>membris,</strong></span> <span class='ocrx_word' id='word_1_387' title='bbox 3492 2796 3594 2853; x_wconf 86' lang='lat' dir='ltr'><strong>per</strong></span> 
     </span>
     <span class='ocr_line' id='line_1_62' title="bbox 1944 2870 3592 2943; baseline -0.003 -11"><span class='ocrx_word' id='word_1_388' title='bbox 1944 2875 2319 2939; x_wconf 86' lang='lat' dir='ltr'><strong>multosdies,</strong></span> <span class='ocrx_word' id='word_1_389' title='bbox 2341 2872 2520 2928; x_wconf 90' lang='lat' dir='ltr'><strong>autin</strong></span> <span class='ocrx_word' id='word_1_390' title='bbox 2545 2879 2885 2943; x_wconf 85' lang='lat' dir='ltr'><strong>perpetuum</strong></span> <span class='ocrx_word' id='word_1_391' title='bbox 2910 2870 3311 2927; x_wconf 88' lang='lat' dir='ltr'><strong>reddebantur</strong></span> <span class='ocrx_word' id='word_1_392' title='bbox 3333 2870 3592 2927; x_wconf 90' lang='lat' dir='ltr'><strong>inutiles.</strong></span> 
     </span>
     <span class='ocr_line' id='line_1_63' title="bbox 1943 2957 3594 3031; baseline -0.002 -11"><span class='ocrx_word' id='word_1_393' title='bbox 1943 2962 2057 3020; x_wconf 90' lang='lat' dir='ltr'><strong>Nec</strong></span> <span class='ocrx_word' id='word_1_394' title='bbox 2070 2966 2261 3019; x_wconf 91' lang='lat' dir='ltr'><strong>tamen</strong></span> <span class='ocrx_word' id='word_1_395' title='bbox 2291 2960 2384 3017; x_wconf 90' lang='lat' dir='ltr'><strong>his</strong></span> <span class='ocrx_word' id='word_1_396' title='bbox 2405 2960 2680 3016; x_wconf 89' lang='lat' dir='ltr'><strong>omnibus</strong></span> <span class='ocrx_word' id='word_1_397' title='bbox 2732 2957 3009 3031; x_wconf 88' lang='lat' dir='ltr'><strong>periculis</strong></span> <span class='ocrx_word' id='word_1_398' title='bbox 3047 2957 3120 3014; x_wconf 91' lang='lat' dir='ltr'><strong>ab</strong></span> <span class='ocrx_word' id='word_1_399' title='bbox 3140 2974 3313 3030; x_wconf 88' lang='lat' dir='ltr'><strong>opere</strong></span> <span class='ocrx_word' id='word_1_400' title='bbox 3333 2958 3594 3017; x_wconf 88' lang='lat' dir='ltr'><strong>deterre·</strong></span> 
     </span>
     <span class='ocr_line' id='line_1_64' title="bbox 1945 3047 3596 3121; baseline -0.002 -12"><span class='ocrx_word' id='word_1_401' title='bbox 1945 3053 2160 3110; x_wconf 90' lang='lat' dir='ltr'><strong>bantur</strong></span> <span class='ocrx_word' id='word_1_402' title='bbox 2191 3051 2440 3121; x_wconf 88' lang='lat' dir='ltr'><strong>incepto,</strong></span> <span class='ocrx_word' id='word_1_403' title='bbox 2475 3066 2580 3105; x_wconf 89' lang='lat' dir='ltr'><strong>nec</strong></span> <span class='ocrx_word' id='word_1_404' title='bbox 2611 3047 3024 3121; x_wconf 80' lang='lat' dir='ltr'><strong>congrediendi</strong></span> <span class='ocrx_word' id='word_1_405' title='bbox 3056 3050 3240 3105; x_wconf 76' lang='lat' dir='ltr'><strong>servor</strong></span> <span class='ocrx_word' id='word_1_406' title='bbox 3280 3048 3373 3105; x_wconf 89' lang='lat' dir='ltr'><strong>bis</strong></span> <span class='ocrx_word' id='word_1_407' title='bbox 3404 3050 3596 3107; x_wconf 90' lang='lat' dir='ltr'><strong>omni-</strong></span> 
     </span>
    </p>
   </div>
   <div class='ocr_carea' id='block_1_13' title="bbox 185 3129 3598 3219">
    <p class='ocr_par' dir='ltr' id='par_1_13' title="bbox 185 3129 3598 3219">
     <span class='ocr_line' id='line_1_65' title="bbox 185 3129 3598 3219; baseline -0.002 -22"><span class='ocrx_word' id='word_1_408' title='bbox 185 3141 438 3212; x_wconf 81' lang='lat' dir='ltr'><strong>singulis</strong></span> <span class='ocrx_word' id='word_1_409' title='bbox 488 3139 750 3197; x_wconf 88' lang='lat' dir='ltr'><strong>turribus</strong></span> <span class='ocrx_word' id='word_1_410' title='bbox 797 3137 1156 3196; x_wconf 88' lang='lat' dir='ltr'><strong>constitutis.</strong></span> <span class='ocrx_word' id='word_1_411' title='bbox 1190 3138 1469 3194; x_wconf 80' lang='lat' dir='ltr'><strong>Praeterea</strong></span> <span class='ocrx_word' id='word_1_412' title='bbox 1499 3145 1551 3194; x_wconf 91' lang='lat' dir='ltr'><strong>et</strong></span> <span class='ocrx_word' id='word_1_413' title='bbox 1583 3138 1684 3208; x_wconf 90' lang='lat' dir='ltr'><strong>qui</strong></span> <span class='ocrx_word' id='word_1_414' title='bbox 1714 3129 1833 3192; x_wconf 72' lang='lat' dir='ltr'><strong>ma·</strong></span> <span class='ocrx_word' id='word_1_415' title='bbox 1861 3153 1910 3219; x_wconf 78' lang='lat' dir='ltr'>c</span> <span class='ocrx_word' id='word_1_416' title='bbox 1949 3142 2059 3198; x_wconf 81' lang='lat' dir='ltr'><strong>bus</strong></span> <span class='ocrx_word' id='word_1_417' title='bbox 2093 3142 2150 3197; x_wconf 84' lang='lat' dir='ltr'><strong>in</strong></span> <span class='ocrx_word' id='word_1_418' title='bbox 2170 3141 2254 3197; x_wconf 76' lang='lat' dir='ltr'><strong>eis</strong></span> <span class='ocrx_word' id='word_1_419' title='bbox 2286 3143 2515 3213; x_wconf 86' lang='lat' dir='ltr'><strong>poterat</strong></span> <span class='ocrx_word' id='word_1_420' title='bbox 2544 3138 2834 3210; x_wconf 85' lang='lat' dir='ltr'><strong>mitigari;</strong></span> <span class='ocrx_word' id='word_1_421' title='bbox 2869 3154 2973 3194; x_wconf 87' lang='lat' dir='ltr'><strong>nec</strong></span> <span class='ocrx_word' id='word_1_422' title='bbox 3022 3145 3143 3195; x_wconf 87' lang='lat' dir='ltr'><strong>erat</strong></span> <span class='ocrx_word' id='word_1_423' title='bbox 3174 3136 3343 3194; x_wconf 78' lang='lat' dir='ltr'><strong>facile</strong></span> <span class='ocrx_word' id='word_1_424' title='bbox 3372 3139 3598 3196; x_wconf 76' lang='lat' dir='ltr'><strong>discar-</strong></span> 
     </span>
    </p>
   </div>
   <div class='ocr_carea' id='block_1_14' title="bbox 181 3225 1842 4102">
    <p class='ocr_par' dir='ltr' id='par_1_14' title="bbox 181 3225 1842 4102">
     <span class='ocr_line' id='line_1_66' title="bbox 181 3225 1835 3301; baseline -0.003 -16"><span class='ocrx_word' id='word_1_425' title='bbox 181 3230 348 3301; x_wconf 77' lang='lat' dir='ltr'><strong>jores</strong></span> <span class='ocrx_word' id='word_1_426' title='bbox 377 3236 543 3285; x_wconf 89' lang='lat' dir='ltr'><strong>erant</strong></span> <span class='ocrx_word' id='word_1_427' title='bbox 602 3235 758 3296; x_wconf 90' lang='lat' dir='ltr'><strong>natu,</strong></span> <span class='ocrx_word' id='word_1_428' title='bbox 792 3231 849 3284; x_wconf 91' lang='lat' dir='ltr'><strong>et</strong></span> <span class='ocrx_word' id='word_1_429' title='bbox 905 3227 1120 3299; x_wconf 91' lang='lat' dir='ltr'><strong>quibus</strong></span> <span class='ocrx_word' id='word_1_430' title='bbox 1176 3225 1505 3298; x_wconf 82' lang='lat' dir='ltr'><strong>reipublicae</strong></span> <span class='ocrx_word' id='word_1_431' title='bbox 1536 3230 1660 3280; x_wconf 87' lang='lat' dir='ltr'><strong>erat</strong></span> <span class='ocrx_word' id='word_1_432' title='bbox 1697 3240 1835 3281; x_wconf 83' lang='lat' dir='ltr'><strong>cura</strong></span> 
     </span>
     <span class='ocr_line' id='line_1_67' title="bbox 188 3314 1841 3391; baseline -0.003 -16"><span class='ocrx_word' id='word_1_433' title='bbox 188 3318 553 3391; x_wconf 87' lang='lat' dir='ltr'><strong>propensior,</strong></span> <span class='ocrx_word' id='word_1_434' title='bbox 578 3315 798 3389; x_wconf 86' lang='lat' dir='ltr'><strong>plateas</strong></span> <span class='ocrx_word' id='word_1_435' title='bbox 817 3316 1063 3371; x_wconf 89' lang='lat' dir='ltr'><strong>civitatis</strong></span> <span class='ocrx_word' id='word_1_436' title='bbox 1086 3315 1436 3383; x_wconf 83' lang='lat' dir='ltr'><strong>circuibant,</strong></span> <span class='ocrx_word' id='word_1_437' title='bbox 1462 3314 1605 3370; x_wconf 90' lang='lat' dir='ltr'><strong>alios</strong></span> <span class='ocrx_word' id='word_1_438' title='bbox 1638 3315 1841 3371; x_wconf 88' lang='lat' dir='ltr'><strong>admo·</strong></span> 
     </span>
     <span class='ocr_line' id='line_1_68' title="bbox 192 3401 1839 3479; baseline -0.003 -17"><span class='ocrx_word' id='word_1_439' title='bbox 192 3410 418 3474; x_wconf 88' lang='lat' dir='ltr'><strong>nentes,</strong></span> <span class='ocrx_word' id='word_1_440' title='bbox 452 3422 554 3479; x_wconf 92' lang='lat' dir='ltr'><strong>pro</strong></span> <span class='ocrx_word' id='word_1_441' title='bbox 590 3404 861 3461; x_wconf 84' lang='lat' dir='ltr'><strong>uxoribus</strong></span> <span class='ocrx_word' id='word_1_442' title='bbox 890 3407 947 3459; x_wconf 89' lang='lat' dir='ltr'><strong>ct</strong></span> <span class='ocrx_word' id='word_1_443' title='bbox 975 3403 1201 3473; x_wconf 86' lang='lat' dir='ltr'><strong>liberis,</strong></span> <span class='ocrx_word' id='word_1_444' title='bbox 1225 3419 1326 3475; x_wconf 93' lang='lat' dir='ltr'><strong>pro</strong></span> <span class='ocrx_word' id='word_1_445' title='bbox 1356 3402 1533 3459; x_wconf 88' lang='lat' dir='ltr'><strong>rebus</strong></span> <span class='ocrx_word' id='word_1_446' title='bbox 1563 3401 1839 3458; x_wconf 88' lang='lat' dir='ltr'><strong>domesti-</strong></span> 
     </span>
     <span class='ocr_line' id='line_1_69' title="bbox 192 3491 1842 3566; baseline -0.004 -13"><span class='ocrx_word' id='word_1_447' title='bbox 192 3497 301 3565; x_wconf 90' lang='lat' dir='ltr'><strong>cis,</strong></span> <span class='ocrx_word' id='word_1_448' title='bbox 330 3498 388 3552; x_wconf 87' lang='lat' dir='ltr'><strong>et</strong></span> <span class='ocrx_word' id='word_1_449' title='bbox 416 3498 574 3551; x_wconf 88' lang='lat' dir='ltr'><strong>statu</strong></span> <span class='ocrx_word' id='word_1_450' title='bbox 605 3493 839 3566; x_wconf 92' lang='lat' dir='ltr'><strong>publico</strong></span> <span class='ocrx_word' id='word_1_451' title='bbox 870 3508 932 3549; x_wconf 91' lang='lat' dir='ltr'><strong>se</strong></span> <span class='ocrx_word' id='word_1_452' title='bbox 971 3492 1305 3549; x_wconf 85' lang='lat' dir='ltr'><strong>exhiberent</strong></span> <span class='ocrx_word' id='word_1_453' title='bbox 1346 3491 1645 3565; x_wconf 80' lang='lat' dir='ltr'><strong>pervigiles</strong></span> <span class='ocrx_word' id='word_1_454' title='bbox 1669 3516 1683 3560; x_wconf 82' lang='lat'>;</span> <span class='ocrx_word' id='word_1_455' title='bbox 1707 3507 1842 3562; x_wconf 88' lang='lat' dir='ltr'><strong>por-</strong></span> 
     </span>
     <span class='ocr_line' id='line_1_70' title="bbox 193 3581 1842 3655; baseline -0.004 -13"><span class='ocrx_word' id='word_1_456' title='bbox 193 3590 288 3642; x_wconf 83' lang='lat' dir='ltr'><strong>tas</strong></span> <span class='ocrx_word' id='word_1_457' title='bbox 308 3587 366 3641; x_wconf 87' lang='lat' dir='ltr'><strong>et</strong></span> <span class='ocrx_word' id='word_1_458' title='bbox 393 3584 551 3641; x_wconf 91' lang='lat' dir='ltr'><strong>vicos</strong></span> <span class='ocrx_word' id='word_1_459' title='bbox 574 3582 1014 3655; x_wconf 87' lang='lat' dir='ltr'><strong>perlustrarent,</strong></span> <span class='ocrx_word' id='word_1_460' title='bbox 1032 3598 1102 3640; x_wconf 93' lang='lat' dir='ltr'><strong>ne</strong></span> <span class='ocrx_word' id='word_1_461' title='bbox 1115 3598 1230 3653; x_wconf 88' lang='lat' dir='ltr'><strong>qua</strong></span> <span class='ocrx_word' id='word_1_462' title='bbox 1244 3581 1497 3638; x_wconf 86' lang='lat' dir='ltr'><strong>bostium</strong></span> <span class='ocrx_word' id='word_1_463' title='bbox 1512 3582 1602 3636; x_wconf 88' lang='lat' dir='ltr'><strong>via</strong></span> <span class='ocrx_word' id='word_1_464' title='bbox 1624 3585 1842 3653; x_wconf 82' lang='lat' dir='ltr'><strong>pateret</strong></span> 
     </span>
     <span class='ocr_line' id='line_1_71' title="bbox 185 3671 1838 3744; baseline -0.003 -14"><span class='ocrx_word' id='word_1_465' title='bbox 185 3674 246 3730; x_wconf 91' lang='lat' dir='ltr'><strong>in</strong></span> <span class='ocrx_word' id='word_1_466' title='bbox 277 3672 539 3730; x_wconf 89' lang='lat' dir='ltr'><strong>insidiis.</strong></span> <span class='ocrx_word' id='word_1_467' title='bbox 565 3672 667 3729; x_wconf 90' lang='lat' dir='ltr'><strong>His</strong></span> <span class='ocrx_word' id='word_1_468' title='bbox 690 3671 864 3744; x_wconf 85' lang='lat' dir='ltr'><strong>igitur</strong></span> <span class='ocrx_word' id='word_1_469' title='bbox 889 3672 1047 3728; x_wconf 87' lang='lat' dir='ltr'><strong>curis</strong></span> <span class='ocrx_word' id='word_1_470' title='bbox 1082 3687 1212 3744; x_wconf 90' lang='lat' dir='ltr'><strong>pars</strong></span> <span class='ocrx_word' id='word_1_471' title='bbox 1235 3671 1559 3743; x_wconf 88' lang='lat' dir='ltr'><strong>angebatur</strong></span> <span class='ocrx_word' id='word_1_472' title='bbox 1574 3675 1838 3741; x_wconf 86' lang='lat' dir='ltr'><strong>utraque,</strong></span> 
     </span>
     <span class='ocr_line' id='line_1_72' title="bbox 187 3756 1841 3834; baseline -0.004 -15"><span class='ocrx_word' id='word_1_473' title='bbox 187 3779 293 3819; x_wconf 89' lang='lat' dir='ltr'><strong>nec</strong></span> <span class='ocrx_word' id='word_1_474' title='bbox 345 3761 556 3834; x_wconf 89' lang='lat' dir='ltr'><strong>quietis</strong></span> <span class='ocrx_word' id='word_1_475' title='bbox 612 3761 803 3817; x_wconf 88' lang='lat' dir='ltr'><strong>locum</strong></span> <span class='ocrx_word' id='word_1_476' title='bbox 863 3760 1200 3817; x_wconf 88' lang='lat' dir='ltr'><strong>sollicitudo</strong></span> <span class='ocrx_word' id='word_1_477' title='bbox 1233 3756 1474 3831; x_wconf 78' lang='lat' dir='ltr'><strong>pervigil</strong></span> <span class='ocrx_word' id='word_1_478' title='bbox 1508 3756 1841 3831; x_wconf 87' lang='lat' dir='ltr'><strong>patiebatur</strong></span> 
     </span>
     <span class='ocr_line' id='line_1_73' title="bbox 185 3848 1836 3922; baseline -0.005 -13"><span class='ocrx_word' id='word_1_479' title='bbox 185 3853 414 3908; x_wconf 88' lang='lat' dir='ltr'><strong>adesse.</strong></span> <span class='ocrx_word' id='word_1_480' title='bbox 441 3851 708 3906; x_wconf 87' lang='lat' dir='ltr'><strong>Deterius</strong></span> <span class='ocrx_word' id='word_1_481' title='bbox 755 3855 877 3906; x_wconf 87' lang='lat' dir='ltr'><strong>erat</strong></span> <span class='ocrx_word' id='word_1_482' title='bbox 931 3850 1218 3922; x_wconf 89' lang='lat' dir='ltr'><strong>partibus,</strong></span> <span class='ocrx_word' id='word_1_483' title='bbox 1252 3852 1517 3904; x_wconf 86' lang='lat' dir='ltr'><strong>cessante</strong></span> <span class='ocrx_word' id='word_1_484' title='bbox 1548 3848 1836 3917; x_wconf 83' lang='lat' dir='ltr'><strong>conflictu,</strong></span> 
     </span>
     <span class='ocr_line' id='line_1_74' title="bbox 184 3936 1838 4010; baseline -0.004 -12"><span class='ocrx_word' id='word_1_485' title='bbox 184 3942 401 3998; x_wconf 90' lang='lat' dir='ltr'><strong>animis</strong></span> <span class='ocrx_word' id='word_1_486' title='bbox 421 3940 825 4008; x_wconf 65' lang='lat' dir='ltr'><strong>aestuantibus,</strong></span> <span class='ocrx_word' id='word_1_487' title='bbox 859 3957 960 3995; x_wconf 91' lang='lat' dir='ltr'><strong>ncc</strong></span> <span class='ocrx_word' id='word_1_488' title='bbox 982 3939 1327 3995; x_wconf 87' lang='lat' dir='ltr'><strong>habentibus</strong></span> <span class='ocrx_word' id='word_1_489' title='bbox 1358 3936 1638 4010; x_wconf 85' lang='lat' dir='ltr'><strong>requiem,</strong></span> <span class='ocrx_word' id='word_1_490' title='bbox 1662 3952 1838 4007; x_wconf 80' lang='lat' dir='ltr'><strong>quam</strong></span> 
     </span>
     <span class='ocr_line' id='line_1_75' title="bbox 184 4028 1534 4102; baseline -0.001 -17"><span class='ocrx_word' id='word_1_491' title='bbox 184 4030 369 4101; x_wconf 88' lang='lat' dir='ltr'><strong>pridie</strong></span> <span class='ocrx_word' id='word_1_492' title='bbox 401 4030 608 4096; x_wconf 81' lang='lat' dir='ltr'><strong>fuerat,</strong></span> <span class='ocrx_word' id='word_1_493' title='bbox 644 4029 782 4085; x_wconf 91' lang='lat' dir='ltr'><strong>dum</strong></span> <span class='ocrx_word' id='word_1_494' title='bbox 818 4030 876 4084; x_wconf 89' lang='lat' dir='ltr'><strong>in</strong></span> <span class='ocrx_word' id='word_1_495' title='bbox 911 4028 1108 4102; x_wconf 83' lang='lat' dir='ltr'><strong>proelio</strong></span> <span class='ocrx_word' id='word_1_496' title='bbox 1138 4028 1534 4084; x_wconf 81' lang='lat' dir='ltr'><strong>desudaretur.</strong></span> 
     </span>
    </p>
   </div>
   <div class='ocr_carea' id='block_1_15' title="bbox 825 4135 1203 4192">
    <p class='ocr_par' dir='ltr' id='par_1_15' title="bbox 825 4135 1203 4192">
     <span class='ocr_line' id='line_1_76' title="bbox 825 4135 1203 4192; baseline 0.003 -1"><span class='ocrx_word' id='word_1_497' title='bbox 825 4136 1057 4192; x_wconf 84' lang='lat' dir='ltr'>CAPUT</span> <span class='ocrx_word' id='word_1_498' title='bbox 1088 4135 1203 4192; x_wconf 88' lang='lat' dir='ltr'><strong>XV.</strong></span> 
     </span>
    </p>
   </div>
   <div class='ocr_carea' id='block_1_16' title="bbox 187 4223 1838 4434">
    <p class='ocr_par' dir='ltr' id='par_1_16' title="bbox 187 4223 1838 4434">
     <span class='ocr_line' id='line_1_77' title="bbox 187 4223 1837 4295; baseline -0.002 -13"><span class='ocrx_word' id='word_1_499' title='bbox 187 4225 445 4295; x_wconf 80' lang='lat' dir='ltr'><strong>Sequenti</strong></span> <span class='ocrx_word' id='word_1_500' title='bbox 473 4224 565 4280; x_wconf 83' lang='lat' dir='ltr'><strong>die</strong></span> <span class='ocrx_word' id='word_1_501' title='bbox 601 4223 827 4279; x_wconf 81' lang='lat' dir='ltr'><strong>redeunt</strong></span> <span class='ocrx_word' id='word_1_502' title='bbox 869 4227 925 4277; x_wconf 82' lang='lat' dir='ltr'><strong>in</strong></span> <span class='ocrx_word' id='word_1_503' title='bbox 977 4224 1238 4294; x_wconf 76' lang='lat' dir='ltr'><strong>idipsum,</strong></span> <span class='ocrx_word' id='word_1_504' title='bbox 1270 4230 1324 4278; x_wconf 83' lang='lat' dir='ltr'><strong>et</strong></span> <span class='ocrx_word' id='word_1_505' title='bbox 1370 4224 1530 4279; x_wconf 79' lang='lat' dir='ltr'><strong>solito</strong></span> <span class='ocrx_word' id='word_1_506' title='bbox 1561 4223 1837 4280; x_wconf 80' lang='lat' dir='ltr'><strong>vehemen-</strong></span> 
     </span>
     <span class='ocr_line' id='line_1_78' title="bbox 262 4295 1838 4366; baseline 0.002 -18"><span class='ocrx_word' id='word_1_507' title='bbox 262 4297 374 4349; x_wconf 76' lang='lat' dir='ltr'><strong>tius</strong></span> <span class='ocrx_word' id='word_1_508' title='bbox 425 4297 788 4364; x_wconf 72' lang='lat' dir='ltr'><strong>impuonatur</strong></span> <span class='ocrx_word' id='word_1_509' title='bbox 837 4295 1051 4348; x_wconf 80' lang='lat' dir='ltr'><strong>civitas.</strong></span> <span class='ocrx_word' id='word_1_510' title='bbox 1103 4296 1339 4349; x_wconf 79' lang='lat' dir='ltr'><strong>Pereunt</strong></span> <span class='ocrx_word' id='word_1_511' title='bbox 1386 4295 1654 4366; x_wconf 80' lang='lat' dir='ltr'><strong>veneficae,</strong></span> <span class='ocrx_word' id='word_1_512' title='bbox 1712 4308 1838 4366; x_wconf 77' lang='lat' dir='ltr'><strong>quae</strong></span> 
     </span>
     <span class='ocr_line' id='line_1_79' title="bbox 256 4364 1544 4434; baseline 0.002 -16"><span class='ocrx_word' id='word_1_513' title='bbox 256 4369 502 4420; x_wconf 79' lang='lat' dir='ltr'><strong>nostram</strong></span> <span class='ocrx_word' id='word_1_514' title='bbox 535 4364 858 4419; x_wconf 74' lang='lat' dir='ltr'><strong>machinam</strong></span> <span class='ocrx_word' id='word_1_515' title='bbox 884 4366 1227 4434; x_wconf 74' lang='lat' dir='ltr'><strong>lascinatum</strong></span> <span class='ocrx_word' id='word_1_516' title='bbox 1256 4371 1544 4421; x_wconf 78' lang='lat' dir='ltr'><strong>venerant.</strong></span> 
     </span>
    </p>
   </div>
   <div class='ocr_carea' id='block_1_17' title="bbox 1944 3227 3601 4462">
    <p class='ocr_par' dir='ltr' id='par_1_17' title="bbox 1944 3227 3601 4462">
     <span class='ocr_line' id='line_1_80' title="bbox 1953 3227 3599 3300; baseline -0.001 -13"><span class='ocrx_word' id='word_1_517' title='bbox 1953 3246 2089 3287; x_wconf 89' lang='lat' dir='ltr'><strong>nere</strong></span> <span class='ocrx_word' id='word_1_518' title='bbox 2121 3235 2247 3286; x_wconf 91' lang='lat' dir='ltr'><strong>uter</strong></span> <span class='ocrx_word' id='word_1_519' title='bbox 2287 3245 2421 3285; x_wconf 90' lang='lat' dir='ltr'><strong>cum</strong></span> <span class='ocrx_word' id='word_1_520' title='bbox 2480 3228 2695 3299; x_wconf 87' lang='lat' dir='ltr'><strong>majore</strong></span> <span class='ocrx_word' id='word_1_521' title='bbox 2749 3227 2942 3284; x_wconf 90' lang='lat' dir='ltr'><strong>studio</strong></span> <span class='ocrx_word' id='word_1_522' title='bbox 2988 3227 3308 3283; x_wconf 83' lang='lat' dir='ltr'><strong>decertaret</strong></span> <span class='ocrx_word' id='word_1_523' title='bbox 3345 3227 3599 3300; x_wconf 87' lang='lat' dir='ltr'><strong>populus</strong></span> 
     </span>
     <span class='ocr_line' id='line_1_81' title="bbox 1950 3316 3601 3389; baseline 0 -15"><span class='ocrx_word' id='word_1_524' title='bbox 1950 3320 2057 3375; x_wconf 87' lang='lat' dir='ltr'><strong>Sed</strong></span> <span class='ocrx_word' id='word_1_525' title='bbox 2082 3335 2187 3375; x_wconf 89' lang='lat' dir='ltr'><strong>neo</strong></span> <span class='ocrx_word' id='word_1_526' title='bbox 2218 3317 2450 3374; x_wconf 90' lang='lat' dir='ltr'><strong>silentio</strong></span> <span class='ocrx_word' id='word_1_527' title='bbox 2483 3317 2950 3387; x_wconf 63' lang='lat' dir='ltr'><strong>praetereundum</strong></span> <span class='ocrx_word' id='word_1_528' title='bbox 2984 3316 3301 3385; x_wconf 88' lang='lat' dir='ltr'><strong>oredimus,</strong></span> <span class='ocrx_word' id='word_1_529' title='bbox 3333 3319 3488 3389; x_wconf 83' lang='lat' dir='ltr'><strong>quod</strong></span> <span class='ocrx_word' id='word_1_530' title='bbox 3508 3333 3601 3376; x_wconf 81' lang='lat' dir='ltr'><strong>ea-</strong></span> 
     </span>
     <span class='ocr_line' id='line_1_82' title="bbox 1952 3403 3601 3476; baseline 0.001 -12"><span class='ocrx_word' id='word_1_531' title='bbox 1952 3409 2085 3464; x_wconf 90' lang='lat' dir='ltr'><strong>dem</strong></span> <span class='ocrx_word' id='word_1_532' title='bbox 2109 3408 2203 3463; x_wconf 89' lang='lat' dir='ltr'><strong>die</strong></span> <span class='ocrx_word' id='word_1_533' title='bbox 2259 3406 2536 3463; x_wconf 87' lang='lat' dir='ltr'><strong>relatione</strong></span> <span class='ocrx_word' id='word_1_534' title='bbox 2583 3405 2822 3476; x_wconf 89' lang='lat' dir='ltr'><strong>dignum</strong></span> <span class='ocrx_word' id='word_1_535' title='bbox 2866 3403 3080 3461; x_wconf 86' lang='lat' dir='ltr'><strong>dicitur</strong></span> <span class='ocrx_word' id='word_1_536' title='bbox 3118 3405 3419 3462; x_wconf 85' lang='lat' dir='ltr'><strong>accidisse.</strong></span> <span class='ocrx_word' id='word_1_537' title='bbox 3466 3410 3601 3465; x_wconf 82' lang='lat' dir='ltr'><strong>Erat</strong></span> 
     </span>
     <span class='ocr_line' id='line_1_83' title="bbox 1952 3495 3596 3568; baseline -0.001 -13"><span class='ocrx_word' id='word_1_538' title='bbox 1952 3514 2096 3555; x_wconf 90' lang='lat' dir='ltr'><strong>sane</strong></span> <span class='ocrx_word' id='word_1_539' title='bbox 2129 3496 2345 3554; x_wconf 87' lang='lat' dir='ltr'><strong>nostris</strong></span> <span class='ocrx_word' id='word_1_540' title='bbox 2375 3495 2626 3552; x_wconf 86' lang='lat' dir='ltr'><strong>exterius</strong></span> <span class='ocrx_word' id='word_1_541' title='bbox 2667 3511 2780 3551; x_wconf 89' lang='lat' dir='ltr'><strong>una</strong></span> <span class='ocrx_word' id='word_1_542' title='bbox 2830 3495 2980 3552; x_wconf 87' lang='lat' dir='ltr'><strong>inter</strong></span> <span class='ocrx_word' id='word_1_543' title='bbox 3026 3498 3269 3552; x_wconf 79' lang='lat' dir='ltr'><strong>caeteras</strong></span> <span class='ocrx_word' id='word_1_544' title='bbox 3298 3495 3596 3568; x_wconf 85' lang='lat' dir='ltr'><strong>machina,</strong></span> 
     </span>
     <span class='ocr_line' id='line_1_84' title="bbox 1954 3584 3597 3659; baseline 0 -16"><span class='ocrx_word' id='word_1_545' title='bbox 1954 3604 2083 3659; x_wconf 69' lang='lat' dir='ltr'><strong>quaa</strong></span> <span class='ocrx_word' id='word_1_546' title='bbox 2114 3603 2254 3643; x_wconf 84' lang='lat' dir='ltr'><strong>saxa</strong></span> <span class='ocrx_word' id='word_1_547' title='bbox 2277 3585 2411 3642; x_wconf 91' lang='lat' dir='ltr'><strong>miri</strong></span> <span class='ocrx_word' id='word_1_548' title='bbox 2458 3584 2731 3658; x_wconf 90' lang='lat' dir='ltr'><strong>ponderis</strong></span> <span class='ocrx_word' id='word_1_549' title='bbox 2762 3584 2820 3640; x_wconf 91' lang='lat' dir='ltr'><strong>in</strong></span> <span class='ocrx_word' id='word_1_550' title='bbox 2880 3584 3080 3640; x_wconf 90' lang='lat' dir='ltr'><strong>urbem</strong></span> <span class='ocrx_word' id='word_1_551' title='bbox 3115 3584 3299 3640; x_wconf 87' lang='lat' dir='ltr'><strong>multa</strong></span> <span class='ocrx_word' id='word_1_552' title='bbox 3322 3584 3597 3643; x_wconf 85' lang='lat' dir='ltr'><strong>violentia</strong></span> 
     </span>
     <span class='ocr_line' id='line_1_85' title="bbox 1951 3673 3596 3747; baseline 0.001 -15"><span class='ocrx_word' id='word_1_553' title='bbox 1951 3682 2009 3733; x_wconf 90' lang='lat' dir='ltr'><strong>et</strong></span> <span class='ocrx_word' id='word_1_554' title='bbox 2030 3677 2248 3747; x_wconf 88' lang='lat' dir='ltr'><strong>impetu</strong></span> <span class='ocrx_word' id='word_1_555' title='bbox 2281 3674 2633 3733; x_wconf 85' lang='lat' dir='ltr'><strong>immittebat</strong></span> <span class='ocrx_word' id='word_1_556' title='bbox 2661 3673 2954 3740; x_wconf 87' lang='lat' dir='ltr'><strong>horribili,</strong></span> <span class='ocrx_word' id='word_1_557' title='bbox 2985 3690 3110 3747; x_wconf 79' lang='lat' dir='ltr'><strong>quae</strong></span> <span class='ocrx_word' id='word_1_558' title='bbox 3132 3678 3382 3744; x_wconf 86' lang='lat' dir='ltr'><strong>stragem</strong></span> <span class='ocrx_word' id='word_1_559' title='bbox 3404 3676 3465 3731; x_wconf 91' lang='lat' dir='ltr'><strong>in</strong></span> <span class='ocrx_word' id='word_1_560' title='bbox 3498 3691 3596 3747; x_wconf 86' lang='lat' dir='ltr'><strong>po-</strong></span> 
     </span>
     <span class='ocr_line' id='line_1_86' title="bbox 1953 3762 3592 3837; baseline 0.001 -17"><span class='ocrx_word' id='word_1_561' title='bbox 1953 3764 2090 3837; x_wconf 92' lang='lat' dir='ltr'><strong>pulo</strong></span> <span class='ocrx_word' id='word_1_562' title='bbox 2121 3764 2331 3819; x_wconf 80' lang='lat' dir='ltr'><strong>civium</strong></span> <span class='ocrx_word' id='word_1_563' title='bbox 2351 3763 2701 3836; x_wconf 91' lang='lat' dir='ltr'><strong>operabatur</strong></span> <span class='ocrx_word' id='word_1_564' title='bbox 2733 3762 3145 3831; x_wconf 86' lang='lat' dir='ltr'><strong>multiplicem:</strong></span> <span class='ocrx_word' id='word_1_565' title='bbox 3179 3767 3383 3820; x_wconf 88' lang='lat' dir='ltr'><strong>contra</strong></span> <span class='ocrx_word' id='word_1_566' title='bbox 3412 3780 3592 3836; x_wconf 87' lang='lat' dir='ltr'><strong>quam</strong></span> 
     </span>
     <span class='ocr_line' id='line_1_87' title="bbox 1951 3851 3595 3923; baseline 0.001 -13"><span class='ocrx_word' id='word_1_567' title='bbox 1951 3871 2083 3910; x_wconf 91' lang='lat' dir='ltr'><strong>cum</strong></span> <span class='ocrx_word' id='word_1_568' title='bbox 2120 3852 2281 3910; x_wconf 90' lang='lat' dir='ltr'><strong>nulla</strong></span> <span class='ocrx_word' id='word_1_569' title='bbox 2308 3858 2430 3908; x_wconf 87' lang='lat' dir='ltr'><strong>arte</strong></span> <span class='ocrx_word' id='word_1_570' title='bbox 2459 3857 2697 3923; x_wconf 88' lang='lat' dir='ltr'><strong>possent</strong></span> <span class='ocrx_word' id='word_1_571' title='bbox 2727 3851 3025 3922; x_wconf 84' lang='lat' dir='ltr'><strong>proficere,</strong></span> <span class='ocrx_word' id='word_1_572' title='bbox 3056 3853 3204 3909; x_wconf 90' lang='lat' dir='ltr'><strong>duas</strong></span> <span class='ocrx_word' id='word_1_573' title='bbox 3226 3853 3595 3911; x_wconf 85' lang='lat' dir='ltr'><strong>adduxerunt</strong></span> 
     </span>
     <span class='ocr_line' id='line_1_88' title="bbox 1950 3925 3593 4013; baseline 0 -14"><span class='ocrx_word' id='word_1_574' title='bbox 1950 3943 2267 4009; x_wconf 81' lang='lat' dir='ltr'><strong>maleficas,</strong></span> <span class='ocrx_word' id='word_1_575' title='bbox 2305 3946 2367 3996; x_wconf 92' lang='lat' dir='ltr'><strong>ut</strong></span> <span class='ocrx_word' id='word_1_576' title='bbox 2395 3957 2524 3997; x_wconf 90' lang='lat' dir='ltr'><strong>eam</strong></span> <span class='ocrx_word' id='word_1_577' title='bbox 2554 3939 2912 3996; x_wconf 81' lang='lat' dir='ltr'><strong>fascinarent</strong></span> <span class='ocrx_word' id='word_1_578' title='bbox 2942 3945 2998 3997; x_wconf 91' lang='lat' dir='ltr'><strong>et</strong></span> <span class='ocrx_word' id='word_1_579' title='bbox 3040 3925 3282 4013; x_wconf 85' lang='lat' dir='ltr'><strong>magicis</strong></span> <span class='ocrx_word' id='word_1_580' title='bbox 3312 3944 3593 3999; x_wconf 85' lang='lat' dir='ltr'><strong>carmini-</strong></span> 
     </span>
     <span class='ocr_line' id='line_1_89' title="bbox 1949 4030 3592 4105; baseline 0 -15"><span class='ocrx_word' id='word_1_581' title='bbox 1949 4033 2059 4090; x_wconf 89' lang='lat' dir='ltr'><strong>bus</strong></span> <span class='ocrx_word' id='word_1_582' title='bbox 2090 4032 2397 4088; x_wconf 86' lang='lat' dir='ltr'><strong>redderent</strong></span> <span class='ocrx_word' id='word_1_583' title='bbox 2423 4030 2796 4102; x_wconf 89' lang='lat' dir='ltr'><strong>impotentem</strong></span> <span class='ocrx_word' id='word_1_584' title='bbox 2824 4054 2839 4098; x_wconf 70' lang='grc' dir='ltr'><strong>ς</strong></span> <span class='ocrx_word' id='word_1_585' title='bbox 2871 4046 2999 4102; x_wconf 87' lang='lat' dir='ltr'><strong>quae</strong></span> <span class='ocrx_word' id='word_1_586' title='bbox 3028 4030 3168 4087; x_wconf 89' lang='lat' dir='ltr'><strong>dum</strong></span> <span class='ocrx_word' id='word_1_587' title='bbox 3210 4031 3336 4087; x_wconf 87' lang='lat' dir='ltr'><strong>suis</strong></span> <span class='ocrx_word' id='word_1_588' title='bbox 3365 4033 3592 4105; x_wconf 69' lang='lat' dir='ltr'><strong>praesti·</strong></span> 
     </span>
     <span class='ocr_line' id='line_1_90' title="bbox 1947 4119 3590 4195; baseline 0.002 -19"><span class='ocrx_word' id='word_1_589' title='bbox 1947 4123 2061 4195; x_wconf 87' lang='lat' dir='ltr'><strong>giis</strong></span> <span class='ocrx_word' id='word_1_590' title='bbox 2106 4122 2392 4177; x_wconf 88' lang='lat' dir='ltr'><strong>instarent</strong></span> <span class='ocrx_word' id='word_1_591' title='bbox 2448 4135 2623 4190; x_wconf 86' lang='lat' dir='ltr'><strong>super</strong></span> <span class='ocrx_word' id='word_1_592' title='bbox 2670 4135 2924 4188; x_wconf 90' lang='lat' dir='ltr'><strong>murum,</strong></span> <span class='ocrx_word' id='word_1_593' title='bbox 2958 4124 3014 4176; x_wconf 88' lang='lat' dir='ltr'><strong>et</strong></span> <span class='ocrx_word' id='word_1_594' title='bbox 3068 4119 3590 4190; x_wconf 86' lang='lat' dir='ltr'><strong>incantationibus,</strong></span> 
     </span>
     <span class='ocr_line' id='line_1_91' title="bbox 1947 4208 3593 4284; baseline 0.001 -17"><span class='ocrx_word' id='word_1_595' title='bbox 1947 4215 2181 4284; x_wconf 90' lang='lat' dir='ltr'><strong>repente</strong></span> <span class='ocrx_word' id='word_1_596' title='bbox 2237 4226 2305 4266; x_wconf 84' lang='lat' dir='ltr'><strong>ex</strong></span> <span class='ocrx_word' id='word_1_597' title='bbox 2372 4208 2577 4265; x_wconf 92' lang='lat' dir='ltr'><strong>eadem</strong></span> <span class='ocrx_word' id='word_1_598' title='bbox 2645 4208 2915 4263; x_wconf 88' lang='lat' dir='ltr'><strong>machina</strong></span> <span class='ocrx_word' id='word_1_599' title='bbox 2982 4208 3219 4265; x_wconf 87' lang='lat' dir='ltr'><strong>molaris</strong></span> <span class='ocrx_word' id='word_1_600' title='bbox 3283 4209 3593 4268; x_wconf 87' lang='lat' dir='ltr'><strong>immissus</strong></span> 
     </span>
     <span class='ocr_line' id='line_1_92' title="bbox 1947 4296 3590 4372; baseline 0.001 -16"><span class='ocrx_word' id='word_1_601' title='bbox 1947 4305 2250 4372; x_wconf 89' lang='lat' dir='ltr'><strong>utramque</strong></span> <span class='ocrx_word' id='word_1_602' title='bbox 2270 4298 2499 4354; x_wconf 83' lang='lat' dir='ltr'><strong>illarum</strong></span> <span class='ocrx_word' id='word_1_603' title='bbox 2532 4313 2666 4353; x_wconf 91' lang='lat' dir='ltr'><strong>cum</strong></span> <span class='ocrx_word' id='word_1_604' title='bbox 2725 4296 2915 4354; x_wconf 77' lang='lat' dir='ltr'><strong>tribus</strong></span> <span class='ocrx_word' id='word_1_605' title='bbox 2938 4298 3164 4370; x_wconf 88' lang='lat' dir='ltr'><strong>puellis,</strong></span> <span class='ocrx_word' id='word_1_606' title='bbox 3197 4314 3325 4372; x_wconf 79' lang='lat' dir='ltr'><strong>quae</strong></span> <span class='ocrx_word' id='word_1_607' title='bbox 3356 4298 3590 4358; x_wconf 88' lang='lat' dir='ltr'><strong>illarum</strong></span> 
     </span>
     <span class='ocr_line' id='line_1_93' title="bbox 1944 4386 3594 4462; baseline 0.001 -17"><span class='ocrx_word' id='word_1_608' title='bbox 1944 4404 2202 4462; x_wconf 88' lang='lat' dir='ltr'><strong>gressum</strong></span> <span class='ocrx_word' id='word_1_609' title='bbox 2264 4388 2494 4444; x_wconf 84' lang='lat' dir='ltr'><strong>fuerant</strong></span> <span class='ocrx_word' id='word_1_610' title='bbox 2540 4387 2847 4453; x_wconf 83' lang='lat' dir='ltr'><strong>comitatae,</strong></span> <span class='ocrx_word' id='word_1_611' title='bbox 2908 4386 3161 4456; x_wconf 90' lang='lat' dir='ltr'><strong>obtrivit,</strong></span> <span class='ocrx_word' id='word_1_612' title='bbox 3217 4392 3277 4445; x_wconf 90' lang='lat' dir='ltr'><strong>et</strong></span> <span class='ocrx_word' id='word_1_613' title='bbox 3333 4390 3594 4448; x_wconf 84' lang='lat' dir='ltr'><strong>excussis</strong></span> 
     </span>
    </p>
   </div>
   <div class='ocr_carea' id='block_1_18' title="bbox 257 4469 3595 4549">
    <p class='ocr_par' dir='ltr' id='par_1_18' title="bbox 257 4469 3595 4549">
     <span class='ocr_line' id='line_1_94' title="bbox 257 4469 3595 4549; baseline 0.004 -24"><span class='ocrx_word' id='word_1_614' title='bbox 257 4469 439 4527; x_wconf 90' lang='lat' dir='ltr'><strong>Nocte</strong></span> <span class='ocrx_word' id='word_1_615' title='bbox 496 4469 676 4543; x_wconf 90' lang='lat' dir='ltr'><strong>igitur</strong></span> <span class='ocrx_word' id='word_1_616' title='bbox 732 4469 881 4526; x_wconf 90' lang='lat' dir='ltr'><strong>circa</strong></span> <span class='ocrx_word' id='word_1_617' title='bbox 934 4470 1089 4526; x_wconf 91' lang='lat' dir='ltr'><strong>diem</strong></span> <span class='ocrx_word' id='word_1_618' title='bbox 1141 4469 1508 4541; x_wconf 83' lang='lat' dir='ltr'><strong>procliviore,</strong></span> <span class='ocrx_word' id='word_1_619' title='bbox 1539 4486 1670 4526; x_wconf 90' lang='lat' dir='ltr'><strong>cum</strong></span> <span class='ocrx_word' id='word_1_620' title='bbox 1714 4470 1837 4541; x_wconf 80' lang='lat' dir='ltr'><strong>jam</strong></span> <span class='ocrx_word' id='word_1_621' title='bbox 1870 4470 1915 4535; x_wconf 89' lang='lat' dir='ltr'>D</span> <span class='ocrx_word' id='word_1_622' title='bbox 1947 4479 2278 4540; x_wconf 88' lang='lat' dir='ltr'><strong>animabus,</strong></span> <span class='ocrx_word' id='word_1_623' title='bbox 2312 4478 2384 4534; x_wconf 89' lang='lat' dir='ltr'><strong>de</strong></span> <span class='ocrx_word' id='word_1_624' title='bbox 2416 4476 3065 4549; x_wconf 86' lang='lat' dir='ltr'><strong>muroini&#39;eriusdejecit</strong></span> <span class='ocrx_word' id='word_1_625' title='bbox 3082 4477 3595 4537; x_wconf 74' lang='lat' dir='ltr'><strong>examineszunde</strong></span> 
     </span>
    </p>
   </div>
   <div class='ocr_carea' id='block_1_19' title="bbox 173 4558 1837 5617">
    <p class='ocr_par' dir='ltr' id='par_1_19' title="bbox 173 4558 1837 5617">
     <span class='ocr_line' id='line_1_95' title="bbox 187 4558 1836 4634; baseline -0.001 -16"><span class='ocrx_word' id='word_1_626' title='bbox 187 4560 502 4634; x_wconf 90' lang='lat' dir='ltr'><strong>aspirantis</strong></span> <span class='ocrx_word' id='word_1_627' title='bbox 532 4558 647 4616; x_wconf 91' lang='lat' dir='ltr'><strong>diei</strong></span> <span class='ocrx_word' id='word_1_628' title='bbox 706 4576 916 4618; x_wconf 89' lang='lat' dir='ltr'><strong>aurora</strong></span> <span class='ocrx_word' id='word_1_629' title='bbox 973 4559 1269 4615; x_wconf 87' lang='lat' dir='ltr'><strong>nuntiaret</strong></span> <span class='ocrx_word' id='word_1_630' title='bbox 1301 4565 1584 4630; x_wconf 85' lang='lat' dir='ltr'><strong>exortum,</strong></span> <span class='ocrx_word' id='word_1_631' title='bbox 1616 4559 1836 4617; x_wconf 85' lang='lat' dir='ltr'><strong>excitus</strong></span> 
     </span>
     <span class='ocr_line' id='line_1_96' title="bbox 184 4647 1834 4721; baseline -0.003 -12"><span class='ocrx_word' id='word_1_632' title='bbox 184 4654 276 4709; x_wconf 88' lang='lat' dir='ltr'><strong>est</strong></span> <span class='ocrx_word' id='word_1_633' title='bbox 304 4666 437 4706; x_wconf 89' lang='lat' dir='ltr'><strong>cum</strong></span> <span class='ocrx_word' id='word_1_634' title='bbox 453 4647 614 4706; x_wconf 90' lang='lat' dir='ltr'><strong>omni</strong></span> <span class='ocrx_word' id='word_1_635' title='bbox 629 4648 899 4707; x_wconf 88' lang='lat' dir='ltr'><strong>aviditate</strong></span> <span class='ocrx_word' id='word_1_636' title='bbox 912 4648 1163 4721; x_wconf 90' lang='lat' dir='ltr'><strong>populus</strong></span> <span class='ocrx_word' id='word_1_637' title='bbox 1193 4647 1403 4704; x_wconf 87' lang='lat' dir='ltr'><strong>iterum</strong></span> <span class='ocrx_word' id='word_1_638' title='bbox 1429 4648 1500 4705; x_wconf 91' lang='lat' dir='ltr'><strong>ad</strong></span> <span class='ocrx_word' id='word_1_639' title='bbox 1521 4653 1834 4705; x_wconf 90' lang='lat' dir='ltr'><strong>certamen.</strong></span> 
     </span>
     <span class='ocr_line' id='line_1_97' title="bbox 189 4738 1832 4813; baseline -0.002 -14"><span class='ocrx_word' id='word_1_640' title='bbox 189 4740 602 4799; x_wconf 87' lang='lat' dir='ltr'><strong>Revertebatur</strong></span> <span class='ocrx_word' id='word_1_641' title='bbox 662 4756 834 4813; x_wconf 88' lang='lat' dir='ltr'><strong>porro</strong></span> <span class='ocrx_word' id='word_1_642' title='bbox 893 4739 1145 4812; x_wconf 88' lang='lat' dir='ltr'><strong>quisque</strong></span> <span class='ocrx_word' id='word_1_643' title='bbox 1187 4740 1252 4795; x_wconf 90' lang='lat' dir='ltr'><strong>ad</strong></span> <span class='ocrx_word' id='word_1_644' title='bbox 1285 4738 1568 4808; x_wconf 75' lang='lat' dir='ltr'><strong>officium,</strong></span> <span class='ocrx_word' id='word_1_645' title='bbox 1608 4739 1701 4795; x_wconf 91' lang='lat' dir='ltr'><strong>cui</strong></span> <span class='ocrx_word' id='word_1_646' title='bbox 1732 4738 1832 4795; x_wconf 89' lang='lat' dir='ltr'><strong>he-</strong></span> 
     </span>
     <span class='ocr_line' id='line_1_98' title="bbox 184 4828 1836 4901; baseline -0.002 -13"><span class='ocrx_word' id='word_1_647' title='bbox 184 4834 384 4889; x_wconf 87' lang='lat' dir='ltr'><strong>sterna</strong></span> <span class='ocrx_word' id='word_1_648' title='bbox 411 4830 505 4887; x_wconf 90' lang='lat' dir='ltr'><strong>die</strong></span> <span class='ocrx_word' id='word_1_649' title='bbox 553 4829 739 4887; x_wconf 80' lang='lat' dir='ltr'><strong>luerat</strong></span> <span class='ocrx_word' id='word_1_650' title='bbox 794 4830 1128 4901; x_wconf 89' lang='lat' dir='ltr'><strong>deputatus.</strong></span> <span class='ocrx_word' id='word_1_651' title='bbox 1163 4828 1411 4894; x_wconf 87' lang='lat' dir='ltr'><strong>Quidam</strong></span> <span class='ocrx_word' id='word_1_652' title='bbox 1468 4828 1625 4885; x_wconf 90' lang='lat' dir='ltr'><strong>enim</strong></span> <span class='ocrx_word' id='word_1_653' title='bbox 1683 4828 1836 4885; x_wconf 79' lang='lat' dir='ltr'><strong>infra</strong></span> 
     </span>
     <span class='ocr_line' id='line_1_99' title="bbox 184 4917 1837 4991; baseline 0 -16"><span class='ocrx_word' id='word_1_654' title='bbox 184 4918 488 4976; x_wconf 85' lang='lat' dir='ltr'><strong>machinas</strong></span> <span class='ocrx_word' id='word_1_655' title='bbox 520 4918 697 4990; x_wconf 90' lang='lat' dir='ltr'><strong>positi</strong></span> <span class='ocrx_word' id='word_1_656' title='bbox 722 4918 1121 4990; x_wconf 82' lang='lat' dir='ltr'><strong>jaculatorias,</strong></span> <span class='ocrx_word' id='word_1_657' title='bbox 1154 4918 1404 4991; x_wconf 89' lang='lat' dir='ltr'><strong>ingentis</strong></span> <span class='ocrx_word' id='word_1_658' title='bbox 1435 4917 1680 4975; x_wconf 87' lang='lat' dir='ltr'><strong>molares</strong></span> <span class='ocrx_word' id='word_1_659' title='bbox 1710 4935 1837 4976; x_wconf 88' lang='lat' dir='ltr'><strong>ma-</strong></span> 
     </span>
     <span class='ocr_line' id='line_1_100' title="bbox 184 5006 1833 5081; baseline 0.001 -18"><span class='ocrx_word' id='word_1_660' title='bbox 184 5006 514 5081; x_wconf 89' lang='lat' dir='ltr'><strong>gnitudinis</strong></span> <span class='ocrx_word' id='word_1_661' title='bbox 546 5011 602 5065; x_wconf 89' lang='lat' dir='ltr'><strong>et</strong></span> <span class='ocrx_word' id='word_1_662' title='bbox 624 5008 940 5066; x_wconf 87' lang='lat' dir='ltr'><strong>soliditatis</strong></span> <span class='ocrx_word' id='word_1_663' title='bbox 959 5008 1260 5080; x_wconf 75' lang='lat' dir='ltr'><strong>exquisita&gt;</strong></span> <span class='ocrx_word' id='word_1_664' title='bbox 1278 5008 1335 5063; x_wconf 89' lang='lat' dir='ltr'><strong>in</strong></span> <span class='ocrx_word' id='word_1_665' title='bbox 1362 5009 1573 5065; x_wconf 87' lang='lat' dir='ltr'><strong>moenia</strong></span> <span class='ocrx_word' id='word_1_666' title='bbox 1603 5013 1833 5067; x_wconf 87' lang='lat' dir='ltr'><strong>contor-</strong></span> 
     </span>
     <span class='ocr_line' id='line_1_101' title="bbox 185 5095 1831 5174; baseline 0.004 -20"><span class='ocrx_word' id='word_1_667' title='bbox 185 5095 446 5171; x_wconf 86' lang='lat' dir='ltr'><strong>quebant</strong></span> <span class='ocrx_word' id='word_1_668' title='bbox 472 5114 489 5167; x_wconf 72' lang='grc' dir='ltr'><strong>ς</strong></span> <span class='ocrx_word' id='word_1_669' title='bbox 517 5096 617 5152; x_wconf 90' lang='lat' dir='ltr'><strong>alii</strong></span> <span class='ocrx_word' id='word_1_670' title='bbox 643 5096 704 5153; x_wconf 92' lang='lat' dir='ltr'><strong>in</strong></span> <span class='ocrx_word' id='word_1_671' title='bbox 729 5096 962 5154; x_wconf 90' lang='lat' dir='ltr'><strong>castello</strong></span> <span class='ocrx_word' id='word_1_672' title='bbox 1000 5097 1247 5155; x_wconf 82' lang='lat' dir='ltr'><strong>inferius</strong></span> <span class='ocrx_word' id='word_1_673' title='bbox 1305 5097 1501 5172; x_wconf 88' lang='lat' dir='ltr'><strong>positi,</strong></span> <span class='ocrx_word' id='word_1_674' title='bbox 1531 5098 1605 5156; x_wconf 92' lang='lat' dir='ltr'><strong>ad</strong></span> <span class='ocrx_word' id='word_1_675' title='bbox 1636 5099 1831 5174; x_wconf 90' lang='lat' dir='ltr'><strong>ipsum</strong></span> 
     </span>
     <span class='ocr_line' id='line_1_102' title="bbox 183 5186 1832 5262; baseline 0.003 -18"><span class='ocrx_word' id='word_1_676' title='bbox 183 5186 640 5262; x_wconf 89' lang='lat' dir='ltr'><strong>promovendum</strong></span> <span class='ocrx_word' id='word_1_677' title='bbox 675 5193 791 5243; x_wconf 91' lang='lat' dir='ltr'><strong>tam</strong></span> <span class='ocrx_word' id='word_1_678' title='bbox 822 5190 948 5243; x_wconf 88' lang='lat' dir='ltr'><strong>arte</strong></span> <span class='ocrx_word' id='word_1_679' title='bbox 1002 5202 1175 5258; x_wconf 89' lang='lat' dir='ltr'><strong>quam</strong></span> <span class='ocrx_word' id='word_1_680' title='bbox 1209 5187 1432 5244; x_wconf 86' lang='lat' dir='ltr'><strong>viribus</strong></span> <span class='ocrx_word' id='word_1_681' title='bbox 1466 5205 1699 5261; x_wconf 88' lang='lat' dir='ltr'><strong>operam</strong></span> <span class='ocrx_word' id='word_1_682' title='bbox 1723 5194 1832 5249; x_wconf 87' lang='lat' dir='ltr'><strong>da-</strong></span> 
     </span>
     <span class='ocr_line' id='line_1_103' title="bbox 183 5274 1834 5349; baseline 0.002 -14"><span class='ocrx_word' id='word_1_683' title='bbox 183 5279 327 5335; x_wconf 82' lang='lat' dir='ltr'><strong>bant</strong></span> <span class='ocrx_word' id='word_1_684' title='bbox 346 5277 749 5335; x_wconf 88' lang='lat' dir='ltr'><strong>omnimodam</strong></span> <span class='ocrx_word' id='word_1_685' title='bbox 771 5292 786 5345; x_wconf 78' lang='lat'>3</span> <span class='ocrx_word' id='word_1_686' title='bbox 819 5274 917 5332; x_wconf 92' lang='lat' dir='ltr'><strong>alii</strong></span> <span class='ocrx_word' id='word_1_687' title='bbox 941 5275 999 5330; x_wconf 89' lang='lat' dir='ltr'><strong>ia</strong></span> <span class='ocrx_word' id='word_1_688' title='bbox 1020 5292 1294 5349; x_wconf 90' lang='lat' dir='ltr'><strong>supremo</strong></span> <span class='ocrx_word' id='word_1_689' title='bbox 1317 5278 1618 5335; x_wconf 91' lang='lat' dir='ltr'><strong>constituti</strong></span> <span class='ocrx_word' id='word_1_690' title='bbox 1639 5294 1834 5338; x_wconf 85' lang='lat' dir='ltr'><strong>coena-</strong></span> 
     </span>
     <span class='ocr_line' id='line_1_104' title="bbox 183 5364 1832 5446; baseline 0.005 -24"><span class='ocrx_word' id='word_1_691' title='bbox 183 5364 338 5439; x_wconf 86' lang='lat' dir='ltr'><strong>culo,</strong></span> <span class='ocrx_word' id='word_1_692' title='bbox 371 5368 625 5424; x_wconf 85' lang='lat' dir='ltr'><strong>arcubus</strong></span> <span class='ocrx_word' id='word_1_693' title='bbox 652 5371 711 5423; x_wconf 92' lang='lat' dir='ltr'><strong>et</strong></span> <span class='ocrx_word' id='word_1_694' title='bbox 742 5365 992 5435; x_wconf 89' lang='lat' dir='ltr'><strong>balistis,</strong></span> <span class='ocrx_word' id='word_1_695' title='bbox 1022 5372 1080 5422; x_wconf 90' lang='lat' dir='ltr'><strong>et</strong></span> <span class='ocrx_word' id='word_1_696' title='bbox 1110 5367 1375 5439; x_wconf 90' lang='lat' dir='ltr'><strong>quolibet</strong></span> <span class='ocrx_word' id='word_1_697' title='bbox 1405 5367 1712 5428; x_wconf 87' lang='lat' dir='ltr'><strong>missilium</strong></span> <span class='ocrx_word' id='word_1_698' title='bbox 1735 5389 1832 5446; x_wconf 90' lang='lat' dir='ltr'><strong>ge-</strong></span> 
     </span>
     <span class='ocr_line' id='line_1_105' title="bbox 181 5453 1833 5534; baseline 0.007 -24"><span class='ocrx_word' id='word_1_699' title='bbox 181 5468 321 5512; x_wconf 85' lang='lat' dir='ltr'><strong>nere</strong></span> <span class='ocrx_word' id='word_1_700' title='bbox 348 5472 447 5513; x_wconf 92' lang='lat' dir='ltr'><strong>eos</strong></span> <span class='ocrx_word' id='word_1_701' title='bbox 477 5456 578 5530; x_wconf 91' lang='lat' dir='ltr'><strong>qui</strong></span> <span class='ocrx_word' id='word_1_702' title='bbox 610 5453 853 5513; x_wconf 86' lang='lat' dir='ltr'><strong>erantin</strong></span> <span class='ocrx_word' id='word_1_703' title='bbox 885 5454 1152 5513; x_wconf 89' lang='lat' dir='ltr'><strong>turribus</strong></span> <span class='ocrx_word' id='word_1_704' title='bbox 1205 5456 1584 5529; x_wconf 88' lang='lat' dir='ltr'><strong>lacessentes,</strong></span> <span class='ocrx_word' id='word_1_705' title='bbox 1616 5468 1833 5534; x_wconf 87' lang='lat' dir='ltr'><strong>quanto</strong></span> 
     </span>
     <span class='ocr_line' id='line_1_106' title="bbox 173 5542 1833 5617; baseline 0.007 -18"><span class='ocrx_word' id='word_1_706' title='bbox 173 5544 445 5617; x_wconf 83' lang='lat' dir='ltr'><strong>poterant</strong></span> <span class='ocrx_word' id='word_1_707' title='bbox 465 5544 658 5601; x_wconf 84' lang='lat' dir='ltr'><strong>studio</strong></span> <span class='ocrx_word' id='word_1_708' title='bbox 709 5546 770 5601; x_wconf 84' lang='lat' dir='ltr'><strong>et</strong></span> <span class='ocrx_word' id='word_1_709' title='bbox 817 5542 1109 5600; x_wconf 78' lang='lat' dir='ltr'><strong>indefessa</strong></span> <span class='ocrx_word' id='word_1_710' title='bbox 1141 5544 1447 5616; x_wconf 85' lang='lat' dir='ltr'><strong>instantia,</strong></span> <span class='ocrx_word' id='word_1_711' title='bbox 1482 5551 1549 5604; x_wconf 89' lang='lat' dir='ltr'><strong>ut</strong></span> <span class='ocrx_word' id='word_1_712' title='bbox 1577 5563 1682 5610; x_wconf 84' lang='lat' dir='ltr'><strong>uec</strong></span> <span class='ocrx_word' id='word_1_713' title='bbox 1711 5568 1833 5611; x_wconf 83' lang='lat' dir='ltr'><strong>ma-</strong></span> 
     </span>
    </p>
   </div>
   <div class='ocr_carea' id='block_1_20' title="bbox 1946 4564 3590 4911">
    <p class='ocr_par' dir='ltr' id='par_1_20' title="bbox 1946 4564 3590 4805">
     <span class='ocr_line' id='line_1_107' title="bbox 1946 4564 3589 4639; baseline 0.001 -15"><span class='ocrx_word' id='word_1_714' title='bbox 1946 4568 2004 4624; x_wconf 91' lang='lat' dir='ltr'><strong>in</strong></span> <span class='ocrx_word' id='word_1_715' title='bbox 2037 4567 2247 4626; x_wconf 88' lang='lat' dir='ltr'><strong>castris</strong></span> <span class='ocrx_word' id='word_1_716' title='bbox 2279 4568 2465 4623; x_wconf 81' lang='lat' dir='ltr'><strong>iactus</strong></span> <span class='ocrx_word' id='word_1_717' title='bbox 2490 4568 2576 4621; x_wconf 90' lang='lat' dir='ltr'><strong>est</strong></span> <span class='ocrx_word' id='word_1_718' title='bbox 2604 4564 2843 4637; x_wconf 85' lang='lat' dir='ltr'><strong>plausus</strong></span> <span class='ocrx_word' id='word_1_719' title='bbox 2899 4570 2958 4622; x_wconf 88' lang='lat' dir='ltr'><strong>et</strong></span> <span class='ocrx_word' id='word_1_720' title='bbox 2986 4566 3194 4639; x_wconf 89' lang='lat' dir='ltr'><strong>ingens</strong></span> <span class='ocrx_word' id='word_1_721' title='bbox 3231 4568 3547 4628; x_wconf 85' lang='lat' dir='ltr'><strong>exsultatio</strong></span> <span class='ocrx_word' id='word_1_722' title='bbox 3574 4586 3589 4639; x_wconf 88' lang='grc'>;</span> 
     </span>
     <span class='ocr_line' id='line_1_108' title="bbox 1946 4654 3590 4726; baseline 0.001 -14"><span class='ocrx_word' id='word_1_723' title='bbox 1946 4657 2169 4714; x_wconf 85' lang='lat' dir='ltr'><strong>civibus</strong></span> <span class='ocrx_word' id='word_1_724' title='bbox 2225 4659 2421 4712; x_wconf 88' lang='lat' dir='ltr'><strong>autem</strong></span> <span class='ocrx_word' id='word_1_725' title='bbox 2471 4654 2673 4726; x_wconf 82' lang='lat' dir='ltr'><strong>ingens</strong></span> <span class='ocrx_word' id='word_1_726' title='bbox 2718 4670 2788 4710; x_wconf 91' lang='lat' dir='ltr'><strong>ex</strong></span> <span class='ocrx_word' id='word_1_727' title='bbox 2862 4656 3103 4713; x_wconf 87' lang='lat' dir='ltr'><strong>adverso</strong></span> <span class='ocrx_word' id='word_1_728' title='bbox 3158 4657 3406 4715; x_wconf 88' lang='lat' dir='ltr'><strong>accrevit</strong></span> <span class='ocrx_word' id='word_1_729' title='bbox 3446 4673 3590 4714; x_wconf 86' lang='lat' dir='ltr'><strong>moe-</strong></span> 
     </span>
     <span class='ocr_line' id='line_1_109' title="bbox 1947 4747 2127 4805; baseline -0.011 0"><span class='ocrx_word' id='word_1_730' title='bbox 1947 4747 2127 4805; x_wconf 88' lang='lat' dir='ltr'><strong>stitia.</strong></span> 
     </span>
    </p>

    <p class='ocr_par' dir='ltr' id='par_1_21' title="bbox 2546 4852 2979 4911">
     <span class='ocr_line' id='line_1_110' title="bbox 2546 4852 2979 4911; baseline 0.005 -2"><span class='ocrx_word' id='word_1_731' title='bbox 2546 4852 2780 4911; x_wconf 78' lang='lat' dir='ltr'>CAPUT</span> <span class='ocrx_word' id='word_1_732' title='bbox 2826 4854 2979 4911; x_wconf 85' lang='lat' dir='ltr'><strong>XVI.</strong></span> 
     </span>
    </p>
   </div>
   <div class='ocr_carea' id='block_1_21' title="bbox 1941 4943 3594 5537">
    <p class='ocr_par' dir='ltr' id='par_1_22' title="bbox 1950 4943 3594 5145">
     <span class='ocr_line' id='line_1_111' title="bbox 1950 4943 3594 5017; baseline 0.004 -17"><span class='ocrx_word' id='word_1_733' title='bbox 1950 4943 2126 5000; x_wconf 81' lang='lat' dir='ltr'><strong>Datur</strong></span> <span class='ocrx_word' id='word_1_734' title='bbox 2179 4944 2406 5016; x_wconf 71' lang='lat' dir='ltr'><strong>siquam</strong></span> <span class='ocrx_word' id='word_1_735' title='bbox 2467 4959 2502 4998; x_wconf 81' lang='lat' dir='ltr'><strong>a</strong></span> <span class='ocrx_word' id='word_1_736' title='bbox 2559 4948 2738 5000; x_wconf 81' lang='lat' dir='ltr'><strong>monte</strong></span> <span class='ocrx_word' id='word_1_737' title='bbox 2796 4944 2993 5002; x_wconf 80' lang='lat' dir='ltr'><strong>oliveti</strong></span> <span class='ocrx_word' id='word_1_738' title='bbox 3044 4943 3434 5009; x_wconf 62' lang='lat' dir='ltr'><strong>divinitasne</strong></span> <span class='ocrx_word' id='word_1_739' title='bbox 3490 4962 3594 5017; x_wconf 75' lang='lat' dir='ltr'><strong>po·</strong></span> 
     </span>
     <span class='ocr_line' id='line_1_112' title="bbox 2014 5016 3593 5099; baseline 0.003 -28"><span class='ocrx_word' id='word_1_740' title='bbox 2014 5016 2182 5099; x_wconf 64' lang='lat' dir='ltr'><strong>pultis</strong></span> <span class='ocrx_word' id='word_1_741' title='bbox 2260 5017 2357 5087; x_wconf 74' lang='lat' dir='ltr'><strong>qai</strong></span> <span class='ocrx_word' id='word_1_742' title='bbox 2439 5017 2710 5088; x_wconf 74' lang='lat' dir='ltr'><strong>fatiyatas</strong></span> <span class='ocrx_word' id='word_1_743' title='bbox 2784 5020 2905 5072; x_wconf 80' lang='lat' dir='ltr'><strong>erat</strong></span> <span class='ocrx_word' id='word_1_744' title='bbox 2927 5059 2943 5088; x_wconf 90' lang='lat'><strong>,</strong></span> <span class='ocrx_word' id='word_1_745' title='bbox 2997 5016 3137 5073; x_wconf 80' lang='lat' dir='ltr'><strong>redit</strong></span> <span class='ocrx_word' id='word_1_746' title='bbox 3207 5019 3265 5073; x_wconf 77' lang='lat' dir='ltr'><strong>in</strong></span> <span class='ocrx_word' id='word_1_747' title='bbox 3345 5034 3593 5091; x_wconf 67' lang='lat' dir='ltr'><strong>pitanam</strong></span> 
     </span>
     <span class='ocr_line' id='line_1_113' title="bbox 2013 5103 2217 5145; baseline 0 -1"><span class='ocrx_word' id='word_1_748' title='bbox 2013 5103 2217 5145; x_wconf 69' lang='lat' dir='ltr'><strong>aerius.</strong></span> 
     </span>
    </p>

    <p class='ocr_par' dir='ltr' id='par_1_23' title="bbox 1941 5193 3593 5537">
     <span class='ocr_line' id='line_1_114' title="bbox 2013 5193 3593 5269; baseline 0.004 -17"><span class='ocrx_word' id='word_1_749' title='bbox 2013 5195 2160 5252; x_wconf 88' lang='lat' dir='ltr'><strong>Cum</strong></span> <span class='ocrx_word' id='word_1_750' title='bbox 2194 5194 2371 5268; x_wconf 88' lang='lat' dir='ltr'><strong>lgitur</strong></span> <span class='ocrx_word' id='word_1_751' title='bbox 2401 5194 2663 5266; x_wconf 87' lang='lat' dir='ltr'><strong>usquein</strong></span> <span class='ocrx_word' id='word_1_752' title='bbox 2711 5193 2915 5252; x_wconf 84' lang='lat' dir='ltr'><strong>horam</strong></span> <span class='ocrx_word' id='word_1_753' title='bbox 2949 5194 3064 5252; x_wconf 92' lang='lat' dir='ltr'><strong>diei</strong></span> <span class='ocrx_word' id='word_1_754' title='bbox 3093 5195 3432 5269; x_wconf 86' lang='lat' dir='ltr'><strong>septimam,</strong></span> <span class='ocrx_word' id='word_1_755' title='bbox 3462 5199 3593 5258; x_wconf 87' lang='lat' dir='ltr'><strong>sine</strong></span> 
     </span>
     <span class='ocr_line' id='line_1_115' title="bbox 1942 5281 3588 5359; baseline 0.002 -17"><span class='ocrx_word' id='word_1_756' title='bbox 1942 5290 2100 5342; x_wconf 86' lang='lat' dir='ltr'><strong>certa</strong></span> <span class='ocrx_word' id='word_1_757' title='bbox 2130 5281 2369 5341; x_wconf 80' lang='lat' dir='ltr'><strong>victoria</strong></span> <span class='ocrx_word' id='word_1_758' title='bbox 2422 5299 2634 5356; x_wconf 86' lang='lat' dir='ltr'><strong>anceps</strong></span> <span class='ocrx_word' id='word_1_759' title='bbox 2676 5287 2734 5340; x_wconf 87' lang='lat' dir='ltr'><strong>et</strong></span> <span class='ocrx_word' id='word_1_760' title='bbox 2770 5283 3014 5341; x_wconf 91' lang='lat' dir='ltr'><strong>dubium</strong></span> <span class='ocrx_word' id='word_1_761' title='bbox 3046 5285 3192 5343; x_wconf 87' lang='lat' dir='ltr'><strong>satis</strong></span> <span class='ocrx_word' id='word_1_762' title='bbox 3221 5290 3588 5359; x_wconf 89' lang='lat' dir='ltr'><strong>protractum</strong></span> 
     </span>
     <span class='ocr_line' id='line_1_116' title="bbox 1941 5373 3590 5448; baseline 0.003 -16"><span class='ocrx_word' id='word_1_763' title='bbox 1941 5379 2098 5433; x_wconf 85' lang='lat' dir='ltr'><strong>esset</strong></span> <span class='ocrx_word' id='word_1_764' title='bbox 2128 5373 2453 5448; x_wconf 87' lang='lat' dir='ltr'><strong>negotium,</strong></span> <span class='ocrx_word' id='word_1_765' title='bbox 2485 5374 2859 5448; x_wconf 87' lang='lat' dir='ltr'><strong>desperantes</strong></span> <span class='ocrx_word' id='word_1_766' title='bbox 2891 5374 3073 5432; x_wconf 86' lang='lat' dir='ltr'><strong>nostri</strong></span> <span class='ocrx_word' id='word_1_767' title='bbox 3102 5383 3158 5432; x_wconf 89' lang='lat' dir='ltr'><strong>et</strong></span> <span class='ocrx_word' id='word_1_768' title='bbox 3192 5375 3590 5437; x_wconf 83' lang='lat' dir='ltr'><strong>immensitate</strong></span> 
     </span>
     <span class='ocr_line' id='line_1_117' title="bbox 1944 5462 3591 5537; baseline 0.004 -17"><span class='ocrx_word' id='word_1_769' title='bbox 1944 5462 2161 5521; x_wconf 85' lang='lat' dir='ltr'><strong>laboris</strong></span> <span class='ocrx_word' id='word_1_770' title='bbox 2192 5462 2492 5536; x_wconf 77' lang='lat' dir='ltr'><strong>defatigati</strong></span> <span class='ocrx_word' id='word_1_771' title='bbox 2521 5479 2704 5535; x_wconf 88' lang='lat' dir='ltr'><strong>supra</strong></span> <span class='ocrx_word' id='word_1_772' title='bbox 2730 5462 2903 5534; x_wconf 85' lang='lat' dir='ltr'><strong>vires,</strong></span> <span class='ocrx_word' id='word_1_773' title='bbox 2934 5469 3234 5537; x_wconf 83' lang='lat' dir='ltr'><strong>coeperunt</strong></span> <span class='ocrx_word' id='word_1_774' title='bbox 3261 5464 3484 5525; x_wconf 86' lang='lat' dir='ltr'><strong>instare</strong></span> <span class='ocrx_word' id='word_1_775' title='bbox 3505 5485 3591 5527; x_wconf 89' lang='lat' dir='ltr'><strong>re·</strong></span> 
     </span>
    </p>
   </div>
   <div class='ocr_carea' id='block_1_22' title="bbox 1941 5552 3590 5627">
    <p class='ocr_par' dir='ltr' id='par_1_24' title="bbox 1941 5552 3590 5627">
     <span class='ocr_line' id='line_1_118' title="bbox 1941 5552 3590 5627; baseline 0.004 -17"><span class='ocrx_word' id='word_1_776' title='bbox 1941 5552 2204 5626; x_wconf 79' lang='lat' dir='ltr'><strong>missine,</strong></span> <span class='ocrx_word' id='word_1_777' title='bbox 2238 5553 2319 5612; x_wconf 84' lang='lat' dir='ltr'><strong>ita</strong></span> <span class='ocrx_word' id='word_1_778' title='bbox 2339 5557 2403 5611; x_wconf 91' lang='lat' dir='ltr'><strong>ut</strong></span> <span class='ocrx_word' id='word_1_779' title='bbox 2426 5552 2551 5625; x_wconf 72' lang='lat' dir='ltr'><strong>jam</strong></span> <span class='ocrx_word' id='word_1_780' title='bbox 2582 5554 2946 5627; x_wconf 84' lang='lat' dir='ltr'><strong>propositum</strong></span> <span class='ocrx_word' id='word_1_781' title='bbox 2975 5553 3258 5614; x_wconf 86' lang='lat' dir='ltr'><strong>habereut</strong></span> <span class='ocrx_word' id='word_1_782' title='bbox 3283 5555 3590 5618; x_wconf 83' lang='lat' dir='ltr'><strong>castellum</strong></span> 
     </span>
    </p>
   </div>
  </div>
 </body>
</html>
