3784 6000
127 177 272 235 laos
1635 176 2025 240 EPISTOLAE.
3411 172 3554 245 tabi

132 303 409 385 Ecclesium
437 303 512 360 ad
544 318 771 360 annum
805 319 1000 377 usque
1021 305 1160 364 1¹79
1184 322 1306 390 quo
1330 322 1401 363 ex
1419 306 1639 364 abbate
1667 305 1690 362 l
1778 306 1908 365 iaci.
1933 305 2151 363 invitus
2171 304 2250 362 ad
2272 306 2477 363 matris
2503 305 2778 366 Ecclesioe
2803 309 3279 367 claravallensis
3304 310 3538 368 clarum

131 374 682 432 administrandum
696 375 1072 456 admovetur.
1099 379 1654 449 Scripsitelegantes
1717 378 1970 450 pistolas
1994 377 2326 434 dedicersis
2348 381 2906 454 arqumentis,quas
2932 384 3154 438 mss.in
3170 381 3541 441 bibliotheca

130 447 331 503 Sancti
354 448 629 502 Germani
646 448 987 504 parisiensis
1005 464 1043 503 a
1066 451 1361 506 monacho
1372 451 1788 506 Transmundo
1803 448 2081 505 collectas
2101 448 2238 514 vidi,
2254 450 2696 524 impressusque
2720 452 2901 509 habet
2923 455 3285 511 Bertrandus
3318 456 3541 511 Tissier

131 523 291 575 tome
312 517 411 583 111,
442 533 584 589 pag.
615 520 741 584 264,
778 518 1156 576 Bibliotheca
1198 521 1465 579 Veterum
1495 523 1744 578 Patrum
1770 520 2017 577 Ordinis
2050 520 2477 578 cisterciensis.
2508 521 2608 578 Hic
2632 522 2819 595 judex
2846 525 3213 596 apostolicus
3244 541 3367 582 una
3389 541 3534 584 cum

133 589 356 646 abbate
384 589 639 645 cistercii
665 589 814 646 inter
841 590 1414 649 Grandimontenses
1440 591 1800 648 dissidentes
1826 591 2092 659 mittitur,
2110 606 2369 662 quorum
2396 593 2641 649 clericos
2666 609 2771 650 seu
2802 595 3145 652 sacerdotes
3174 612 3246 653 ex
3276 597 3541 679 propriis

130 661 418 717 dominus
465 660 544 716 ab
573 660 966 717 insolentibus
1002 661 1169 719 laicis
1199 663 1478 720 fratribus
1511 662 1739 734 pulsos,
1771 664 1937 734 apud
1975 661 2430 720 claramvallem
2464 670 2768 733 gratanter
2796 667 3042 739 accepit.
3097 669 3357 723 Functus
3393 673 3538 724 item

130 731 427 802 legatione
455 731 532 787 ad
566 731 895 813 ‚Henricum
934 735 1378 806 imperatorem.
1410 734 1673 791 Tandem
1704 750 1841 790 cum
1871 750 1942 790 ex
1972 733 2175 791 officio
2222 734 2510 791 Ecclesiae
2540 736 2767 792 ordinis
2800 738 2894 792 sui
2937 738 3225 802 visitaret,
3262 739 3541 797 Fusniaci

132 810 468 860 extremum
490 803 764 873 spiritum
790 805 1279 878 exhalat,quarto
1300 806 1599 862 Kalendas
1622 806 1982 871 Decembris,
2006 821 2165 860 anno
2191 805 2349 871 1¹86,
2373 821 2556 878 quem
2579 809 2909 865 sanctitatis
2928 810 3217 880 opinione
3239 809 3539 867 celebrem

131 874 3542 1018 tffigziiiiasiiffinitii-‘zm13*AE‘2222133’3‘55503202‘52‘335‘0{iiiiii-'353¹italisamaritis}viimi·

639 988 653 1012 ,
867 977 889 1001 1
2716 967 2729 1005 2
2760 992 2773 1004 .
3172 970 3209 1007 α
3503 968 3543 1011 a

119 1020 334 1089 jacent
373 1017 647 1073 dominus
684 1017 989 1075 Gerardus
1037 1024 1274 1090 martyr
1324 1019 1617 1091 eoreqius.
1650 1022 1852 1077 sextus
1915 1019 2291 1075 Claraevallis
2321 1019 2505 1076 abbas
2534 1037 2556 1074 .-
2585 1025 2642 1078 et
2691 1021 2966 1079 dominus
2998 1023 3238 1087 Petrus,
3270 969 3540 1090 octavus,

132 1088 447 1145 miraculis
486 1089 713 1154 clarus,
746 1092 918 1159 qu‘us
968 1091 1096 1147 Vita
1133 1091 1198 1146 in
1228 1093 1527 1148 volumine
1555 1091 1710 1147 beati
1741 1090 2044 1148 Bernardi
2072 1090 2345 1147 liabetur.
2378 1096 2576 1155 Agunt
2609 1093 2684 1147 de
2721 1095 2888 1150 Petro
2929 1093 3287 1150 Claraevallis
3320 1094 3542 1153 abbate

133 1161 422 1217 Caesarius
447 1160 504 1214 in
535 1176 716 1233 opere
751 1161 831 1217 De
857 1161 1170 1218 miraculis
1192 1165 1287 1219 sui
1312 1162 1591 1234 temporis
1618 1179 1636 1227 ,·
1663 1167 1719 1219 et
1747 1161 1938 1218 abbas
1970 1161 2281 1217 Conradus
2311 1162 2367 1216 in
2398 1163 2667 1220 Exci-dio
2695 1165 2917 1236 Maqno
2955 1165 3356 1232 cisterciensi,
3383 1181 3540 1249 quos

134 1230 321 1288 adeas
359 1231 405 1286 si
436 1230 608 1301 plura
636 1233 826 1304 cupis.
863 1235 992 1288 Haec
1019 1232 1227 1290 tratres
1259 1232 1699 1291 sammarthani
1740 1232 1800 1290 in
1834 1232 2038 1290 Gallia
2070 1231 2438 1300 Christiana,
2465 1240 2630 1292 tomo
2659 1235 2745 1302 lv,
2778 1251 2918 1308 pag.
2950 1240 3077 1303 256,
3108 1237 3170 1293 in
3200 1236 3541 1295 Abbatibus

138 1301 713 1361 Claraevallensibus.

1082 1619 1193 1739 B.
1288 1615 1716 1738 PETRI
1817 1613 2586 1739 EPISTOLAE.

808 1829 982 1903 (Dom
1015 1831 1258 1889 Tissisa.
1293 1830 1663 1890 Bibliotheca
1686 1833 1941 1890 Petrum
1967 1829 2240 1898 cistere,
2277 1831 2421 1887 tom.
2448 1829 2540 1900 111,
2565 1844 2707 1902 pag.
2738 1829 2893 1902 264.)

918 2203 959 2259 1.
1814 2201 1863 2255 A
1890 2196 2089 2254 sciunt
2119 2196 2411 2261 omittere,
2451 2210 2527 2252 ne
2561 2193 2773 2268 priseae
2812 2191 3241 2250 consuetudini
3279 2195 3556 2265 pareant,

132 2289 232 2346 Ad
251 2290 669 2348 Alexandrum
696 2291 791 2347 111
807 2307 1053 2363 papam.
1086 2291 1386 2361 Queritur,
1413 2306 1451 2348 a
1479 2287 1782 2347 saeculari-
1889 2285 2055 2359 quod
2103 2289 2241 2359 post
2275 2288 2726 2340 antecessorum
2765 2280 3165 2354 inquietiones
3208 2284 3266 2338 et
3302 2279 3453 2348 lites,
3492 2279 3556 2337 in

205 2359 311 2418 ω’*
364 2363 576 2420 vexari
602 2362 870 2420 Ordinem
912 2364 1156 2420 emerc-
1193 2363 1414 2429 litim-⁸·
1449 2362 1782 2433 direphbne
1890 2375 2070 2447 hujus
2090 2388 2333 2447 quoque
2364 2370 2844 2444 perturbationes
2875 2370 3209 2441 insurgant.
3240 2369 3431 2442 Hujus
3449 2368 3559 2426 ita·

204 2433 512 2499 bonorum,
545 2440 654 2490 etc.
683 2438 738 2491 et
778 2450 946 2506 opem
992 2435 1289 2506 pontificis
1319 2435 1606 2491 adversus
1654 2432 1780 2490 haic

203 2505 365 2562 mala
383 2505 688 2577 implorat.

202 2611 546 2669 Crescitdiei
569 2612 816 2679 malitia,
838 2618 946 2670 etc.
988 2614 1131 2670 Vide
1153 2613 1309 2671 inter
1333 2613 1637 2671 variorum
1658 2612 1779 2683 epi·

125 2702 311 2758 stolas
334 2702 416 2759 ad
436 2703 851 2760 Alexandrum
877 2703 987 2769 ΙΙΙ,
1001 2708 1139 2774 post
1160 2703 1349 2774 ipsius
1377 2704 1645 2774 Reoesta,
1676 2705 1777 2759 Pa·

122 2790 412 2863 trologioe,
439 2799 476 2847 t.
507 2791 611 2850 CC.

914 2900 959 2956 11

122 2989 220 3047 Ad
243 2989 526 3047 eumdem.
563 3020 630 3031 —
660 2988 898 3048 Gratias
928 2993 1056 3059 aqit
1090 2989 1364 3061 pontifici
1397 3005 1508 3057 pro
1537 2990 1772 3045 collatis

195 3061 506 3131 beneficiis,
533 3065 866 3133 presertim
904 3062 1167 3119 coenobio
1213 3061 1563 3117 Balernensi
1591 3062 1772 3133 (quod

190 3137 278 3190 est
305 3132 379 3190 de
413 3133 571 3190 linea
603 3133 1005 3201 claravallis)
1037 3135 1210 3203 cujus
1238 3132 1584 3189 inchoatum
1609 3132 1771 3200 sudi-

191 3204 345 3261 cium
358 3205 647 3261 adversus
658 3204 891 3275 iniquos
904 3205 1171 3261 celeriter
1183 3203 1496 3260 terminari
1507 3206 1765 3273 exoptat.

191 3276 343 3343 Quid
372 3275 649 3341 facimus,
683 3277 778 3348 pie
805 3280 992 3341 Pater,
1019 3281 1130 3331 etc.
1169 3274 1306 3331 Vide
1326 3275 1426 3330 ubi
1451 3289 1659 3344 supra.

116 3471 216 3528 Ad
234 3473 688 3530 cancellarium.
703 3502 772 3514 —-·
787 3383 1174 3528 00‚7¹,¹‚{Jend01
1188 3473 1243 3528 ei
1262 3470 1631 3528 Heduensem
1649 3471 1768 3541 epi·

1888 2478 2007 2537 que
2039 2462 2210 2519 vobis
2247 2467 2305 2518 et
2334 2460 2777 2534 simplicitatem
2808 2465 2866 2515 et
2901 2457 3196 2531 justitiam
3233 2472 3554 2515 commen-

1888 2551 2103 2608 dantes
2132 2565 2439 2622 rogamus,
2466 2555 2523 2605 et
2546 2547 2831 2620 petimus,
2851 2552 2914 2605 ut
2936 2549 3126 2603 status
3155 2547 3309 2619 ejus,
3327 2546 3433 2619 qui
3453 2545 3556 2603 ad·

1884 2656 2076 2698 versas
2105 2638 2497 2711 malignitatis
2533 2636 2780 2694 flatibus
2828 2636 3115 2709 quatitur,
3159 2634 3554 2708 benignitatis

1888 2735 2097 2787 vestrm
2125 2728 2343 2787 robore
2373 2726 2676 2784 fulciatur.
3529 2730 3535 2735 '

1883 2944 1982 3003 Ad
2005 2942 2423 3014 Moquntinum
2453 2940 2657 2998 archie
2702 2939 2991 3010 iscopum.
3014 2967 3084 2981 —
3108 2939 3260 3010 Ejus
3286 2939 3538 2998 virtutes

1953 3016 2208 3083 extollit,
2249 3014 2462 3070 deinde
2490 3028 2654 3070 caeno
2695 3012 2819 3068 ium
2860 3010 3268 3069 Eberbacense
3297 3011 3545 3084 eiusque

1952 3088 2221 3144 abbatem
2260 3085 2355 3141 illi
2382 3082 2774 3141 commendat.

1956 3198 2087 3250 Post
2118 3200 2429 3263 acceptam
2459 3192 2534 3248 de
2569 3192 2823 3264 antiqua
2851 3188 3172 3246 hostilitate
3200 3189 3534 3261 victoriam,

1878 3299 2004 3356 qua
2033 3284 2095 3339 in
2125 3281 2406 3339 manibus
2449 3280 2660 3337 vestris
2688 3281 2895 3337 sancta
2926 3281 3119 3335 mater
3148 3277 3409 3336 Ecclesia
3436 3278 3540 3335 de·

1878 3372 2038 3428 victo
2068 3371 2388 3427 schismate
2426 3367 2837 3441 triumphavit,
2869 3371 3009 3440 post
3042 3366 3368 3440 exploratas
3396 3365 3539 3423 fidei

1877 3461 2212 3518 laboriosos
2236 3474 2486 3528 agones,
2506 3457 2726 3530 quibus
2747 3472 2854 3529 per
2872 3473 2977 3512 vos
2998 3455 3233 3527 imperii
3254 3454 3460 3521 virtus,
3484 3461 3540 3512 et

189 3558 489 3615 scopuma
515 3543 734 3601 suisad
749 3544 940 3600 sedem
961 3545 1351 3614 apostolicam
1369 3542 1764 3614 appellatum.
1800 3555 1842 3611 Β
1878 3549 2068 3622 gloria
2104 3549 2501 3620 imperatoriae
2542 3546 2873 3618 majestatis
2911 3543 3141 3610 enituit,
3188 3559 3309 3600 non
3348 3542 3539 3602 defuit

187 3635 312 3690 Non
340 3640 426 3689 est
456 3633 755 3689 timendus
785 3634 858 3688 de
889 3632 1336 3704 importunitate
1367 3637 1764 3704 contemptae,

110 3721 172 3797 in
205 3738 359 3795 quos
398 3722 718 3793 porrigitur
746 3722 820 3778 de
852 3722 1066 3795 pietate
1092 3723 1413 3792 contuitus,
1446 3721 1590 3794 quia
1615 3736 1767 3776 nun·

112 3827 296 3885 quam
340 3812 681 3883 importune
719 3811 978 3869 charitas
1026 3812 1263 3884 petitur,
1300 3811 1395 3867 cui
1428 3826 1665 3883 semper
1704 3810 1764 3867 in

111 3904 397 3973 promptu
418 3899 927 3957 estabundantius
939 3900 1283 3967 concedere,
1301 3916 1487 3973 quam
1500 3906 1761 3971 rogetur.

114 3991 247 4045 Haec
275 3993 365 4044 est
393 3988 557 4046 enim
580 4005 715 4062 quae
742 3989 802 4047 in
835 3990 1119 4062 Apostolo
1145 3995 1202 4046 et
1225 3987 1570 4062 apostolicis
1593 3988 1759 4056 viris,

109 4077 324 4150 quales
355 4094 462 4135 vos
490 4095 622 4136 esse
654 4095 773 4137 non
802 4079 1076 4151 improbe
1105 4079 1378 4145 dixerim,
1412 4095 1535 4135 non
1565 4078 1759 4134 solum

107 4167 424 4238 impendit,
453 4168 557 4224 sed
597 4173 652 4225 et
689 4169 1254 4242 superimpenditur.
1301 4171 1433 4224 Hoec
1468 4172 1577 4233 est,
1624 4183 1760 4240 quae

105 4272 247 4314 cum
271 4259 687 4315 scandalizatis
717 4260 923 4323 uritur,
956 4275 1090 4314 cum
1119 4257 1565 4314 infirmantibus
1595 4256 1758 4312 intir-

105 4352 304 4404 matur
333 4348 422 4421 (ΙΙ
450 4348 585 4405 Cor.
613 4348 717 4421 xi).
756 4350 891 4405 flaec
919 4346 1179 4420 denique
1209 4363 1344 4419 quae
1382 4345 1554 4402 nobis
1591 4344 1758 4417 apud

99 4451 211 4494 vos
249 4452 321 4493 ex
360 4437 827 4510 proecedentium
862 4437 1364 4509 contemplatione
1407 4442 1754 4492 sanctorum

100 4539 270 4599 spem
295 4525 523 4583 bonam
551 4528 686 4582 etin
707 4526 1005 4598 reliquum
1029 4525 1355 4597 pollicetur.
1381 4527 1460 4581 Ex
1483 4541 1554 4581 ea
1578 4524 1756 4597 igitur

100 4620 209 4681 est,
243 4615 407 4688 quod
441 4614 721 4688 proesidia
752 4620 948 4671 vestra
990 4631 1096 4687 pro
1135 4617 1351 4671 nostris
1389 4630 1510 4670 non
1554 4612 1751 4669 solum

95 4703 567 4769 necessitatibus,
592 4704 698 4759 sed
721 4709 777 4760 et
795 4704 1334 4760 necessitudinibus
1356 4702 1747 4777 requirentes,

1879 3639 2052 3697 vobis
2098 3637 2348 3707 angelus
2393 3639 2630 3693 Satanas
2664 3634 2770 3707 qui
2810 3632 3053 3690 malitiae
3096 3648 3219 3688 suoe
3258 3632 3535 3705 colaphis

1877 3729 2130 3785 caedetet
2143 3725 2635 3797 triumphantem,
2651 3738 2724 3778 ne
2744 3722 2837 3780 vel
2853 3719 3209 3792 magnitudo
3222 3736 3328 3777 vos
3347 3724 3531 3779 tantae

1874 3815 2240 3889 operationis
2261 3812 2580 3878 extolleret,
2609 3811 2702 3867 vel
2725 3809 2983 3867 felicium
3008 3809 3376 3881 prosperitas
3391 3824 3532 3866 con-

1874 3906 2108 3963 tinuata
2136 3916 2526 3960 successuum
2547 3900 2847 3974 patientias
2876 3903 3085 3955 vestrae
3107 3896 3388 3955 meritum
3409 3913 3531 3955 non

1874 3998 2256 4052 monstraret.
2282 3990 2545 4057 Audivit,
2572 3993 2629 4047 et
2656 3988 2856 4045 lastala
2882 3992 2973 4043 est
3003 3987 3166 4053 Sion,
3196 4002 3265 4043 ea
3293 4002 3430 4060 quae
3458 3987 3531 4043 fl-

1872 4085 1969 4141 dei
2000 4090 2213 4141 vestrae
2237 4079 2574 4151 integritate
2606 4078 2845 4134 fecistis.
2873 4075 3250 4142 Audivimus,
3279 4080 3337 4133 et
3361 4092 3530 4133 com-

1870 4173 2037 4248 passi
2066 4187 2297 4234 sumus.
2326 4186 2398 4226 ea
2421 4185 2558 4242 quoe
2589 4184 2661 4224 ex
2688 4166 2884 4223 aliena
2921 4164 3177 4238 perfidia
3207 4162 3527 4232 tolerastis,

1871 4263 2091 4333 gratias
2131 4265 2376 4330 agentes
2417 4259 2492 4323 ei,
2531 4257 2635 4329 qui
2668 4272 2776 4313 vos
2820 4271 2929 4329 pro
2964 4258 3291 4325 augmento
3313 4253 3526 4324 ‘glorias

1872 4356 2084 4407 vestras
2114 4356 2170 4406 et
2207 4346 2547 4405 incursibus
2593 4344 2935 4402 tentationis
2974 4342 3267 4415 exposuit,
3308 4346 3367 4399 ct
3394 4347 3525 4400 ten-

1866 4438 1976 4496 tari
2017 4435 2464 4494 intolerabiliter
2503 4450 2625 4490 non
2659 4432 2948 4507 permisit.
2984 4430 3328 4488 Liberatum
3377 4445 3522 4503 ergo

1864 4544 1972 4584 vos
1990 4527 2063 4583 de
2081 4526 2364 4582 manibus
2380 4524 2727 4595 impiorum,
2741 4521 2889 4578 laetis
2912 4520 3160 4594 quidem
3177 4519 3522 4577 rumoribus

1864 4616 2113 4674 auribus
2140 4614 2463 4672 laetissimis
2493 4612 2824 4678 audientes,
2856 4625 2982 4666 non
3010 4625 3318 4667 cessamus
3348 4623 3519 4665 orare

1861 4722 1973 4780 pro
1994 4704 2185 4772 vobis,
2208 4709 2266 4761 et
2284 4702 2506 4776 gratias
2525 4715 2721 4774 agere,
2740 4705 2803 4756 ut
2826 4700 3113 4756 Dominus
3141 4701 3292 4755 Deus
3316 4702 3519 4755 noster

92 4809 338 4851 causam
370 4793 541 4848 vobis
572 4792 753 4848 nostri
786 4791 1117 4849 Heduensis
1142 4793 1322 4866 episc.
1357 4791 1750 4848 commenda·
1858 4800 2147 4852 aeternam
2180 4793 2348 4850 vobis
2379 4791 2633 4862 gloriam
2661 4805 2769 4862 pro
2789 4787 3045 4861 publicae
3071 4787 3238 4859 pacis
3260 4785 3527 4842 admini·'

92 4898 250 4946 mus,
281 4881 380 4937 cni
411 4896 549 4936 cum
574 4879 827 4935 aedificet
855 4885 912 4935 et
936 4880 1233 4936 bonorum
1268 4879 1473 4950 religio
1495 4878 1743 4946 famam,
1785 4907 1828 4965 C
1857 4884 2142 4941 stratione
2190 4882 2496 4947 retribuat,
2535 4883 2591 4936 et
2650 4877 2902 4934 sudores
2946 4874 3250 4948 patientiae
3304 4878 3530 4931 vestrae·

90 4975 149 5026 ct
167 4970 471 5042 religionis
499 4970 732 5026 bonitas
757 4969 1206 5035 conscientiam,
1229 4968 1458 5042 peperit
1477 4969 1527 5024 ei
1560 4968 1747 5025 virtus
1854 4989 2044 5032 manu
2063 4971 2313 5045 placida?
2339 4967 2764 5027 consolationis
2782 4966 3106 5035 abstergat.
3127 4965 3193 5019 Et
3216 4962 3511 5035 quoniam

91 5058 367 5125 aemulos,
398 5076 535 5116 cum
567 5073 690 5115 non
719 5057 889 5114 daret
919 5057 1258 5128 malignitas
1288 5056 1582 5114 inimicos.
1611 5057 1745 5124 Qui·

1853 5059 2283 5135 exspectationi
2300 5058 2561 5115 tiliorum
2574 5061 2917 5113 nostrorum
2937 5053 3011 5109 de
3035 5050 3299 5108 Eberbac
3316 5052 3512 5123 gratia

93 5146 238 5203 dam
255 5164 519 5221 namque
535 5149 610 5206 de
625 5147 969 5205 domesticis
987 5148 1108 5203 suis
1121 5147 1195 5203 ad
1211 5146 1614 5219 insipientiam
1631 5145 1743 5203 sibi
1853 5168 1959 5210 vos
1978 5150 2178 5208 divina
2198 5148 2473 5215 restituit,
2496 5163 2601 5203 eos
2625 5150 2683 5202 et
2700 5146 2947 5201 domum
2973 5143 3190 5216 ipsam,
3213 5156 3350 5214 quas
3371 5140 3511 5198 hac-

91 5244 300 5293 contra
326 5237 630 5294 Slimsslum
653 5236 1051 5304 calcitrantes,
1073 5251 1268 5308 nuper
1289 5235 1581 5294 adversus
1602 5251 1742 5293 eum
1851 5244 2025 5299 tenus
2055 5239 2169 5296 sub
2197 5238 2416 5295 umbra
2448 5234 2711 5293 nominis
2737 5233 2914 5289 vestri
2946 5240 3184 5289 servata
3213 5234 3319 5296 est,
3352 5234 3410 5286 et
3447 5228 3511 5286 in

91 5341 330 5382 erexere
361 5324 726 5394 calcaneum,
759 5333 814 5384 el
855 5324 1106 5383 celebris
1149 5324 1505 5383 innocenii&
1548 5325 1742 5381 virum
1850 5323 2714 5402 omnibusprosperata‚multo
2730 5322 2923 5393 magis
2939 5336 3100 5377 nuno
3113 5324 3513 5393 vestra‚quoe.

92 5417 172 5475 ad
194 5415 401 5473 sedem
426 5416 818 5486 apostolicam
840 5420 1260 5490 provocarunt.
1286 5415 1547 5491 improbi
1568 5432 1735 5473 nam-

90 5523 211 5583 que
239 5504 541 5571 homines,
573 5511 631 5562 et
660 5507 1004 5580 jurgiorum
1037 5508 1336 5569 scandalis
1362 5509 1606 5576 assueti,
1637 5523 1742 5565 ne-

1853 5434 2088 5485 sumus,
2111 5415 2432 5490 proesentia
2453 5414 2669 5480 foveat,
2701 5415 2759 5469 et
2778 5410 2916 5467 laedi
2941 5409 3032 5466 vel
3059 5407 3287 5465 turbari
3315 5407 3376 5464 in
3402 5406 3509 5464 ali-

1850 5524 1975 5583 quo
1994 5523 2116 5565 non
2138 5505 2458 5580 permittat.
2474 5502 2712 5561 Crescat
2729 5515 2873 5573 erga
2889 5498 3056 5557 illam
3075 5498 3290 5569 gratia,-
3314 5512 3507 5570 quam
