3784 6000
296 195 407 257 843

1442 184 1824 247 GUlLLELMl
1864 182 2220 245 TYRENSIS
2257 184 2596 247 ARCHIEP.

3618 178 3726 243 844

291 323 440 380 etde
477 324 649 378 nocte
673 317 1027 376 accelerant.
1058 317 1225 372 Mane
1248 314 1426 386 igitur
1456 314 1616 371 facto
1647 313 1726 370 ad
1747 312 1946 371 locum
1983 313 2032 369 A
2065 312 2400 381 cohibente,
2437 312 2722 387 quaedam
2762 310 3062 378 incendia,
3116 308 3435 367 hominum
3474 324 3725 384 quoque

290 410 661 470 destinatum
677 406 1063 480 perveniunt3
1095 403 1192 460 ubi
1226 403 1359 460 aliis
1386 403 1464 460 ad
1495 402 1612 458 alia
1637 401 1956 476 praeliandi

291 502 482 574 gratia
523 495 986 571 properantibus
1018 493 1170 559 loca,
1200 493 1337 551 aliis
1376 493 1531 549 lente
1571 492 1751 548 nimis
1787 497 1844 547 et
1878 491 1956 547 de

286 593 517 648 remoto
558 583 1086 657 subsequentibus,
1119 598 1191 641 ea
1225 581 1388 639 acies
1430 581 1490 637 in
1519 596 1641 655 qua
1676 595 1778 637 rex
1806 585 1953 647 erat,

286 676 701 752 imprudenter
748 673 927 730 nimis
964 672 1333 746 quibusdam
1374 671 1557 744 septis
1598 669 1850 742 lapideis
1891 685 1955 725 se

284 763 608 836 immergit,
642 762 743 819 ubi
773 777 848 818 ex
870 760 1144 818 hostibus
1189 759 1453 817 latebant
1498 757 1771 815 nonnulli
1788 777 1806 831 ;
1843 773 1954 814 au-

285 856 410 912 dito
444 853 606 912 enim
626 857 969 909 nostrorum
1001 851 1284 918 adventu,
1315 848 1497 906 latere
1528 847 1953 920 disposuerant

286 950 367 1010 ut,
389 942 691 1000 declinato
712 947 1058 997 nostrorum
1123 941 1371 1013 impetu,
1407 939 1664 1012 propriae
1688 936 1862 993 saluti
1881 951 1953 992 eo

282 1032 469 1091 modo
501 1035 746 1104 possent
784 1028 1121 1085 consulere.
1152 1028 1432 1084 videntes
1487 1032 1723 1083 nostros
1773 1037 1955 1097 super

281 1138 386 1181 eos
412 1120 656 1179 irruisse
688 1119 1007 1185 incautius,
1030 1117 1166 1174 licet
1197 1116 1366 1174 inviti
1396 1115 1554 1173 etde
1590 1114 1715 1171 vita
1742 1114 1954 1187 despe-

279 1217 505 1278 rantes,
551 1208 687 1266 facti
744 1215 905 1273 sunt,
945 1209 1079 1281 ipsa
1121 1206 1469 1263 necessitate
1529 1208 1800 1277 urgente,
1836 1202 1954 1259 for·

281 1300 500 1367 tiores3
531 1302 589 1355 et
608 1298 809 1354 subito
839 1296 1202 1363 exsilientes,
1233 1295 1505 1351 videntes
1534 1299 1773 1350 nostros
1803 1293 1953 1348 inter

279 1388 612 1460 angustias,
646 1387 870 1443 instant
895 1386 1229 1443 animosius
1260 1400 1275 1452 ;
1308 1391 1364 1440 et
1395 1383 1616 1457 quibus
1646 1383 1790 1439 satis
1824 1382 1953 1438 fue-

279 1481 376 1535 rat
423 1476 593 1549 prius
638 1476 879 1532 latendo
919 1490 1101 1547 posse
1143 1473 1446 1530 declinare
1501 1471 1946 1528 adversarium»

281 1565 599 1624 interfectis
641 1563 830 1638 equis,
860 1564 1090 1634 sagittis
1149 1563 1387 1619 eminus
1443 1561 1664 1625 missis,
1708 1566 1948 1616 nostros

279 1655 685 1728 comprimunt
702 1653 1010 1712 violenter.
1032 1653 1248 1709 Videns
1270 1653 1470 1725 itaque
1494 1651 1782 1707 dominus
1803 1664 1942 1706 con·

279 1744 643 1803 stabularius
683 1744 913 1801 hostem
968 1758 1042 1799 ex
1097 1742 1425 1815 improviso
1469 1740 1804 1806 emersisse,
1857 1740 1944 1793 eis

278 1849 418 1891 cum
452 1832 639 1890 multo
680 1832 908 1904 impetu
962 1847 1027 1888 se
1073 1831 1286 1903 ingerit
1327 1830 1632 1897 medium;
1676 1827 1824 1884 dum
1868 1827 1944 1883 de

278 1937 446 1979 more
475 1921 716 1978 viriliter
728 1922 997 1987 dimicat,
1018 1920 1461 1992 dominumque
1473 1934 1676 1987 regem
1702 1918 1760 1973 in
1779 1921 1943 1973 arcto

277 2010 562 2085 positum,
588 2026 664 2066 ne
709 2010 768 2066 in
796 2026 935 2066 eum
961 2009 1358 2082 periculosius
1391 2007 1671 2073 irruatur,
1689 2005 1943 2061 fideliter

274 2101 549 2174 protegit,
582 2104 638 2156 et
691 2098 770 2156 ab
814 2098 1050 2170 injuriis
1088 2099 1352 2154 vindicat
1382 2100 1676 2170 potenter,
1715 2093 1941 2152 crebris

274 2195 332 2248 et
377 2188 645 2246 violentis
683 2189 900 2244 ictibus
948 2187 1287 2258 lacessituS,
1340 2192 1397 2242 et
1443 2184 1765 2242 lethalibus
1795 2199 1941 2241 con-

274 2280 473 2336 fossus
501 2277 872 2340 vulneribus,
909 2277 1148 2332 tandem
1201 2276 1325 2331 suis
1356 2291 1491 2330 eum
1522 2273 1935 2347 eripientibus,

271 2368 374 2425 vix
412 2368 473 2423 in
499 2382 654 2440 equo
685 2370 999 2423 revocatus
1028 2368 1134 2421 est.
1182 2364 1533 2421 Ceciderunt
1563 2378 1741 2433 porro
1775 2363 1833 2418 in
1867 2377 1940 2418 ea

274 2455 693 2527 congressione
720 2455 831 2511 viri
870 2451 1292 2510 memorabiles
1316 2458 1374 2509 et
1405 2454 1503 2525 pia
1523 2451 1937 2509 recordatione

273 2543 443 2615 digni
475 2559 489 2600 ε
515 2543 753 2617 juvenis
774 2542 1025 2616 quidam
1043 2540 1331 2612 elegantis
1347 2541 1555 2598 lormoe
1581 2546 1637 2597 et
1665 2540 1936 2597 honestis

274 2631 512 2707 pollens
564 2631 850 2700 moribus,
911 2629 1125 2689 nobilis
1178 2636 1235 2688 et
1282 2631 1470 2697 dives,
1524 2629 1830 2687 Abraham
1859 2630 1935 2686 de

275 2720 582 2789 Nazareth,
619 2726 676 2779 et
713 2720 1116 2778 Godesealcus
1171 2720 1247 2777 de
1295 2721 1552 2791 Turolte,
1597 2719 1704 2793 qui
1751 2720 1935 2777 etiam

273 2810 503 2869 bonam
523 2810 612 2867 sui
631 2809 871 2884 reliquit
890 2809 1394 2866 existimationem
1422 2815 1509 2877 ;et
1530 2809 1628 2866 alii
1651 2809 1829 2881 pauci
1846 2808 1931 2866 in·

274 2897 507 2957 ferioris
539 2913 778 2956 manus.
808 2899 906 2954 His
930 2898 1014 2956 ita
1035 2914 1100 2955 se
1123 2897 1502 2965 habentibus,
1534 2898 1608 2955 de
1638 2913 1782 2954 casu
1810 2902 1932 2955 tam

2066 408 2328 474 stragem
2368 402 2756 468 exercuisset,
2792 399 3010 472 adjecit
3056 400 3269 455 iterato
3316 398 3567 456 introire
3598 399 3728 466 ;lo·

2062 492 2330 566 catisque
2358 491 2567 548 castris
2592 491 2743 549 inter
2772 490 2985 546 urbem
3021 488 3496 558 paneadensem,
3527 493 3586 544 et
3608 486 3727 547 flu-

2063 581 2225 637 vium
2258 584 2405 646 Dan,
2431 595 2777 638 excursores
2819 578 3192 652 praemiserat
3223 576 3570 651 frequenter
3617 578 3724 653 qui

2062 670 2299 745 praedas
2315 685 2491 742 agere
2499 675 2582 737 nt,
2597 669 2878 726 incendia
2912 672 3321 741 procurarent.
3340 668 3360 722 1
3367 683 3474 740 pse
3490 671 3696 724 autem
3707 711 3722 736 ,

2060 761 2234 833 quasi
2277 774 2386 833 pro
2444 758 2737 825 subsidio,
2782 763 2980 815 eastra
3016 771 3137 814 non
3171 757 3475 823 deserens,
3506 771 3723 815 eorum

2059 848 2314 906 reditum
2327 848 2851 920 etaggressionum
2865 851 3144 904 eventum
3155 844 3729 919 exspectabat.Nun·

2062 938 2273 995 tiatum
2306 943 2395 995 est
2414 937 2640 994 interea
2664 936 2913 994 domino
2937 935 3089 1009 regi,
3117 935 3283 1009 quod
3313 935 3394 993 ita
3428 951 3538 1008 per
3571 935 3725 992 fines

2060 1031 2297 1084 nostros
2323 1026 2723 1084 salahadinus
2736 1026 3046 1083 desoeviret
3068 1042 3084 1092 ;
3110 1025 3238 1100 qui,
3262 1030 3583 1099 assumpto
3609 1024 3721 1082 sibi

2061 1117 2386 1174 Dominicoe
2422 1115 2616 1172 crucis
2652 1115 2817 1186 ligno
2851 1115 3319 1188 convocatisque
3357 1115 3502 1181 suis,
3537 1131 3724 1188 quos-

2061 1221 2299 1278 cunque
2329 1205 2605 1277 colligere
2658 1207 3058 1277 undecunque
3115 1202 3327 1277 potuit,
3377 1203 3460 1260 ad
3503 1203 3720 1262 urbem

2060 1300 2345 1368 properat
2363 1293 2843 1351 'tiberiadensem
2861 1313 2873 1350 :
2889 1293 3028 1350 inde
3041 1308 3147 1366 per
3158 1293 3453 1365 oppidum
3476 1292 3715 1365 Sephet,

2060 1401 2166 1456 per
2195 1384 2405 1440 urbem
2437 1383 2918 1456 antiquissimam
2951 1385 3210 1448 Naason,
3253 1381 3331 1438 ad
3359 1382 3717 1455 praedictum

2056 1476 2351 1531 Toronum
2399 1488 2537 1528 cum
2583 1473 2707 1529 suis
2763 1472 3051 1545 pervenit.
3126 1471 3253 1538 Ubi,
3299 1470 3719 1544 frequentibus

2056 1563 2280 1619 nuntiis
2325 1561 2853 1618 intercurrentibus
2889 1577 2994 1618 aro
3026 1564 3186 1618 certo
3216 1559 3511 1634 comperit
3550 1560 3721 1619 Sala-

1978 1651 2025 1707 B
2055 1651 2351 1708 hadinum
2379 1668 2516 1707 cum
2547 1650 2806 1707 exercitu
2834 1666 2943 1707 suo
2968 1651 3167 1707 adhuc
3193 1650 3251 1707 in
3277 1648 3493 1706 eodem
3517 1665 3718 1722 perse·

2054 1756 2260 1797 verare
2290 1739 2450 1807 loco;
2474 1757 2615 1797 suos
2632 1744 2831 1796 autem
2860 1738 3102 1796 levioris
3126 1743 3451 1796 armaturae
3476 1739 3716 1809 milites,

2053 1830 2156 1903 qui
2197 1829 2490 1902 proemissi
2531 1828 2787 1899 fuerant,
2817 1844 2995 1901 agros
3048 1827 3499 1885 sidoniensium
3529 1828 3714 1886 hosti-

2051 1918 2180 1975 liter
2221 1918 2599 1991 depopulari,
2656 1917 2871 1982 coedes,
2922 1917 3221 1985 incendia,
3262 1916 3497 1990 praedas
3547 1933 3715 1975 exer·

2050 2024 2204 2064 cere.
2230 2008 2441 2064 Habita
2469 2008 2669 2080 itaque
2699 2007 3148 2073 deliberatione,
3163 2005 3388 2080 placuit
3412 2006 3712 2075 omnihus,

2048 2097 2322 2155 hostibus
2357 2097 2598 2154 obviam
2650 2095 2753 2153 ire.
2797 2096 2937 2152 lnde
2968 2111 3132 2169 ergo,
3161 2095 3335 2168 juxta
3367 2096 3711 2154 condictum

2048 2192 2256 2243 contra
2287 2186 2626 2242 paneadem
2650 2184 2975 2242 exercitum
2995 2185 3338 2258 dirigentes,
3362 2186 3713 2259 perveniunt

2046 2275 2124 2332 ad
2155 2276 2350 2332 vicum
2370 2274 2473 2347 qui
2500 2274 2716 2331 dieitur
2736 2274 3047 2347 mesaphar
3076 2273 3270 2342 ;unde
3294 2276 3439 2349 quia
3458 2275 3524 2331 in
3547 2291 3712 2333 sum·

2045 2364 2163 2421 mis
2199 2363 2500 2421 montibus
2526 2364 2706 2419 situm
2728 2367 2839 2430 est,
2857 2362 3197 2436 prospicere
3226 2368 3353 2421 erat
3374 2367 3565 2421 totam
3583 2364 3709 2422 sub-

2041 2454 2264 2525 Jectam
2289 2454 2596 2524 regionem
2628 2469 2818 2525 usque
2847 2453 2928 2509 ad
2956 2451 3189 2509 radices
3218 2452 3464 2522 Libani;
3505 2458 3706 2514 castra

2044 2543 2564 2616 quoquehostium
2592 2541 2851 2599 dabatur
2879 2543 3116 2599 eminus
3140 2543 3376 2600 intueri.
3420 2543 3705 2601 patebant

2045 2648 2288 2706 quoque
2318 2632 2707 2689 nihilominus
2724 2632 3142 2705 prospectibus
3163 2632 3568 2704 singulorum,
3596 2632 3704 2691 ini-

2048 2723 2338 2779 mieorum
2354 2722 2662 2778 discursus
2676 2726 2732 2778 et
2748 2720 3048 2780 incendia.
3064 2720 3512 2780 Descendentes
3528 2722 3703 2795 igitur

2042 2812 2231 2869 nostri
2252 2825 2359 2883 per
2389 2810 2604 2868 montis
2632 2810 2932 2867 declivum
2963 2826 3101 2868 eum
3134 2810 3540 2884 festinatione,
3578 2815 3698 2869 tur-

2044 2917 2174 2957 mas
2221 2899 2488 2974 peditum
2521 2914 2725 2956 seeum
2768 2899 3000 2956 trahere
3042 2915 3164 2956 non
3215 2904 3533 2973 poterant;
3564 2899 3697 2958 lessi

274 2986 611 3062 periculoso
631 2988 914 3047 dominus
938 3004 1043 3045 rex
1072 3004 1317 3046 suorum
1345 2992 1583 3061 ereptus
1611 3002 1818 3060 opera,
1851 2985 1930 3044 ad
1968 3003 2009 3059 c
2041 2990 2202 3048 enim
2228 2994 2396 3047 erant
2419 2988 2646 3063 oppido
2675 2989 2783 3046 viae
2813 2988 3268 3063 longinquitate,
3289 3005 3401 3047 nec
3426 2992 3698 3064 poterant

275 3085 471 3137 castra
496 3078 658 3136 unde
680 3079 920 3148 exierat,
949 3093 1222 3135 reversus
1245 3082 1372 3145 est;
1410 3077 1513 3133 ubi
1541 3093 1686 3134 suos
1715 3077 1818 3149 qui
1850 3076 1931 3133 ad

273 3168 438 3226 varia
468 3166 806 3225 inordinate
821 3166 1078 3240 dispersi
1118 3166 1612 3239 fuerantrecepit.
1640 3164 1931 3221 Dominus

271 3256 743 3315 veronenlridus
760 3255 960 3327 regius
983 3254 1490 3321 constabularius,
1514 3254 1932 3326 ingravescen-

274 3345 432 3402 tibus
468 3345 803 3411 doloribus,
837 3345 915 3402 ad
959 3344 1278 3402 Castellum
1328 3359 1554 3400 novum
1603 3342 1770 3416 quod
1809 3343 1931 3416 ipse

274 3433 475 3491 adhuc
507 3433 869 3503 aedificabat,
901 3434 1135 3490 delatus
1181 3438 1285 3489 est.
1332 3435 1575 3490 Factum
1614 3438 1702 3489 est
1730 3438 1931 3491 autem

272 3522 409 3590 hoc,
444 3538 500 3579 iv
521 3523 659 3580 Idus
682 3523 918 3596 Aprilis.
949 3522 1258 3579 Decubans
1298 3537 1440 3592 ergo
1469 3520 1549 3578 ibi
1585 3526 1642 3578 et
1672 3537 1778 3595 per
1805 3521 1932 3578 dies

272 3611 447 3686 quasi
496 3611 728 3678 decem,
760 3628 898 3670 cum
947 3611 1154 3669 dolore
1181 3611 1367 3668 vitam
1424 3611 1799 3683 protrahens,
1831 3627 1934 3666 su-

273 3717 485 3775 premo
510 3702 737 3774 judicio
783 3701 1130 3759 memoriter
1159 3705 1215 3757 et
1263 3700 1586 3774 prudenter
1631 3701 1929 3767 ordinato,

271 3790 363 3847 vir
386 3807 494 3862 per
529 3792 737 3848 omnia
766 3791 1286 3857 commendabilis,
1308 3807 1343 3847 x
1387 3790 1512 3846 Kal.
1545 3790 1693 3856 Maii,
1726 3790 1933 3863 patrioe

272 3885 562 3953 perpetuo
600 3880 925 3951 lugendus,
951 3879 1184 3936 vivendi
1243 3879 1380 3937 fecit
1408 3878 1587 3934 finem
1614 3895 1630 3946 ;
1657 3884 1712 3935 et
1757 3877 1817 3935 in
1845 3895 1934 3936 ec·

273 3968 455 4028 clesia
501 3970 690 4027 Beatae
750 3970 852 4027 Dei
902 3969 1216 4027 Genitricis
1264 3973 1322 4025 et
1374 3984 1614 4042 semper
1657 3967 1933 4040 Virginis,

271 4058 432 4132 apud
466 4059 664 4116 nobile
714 4063 772 4115 et
816 4057 1121 4114 famosum
1152 4063 1418 4114 castrum
1453 4056 1608 4128 ejus,
1635 4059 1934 4114 Toronum

268 4147 560 4213 videlieet,
596 4145 802 4202 debita
848 4144 1297 4217 magnificentia
1344 4144 1613 4217 sepultus
1658 4149 1776 4201 est.
1811 4147 1938 4211 Quo

271 4235 581 4300 defuncto,
609 4235 807 4290 statim
836 4234 997 4290 intra
1045 4233 1328 4290 eumdem
1366 4249 1657 4299 mensem,
1699 4233 1941 4290 Salaha·

2040 3081 2268 3153 equites
2298 3078 2580 3152 passibus
2594 3079 2935 3153 adaequare.
2956 3078 3121 3136 Unde
3139 3095 3274 3136 eum
3311 3079 3522 3151 paucis
3539 3079 3692 3153 pedi·

2040 3170 2221 3237 tibus,
2253 3170 2357 3244 qui
2396 3169 2671 3242 agiliores
2699 3169 2925 3226 inventi
2949 3173 3110 3236 sunt,
3141 3169 3201 3225 iu
3231 3168 3547 3243 planitiem
3562 3185 3693 3244 quoe

2040 3260 2239 3317 statim
2268 3258 2573 3316 montibus
2605 3258 2876 3331 subjecta
2901 3264 3013 3325 est,
3054 3257 3433 3316 devenerunt
3466 3258 3529 3316 in
3555 3274 3691 3317 eum

2038 3347 2262 3415 locum,
2294 3348 2396 3420 qui
2437 3346 2615 3421 vulgo
2638 3346 2922 3420 mergium
2949 3346 3303 3421 appellatur.
3336 3349 3444 3405 Per
3469 3346 3690 3421 aliquot

2038 3438 2217 3509 igitur
2240 3437 2441 3503 horas,
2478 3442 2539 3493 ut
2579 3435 2813 3508 plenius
2865 3435 3297 3493 deliberaretur
3344 3435 3496 3509 quid
3538 3435 3690 3495 facto

2040 3542 2193 3600 opus
2235 3531 2410 3593 esset,
2440 3525 2519 3582 ibi
2578 3524 2991 3583 substiterunt.
3031 3527 3261 3582 Interea
3293 3522 3696 3582 Salahadinus

2039 3615 2115 3673 de
2141 3615 2340 3672 subito
2375 3615 2530 3688 regis
2566 3614 2823 3672 adventu
2862 3612 3296 3687 aliquantulum
3332 3614 3695 3689 perterritus,

2042 3705 2258 3763 timens
2292 3704 2419 3760 suis
2449 3701 2888 3771 excursoribus,
2920 3720 3074 3777 quos
3119 3703 3293 3776 quasi
3334 3720 3370 3761 a
3399 3720 3466 3761 se
3495 3708 3553 3762 et
3583 3704 3699 3761 suis

2043 3792 2286 3851 videbat
2315 3792 2628 3859 exclusos;
2665 3792 2877 3849 timens
2906 3791 3047 3849 item
3080 3806 3154 3849 ne
3188 3793 3248 3849 in
3279 3798 3483 3853 castra
3523 3794 3700 3852 irrue·

2042 3882 2655 3955 rent,impedimenta,
2673 3882 2940 3938 sarcinas
2952 3887 3262 3939 etomnem
3277 3882 3697 3955 supellectilem

2044 3970 2194 4028 inter
2216 3987 2455 4028 murum
2478 3976 2533 4028 et
2572 3969 2944 4027 autemurale
2972 3970 3179 4028 vicinae
3212 3971 3377 4029 urbis
3421 3987 3697 4047 compor-

2047 4062 2157 4117 tari
2190 4061 2477 4135 praecipit,
2510 4065 2573 4116 ut
2599 4059 2676 4116 ad
2702 4059 3032 4133 quemlibet
3060 4059 3199 4117 belli
3227 4065 3509 4118 eventum
3529 4077 3700 4136 expe-

2047 4149 2594 4208 ditiorinveniatur.
2626 4149 2973 4206 Succinctus
3003 4165 3167 4222 ergo,
3184 4155 3237 4207 et
3274 4150 3502 4208 dubius
3524 4151 3704 4225 pluri·
3783 4191 3784 4226 3

2049 4255 2241 4305 mum,
2261 4238 2582 4294 reiexitum
2604 4238 3082 4310 praestolabatur.
3116 4237 3329 4295 Verum
3355 4255 3701 4300 excursores

270 4322 451 4380 dinus
494 4322 841 4394 proedictum
893 4327 1179 4389 castrum,
1227 4320 1394 4395 quod
1435 4322 1508 4377 de
1563 4338 1722 4378 novo
1752 4322 1943 4379 fuerat
1974 4358 2020 4415 D
2049 4328 2156 4403 qui
2197 4328 2531 4400 praedatum
2569 4328 2778 4397 ierant,
2807 4325 3013 4384 audito
3039 4333 3379 4386 nostrorum
3413 4329 3697 4400 adventu,

273 4415 703 4478 constructum,
745 4426 802 4467 v¹
829 4410 956 4468 Kal.
991 4411 1127 4466 Jun.
1161 4410 1399 4468 obsidet
1427 4428 1441 4478 ;
1473 4411 1821 4485 crebrisque
1856 4412 1937 4468 in·

271 4501 552 4568 mitibus,
584 4500 846 4557 etdenso
880 4500 1237 4571 sagittarum
1265 4499 1475 4557 nimbo
1501 4499 1751 4572 fatigare
1766 4501 1942 4574 eaepit

269 4592 553 4650 violenter
574 4591 837 4649 inclusos
853 4609 871 4664 ;
915 4606 1051 4646 eum
1081 4606 1217 4647 ecce
1247 4603 1407 4647 unus
1433 4590 1508 4647 de
1532 4590 1939 4657 interioribus,

270 4681 367 4739 cui
394 4695 617 4738 nomen
649 4688 792 4748 erat,
825 4684 887 4737 ut
918 4679 1161 4749 dieitur,
1194 4679 1527 4753 Raynerius
1564 4678 1639 4736 de
1686 4682 1937 4747 Marum,

270 4785 461 4826 unum
492 4770 567 4826 de
597 4768 916 4827 ditioribus
949 4768 1265 4826 admiratis
1304 4770 1516 4842 sagitta
1555 4769 1828 4826 saucium
1854 4769 1941 4826 in-

270 4859 506 4918 teremit
525 4875 539 4927 ;
561 4874 666 4932 pro
680 4859 772 4929 cuj
786 4875 853 4914 us
877 4858 1045 4915 obitu
1061 4874 1276 4916 omnes
1296 4859 1378 4915 ita
1394 4858 1758 4915 consternati
1775 4864 1933 4926 sunt,

273 4952 338 5005 ut
360 4947 577 5005 infecto
604 4947 866 5018 negotio,
896 4946 1091 5004 soluta
1121 4946 1434 5003 obsidione
1464 4947 1859 5006 discederent.

855 5055 1080 5112 CAPUT
1106 5052 1337 5110 XXVIII.

268 5142 676 5201 Salakadinus
698 5145 988 5215 reqionem
1001 5143 1335 5225 inqreditur
1355 5142 1753 5202 sidoniensem
1774 5162 1797 5209 ,·
1823 5160 1934 5203 rex

413 5216 749 5272 convocatis
774 5215 941 5287 reyni
966 5215 1212 5281 cincus,
1235 5214 1488 5272 hostibus
1513 5218 1789 5272 occurrit.

343 5305 624 5377 Sequenti
664 5319 894 5371 mense,
937 5320 1074 5362 cum
1111 5304 1237 5376 Jam
1270 5303 1590 5377 praedictus
1624 5304 1931 5362 Salahadi·

271 5404 408 5458 nus,
440 5391 533 5448 bis
568 5391 698 5464 jam
731 5392 817 5450 vel
870 5408 941 5451 eo
986 5391 1246 5465 amplius
1280 5392 1340 5448 in
1392 5406 1550 5464 pago
1594 5393 1930 5452 Sidoniensi

270 5476 556 5540 violenter
602 5484 759 5540 esset
813 5480 1119 5557 ingressus
1163 5485 1221 5541 et
1257 5478 1440 5539 libere
1480 5482 1644 5552 satis,
1686 5481 1929 5542 nemine

2051 4416 2363 4491 perterriti,
2415 4417 2765 4489 postpositis
2821 4416 2955 4474 aliis
3004 4418 3302 4490 optimum
3341 4418 3596 4488 ducunt,
3653 4420 3701 4476 si

2051 4522 2300 4563 suorum
2330 4504 2673 4578 agminibus
2700 4506 2934 4579 possint
2959 4507 3292 4580 aggregari.
3322 4509 3700 4568 Transmisso

2051 4610 2192 4665 ergo
2214 4596 2482 4668 flumine,
2511 4595 2677 4668 quod
2716 4611 2823 4669 per
2846 4596 3115 4654 medium
3150 4596 3353 4654 dividit
3395 4597 3701 4658 sidonien·
3783 4612 3784 4617 ’

2050 4686 2204 4742 sium
2233 4700 2412 4756 agros
2442 4689 2499 4741 et
2531 4685 2876 4758 praedictam
2913 4685 3238 4759 planitiem,
3287 4686 3351 4744 in
3389 4703 3520 4762 qua
3556 4687 3701 4746 dixi-

2049 4788 2205 4840 mus,
2249 4779 2483 4830 nostros
2511 4788 2661 4839 esse,
2693 4777 3016 4832 occurrunt
3055 4774 3278 4832 nostris
3328 4790 3343 4831 :
3400 4775 3508 4834 ubi
3560 4777 3699 4835 inito

2047 4862 2321 4920 eominus
2360 4862 2584 4934 praelio,
2627 4863 2812 4919 nostri
2855 4863 3079 4930 statim,
3120 4863 3379 4936 propitio
3419 4865 3695 4937 Domino,

2043 4951 2197 5008 fiunt
2234 4950 2573 5023 superiores
2602 4968 2616 5019 ;
2650 4951 2975 5025 multisque
3020 4952 3339 5010 interfectis
3375 4957 3435 5012 et
3477 4955 3561 5014 ad
3595 4962 3700 5015 ter·

2041 5054 2162 5096 ram
2184 5040 2450 5113 dejectis,
2498 5040 2766 5114 pluribus
2811 5040 2872 5096 in
2915 5038 3122 5112 fugam
3155 5041 3361 5112 versis,
3387 5042 3597 5103 hostes
3623 5043 3699 5103 ad

2040 5132 2239 5186 castra
2259 5145 2511 5187 suorum
2540 5145 2602 5187 se
2623 5128 2890 5187 conferre
2917 5130 3202 5188 nituntur.

2644 5237 2868 5293 CAPUT
2909 5236 3084 5293 XXIX.

2040 5323 2441 5382 Commiuitur
2450 5340 2682 5398 ραρηας
2696 5327 2889 5382 nostri
2901 5326 3227 5384 vincuntur
3242 5349 3265 5399 ,·
3278 5330 3698 5399 capientes-ex

2605 5399 2687 5454 eis
2723 5399 3132 5470 quamplures.

2109 5487 2262 5545 Dum
2294 5484 2425 5546 hoec
2465 5485 2551 5546 ita
2570 5502 2635 5545 se
2662 5486 2974 5559 haberent,
2999 5487 3127 5548 Odo
3156 5488 3447 5568 magister
3469 5490 3694 5554 militia
