3784 6000
279 128 412 187 18Βὶ
1704 121 1898 180 Lucu
1937 121 2017 179 111
2053 122 2259 180 PAPAE

273 254 485 321 doluit,
504 258 562 312 et
588 252 791 310 aeterni
814 250 985 322 Regis
1013 249 1268 320 gratiam
1296 245 1679 306 reconciliare
1700 247 1927 312 volens,
1959 247 2012 321 Α
2040 245 2207 302 burc.
2242 249 2493 322 insuper
2516 265 2762 326 quoque
2799 254 2877 311 ad
2907 259 3261 317 eorumdem
3302 279 3463 322 um„

272 343 588 416 proefatam
609 342 919 399 ecclesiam
941 339 1189 396 consilio
1220 337 1618 411 spiritualium
1649 350 1931 408 persona-
2037 339 2330 393 concessit
2353 340 2410 394 in
2439 339 2843 401 Gokkeswilre
2874 345 3119 417 triginta
3145 349 3273 407 duo
3292 350 3462 424 frugi

271 448 406 488 rum
438 437 774 488 restaurare
804 429 1150 495 elaboravit,
1180 433 1239 484 et
1265 429 1417 483 sicut
1446 427 1525 481 ab
1569 426 1654 482 eis
1692 425 1923 491 didicit,
2035 439 2196 495 gera,
2225 432 2282 482 et
2318 427 2657 496 dimidium,
2690 436 2750 487 et
2784 431 2906 490 duo
2937 435 3205 505 vinifera,
3238 456 3385 497 cum
3418 458 3459 498 a

270 521 612 593 religiosam
653 527 708 576 et
753 519 1037 574 idoneam
1069 530 1411 591 personam,
1453 514 1698 570 nomine
1726 513 1919 577 Bilint,
2034 512 2257 571 etduos
2283 516 2512 588 hortos,
2536 523 2592 574 et
2613 521 2860 588 curtim3
2891 523 2951 579 in
2966 526 3270 584 Bercheim
3293 545 3444 587 vero

269 610 466 667 eidem
495 609 758 666 ecclesioe
789 607 1066 680 praefecit.
1103 608 1236 661 llaec
1265 605 1447 668 enim,
1475 603 1619 660 dum
1654 603 1921 672 regimen
2031 603 2106 657 sit
2142 602 2257 659 illis
2300 608 2753 677 quatuordecim
2780 610 2995 683 jugera
3031 619 3090 671 et
3141 632 3326 674 unam
3360 636 3463 676 cui

266 698 534 757 ecclesiae
557 697 795 753 feliciter
816 695 1096 766 suscepit,
1126 709 1235 766 pro
1268 694 1364 749 Dei
1391 707 1596 749 amore
1616 691 1921 748 destructa
2032 690 2483 762 Heilingenstein
2506 711 2748 770 quoque
2769 704 2995 771 septem
3010 703 3224 773 jugera
3254 708 3463 764 vinifei

265 785 577 858 diligenter
606 785 999 849 reaedificans,
1031 783 1320 857 dissipata
1347 788 1584 837 strenue
1616 780 1914 852 plantans,
2027 782 2231 837 omnia
2257 798 2375 838 non
2402 785 2793 855 pertinentad
2825 790 3199 860 praebendas.
3225 795 3314 850 Ad
3340 796 3463 853 hae«

261 875 485 932 auxilio
503 874 825 932 etconsilio
846 870 1601 940 BurkardiArgentinensis
1622 867 1910 940 episcopi,
2025 873 2316 927 concessit
2345 871 2456 929 illis
2485 890 2557 931 ex
2589 875 2818 946 integro
2865 879 3063 950 ipsum
3098 881 3400 941 allodium
3452 890 3463 906 '

261 964 639 1037 aliorumque
653 962 1072 1037 spiritualium,
1091 962 1284 1034 ipsam
1305 958 1618 1016 ecclesiam
1639 958 1715 1013 ad
1730 957 1916 1012 hono·
2022 957 2235 1014 husen.
2269 961 2568 1019 Statutum
2592 970 2681 1020 est
2705 966 2932 1032 itidem,
2963 970 3292 1042 utquilibet
3319 989 3455 1044 proe

256 1070 384 1113 rem
427 1055 524 1110 Dei
555 1054 900 1126 prudenter,
924 1057 981 1108 et
1007 1048 1331 1107 honorifice
1369 1047 1734 1114 reformavit,
1775 1062 1909 1101 om·
2020 1046 2081 1101 in
2124 1049 2554 1117 Trutenhusen,
2604 1069 2741 1109 cum
2783 1054 3057 1123 voluerit.
3101 1059 3463 1134 Hohenburffi

256 1158 519 1217 nemque
535 1141 914 1212 divinoelegis
934 1140 1396 1212 religionem,ac
1417 1135 1912 1193 canonicoedisci-
2019 1134 2332 1194 ecclesiam
2375 1139 2594 1207 visitet,
2642 1149 2700 1198 et
2741 1145 3062 1203 missarum
3117 1148 3430 1208 solemnia

256 1233 436 1306 plinoe
459 1232 713 1303 rigorem
740 1230 1073 1286 secundum
1094 1226 1384 1298 Regulam
1404 1226 1564 1282 beati
1595 1225 1906 1295 Augustini
2015 1223 2163 1281 dum
2189 1227 2460 1284 ordinem
2489 1229 2679 1301 ipsius
2706 1232 2972 1290 ecclesiae
3014 1234 3292 1307 celebret,
3322 1257 3403 1295 ac
3434 1241 3463 1296 d

252 1320 404 1379 inibi
452 1321 704 1394 pleniter
748 1318 1128 1386 informavit;
1169 1332 1355 1389 quam
1406 1315 1587 1371 studii
1625 1329 1903 1371 normam
2016 1317 2322 1372 canonicis
2347 1317 2473 1373 suis
2495 1318 2804 1391 religiosos
2825 1322 3143 1381 etidoneos
3160 1326 3463 1386 hebdomae

252 1410 580 1467 succedens
614 1410 664 1465 ei
704 1406 1015 1464 abbatissa
1043 1405 1260 1461 dilecta
1297 1404 1354 1459 in
1383 1403 1612 1460 Christo
1638 1402 1762 1458 filia
1792 1419 1899 1458 no·
2013 1403 2071 1458 in
2106 1405 2459 1462 Hohenburc
2490 1424 2727 1480 semper
2766 1412 3086 1468 constituat
3116 1415 3457 1474 servituros

244 1502 368 1556 stra
399 1502 604 1556 Herrat
637 1498 888 1553 fideliter
916 1496 977 1551 in
1006 1494 1291 1553 omnibus
1332 1493 1508 1550 bonis
1548 1496 1774 1561 secuta,
1805 1491 1900 1547 in·
2012 1492 2061 1547 si
2087 1495 2352 1565 praedicti
2384 1498 2729 1554 sacerdotes
2750 1498 3079 1573 aliquando
3101 1511 3463 1562 commutan

243 1592 332 1644 ter
360 1593 570 1644 cratera
601 1586 861 1643 utilitatis
885 1600 1091 1656 opera,
1119 1582 1345 1656 quibus
1368 1581 1717 1650 invigilavit,
1747 1595 1900 1653 proe-
1935 1597 1982 1653 B
2011 1581 2147 1649 rint,
2178 1587 2555 1655 proepositus,
2574 1586 2803 1660 absque
2833 1586 2950 1645 ulla
2980 1592 3463 1651 contradictione

244 1676 415 1735 dium
443 1678 505 1734 in
553 1675 962 1732 'ri-utenhusen
1000 1688 1141 1729 cum
1171 1676 1467 1728 conventu
1513 1686 1646 1738 suc,
1671 1675 1729 1726 et
1757 1685 1896 1725 cum
2009 1669 2192 1739 tissoe,
2221 1671 2406 1728 libere
2429 1688 2533 1729 eos
2561 1675 2637 1730 ad
2664 1675 2990 1733 claustrum
3024 1693 3339 1750 revocans,
3366 1681 3463 1738 ali«

245 1767 546 1824 Gunthero
583 1765 660 1820 de
702 1764 985 1833 Vinbege,
1017 1778 1052 1819 a
1089 1761 1458 1834 quibusdam
1500 1758 1897 1815 ministeriali·
2005 1775 2151 1816 neos
2176 1762 2480 1819 restituere
2522 1769 2705 1831 curet,
2749 1765 2852 1836 qui
2894 1765 2969 1822 de
3002 1773 3221 1835 monte,
3264 1770 3399 1827 sine
3432 1773 3463 1829 li

239 1853 361 1912 hus
390 1855 580 1928 ipsius
608 1853 866 1911 coeuobii
891 1850 1284 1924 comparavit,
1306 1854 1365 1906 et
1379 1864 1559 1921 super
1589 1850 1788 1920 majus
1811 1848 1893 1905 al·
2002 1847 2351 1916 abbatissae,
2384 1866 2507 1907 non
2556 1851 2901 1910 recedentes
2944 1855 3149 1911 divina
3196 1857 3407 1917 officia
3436 1878 3463 1918 a

240 1947 366 2003 tare
384 1944 443 2000 in
471 1942 829 2001 Hohenburc
854 1957 926 1998 ea
941 1940 1282 1996 conditione
1315 1937 1573 2004 tradidit,
1605 1943 1668 1993 ut
1686 1937 1766 1994 ad
1787 1938 1892 1994 ho·
2006 1936 2122 1994 uuo
2150 1939 2501 2009 gravamine
2529 1940 2865 1998 secundum
2895 1945 3400 2005 consuetudinem
3435 1952 3463 2005 li

240 2047 452 2091 norem
470 2032 644 2088 Deiet
670 2028 1194 2098 Hohenburgensis
1211 2024 1887 2101 coenobii,perlaborem
1997 2026 2313 2100 burgensis
2342 2027 2607 2085 ecclesioe
2636 2029 2937 2088 celebrare
2962 2048 3082 2088 non
3108 2043 3414 2094 recusent.
3451 2039 3463 2093 l

239 2136 416 2178 sunm
432 2117 1360 2195 praeposituraibicanonieorum
1382 2115 1744 2185 regularium
1758 2114 1891 2171 fun·
1998 2117 2324 2173 rifieatione
2353 2133 2597 2190 quoque
2627 2119 2685 2175 S.
2730 2120 2945 2186 Marioe,
2973 2126 3031 2177 et
3060 2122 3120 2178 in
3148 2123 3246 2180 die
3286 2125 3456 2182 Palm

236 2210 497 2281 daretur,
517 2209 620 2282 qui
640 2207 972 2264 secundum
991 2206 1149 2263 beati
1169 2204 1479 2275 Augustini
1499 2203 1808 2274 Regulam,
1830 2210 1886 2263 et
1994 2211 2050 2261 et
2077 2206 2137 2262 in
2166 2207 2346 2262 Coena
2368 2206 2621 2271 Domini,
2642 2206 2774 2263 etin
2800 2209 3133 2276 Nativitate,
3157 2227 3228 2268 ac
3254 2214 3462 2271 Decoll

235 2299 735 2357 consuetudinem
775 2295 1176 2354 marbacensis
1223 2294 1509 2359 ecclesia‘,
1558 2292 1781 2349 institui
1829 2298 1887 2349 et
1998 2296 2053 2351 S.
2084 2294 2331 2351 loannis
2362 2295 2656 2367 Baptistoe,
2689 2301 2747 2352 et
2781 2298 2839 2353 in
2878 2299 3308 2372 Assumptione
3345 2305 3408 2361 S.
3441 2307 3463 2360 l

231 2403 586 2462 permanere
622 2387 907 2443 deberent
937 2400 950 2441 :
995 2385 1108 2440 hoc
1137 2387 1339 2439 autem
1383 2381 1584 2438 lavore
1632 2385 1689 2437 et
1736 2396 1881 2437 con·
1993 2384 2129 2440 etin
2152 2383 2463 2442 festivitate
2482 2385 2538 2441 S.
2564 2385 3260 2456 Michaelis,et0mnium
3290 2392 3463 2449 Sanc1

231 2477 366 2535 silio
391 2477 725 2535 charissimi
752 2477 810 2531 in
834 2474 1064 2532 Christo
1095 2473 1194 2529 tilii
1226 2471 1411 2529 nostri
1445 2470 1741 2538 Friderici,
1771 2472 1880 2527 Ro·
1994 2473 2070 2529 ad
2120 2473 2552 2530 monasterium
2608 2475 3134 2549 Hohenburgense‚
3178 2479 3228 2534 si
3285 2481 3463 2538 inevi‘

230 2582 551 2624 manorum
570 2565 945 2638 imperatoris
966 2578 1204 2635 semper
1224 2562 1487 2632 augusti,
1509 2567 1879 2617 etconsensu
1991 2578 2176 2619 causa
2204 2577 2323 2619 non
2348 2561 2657 2635 impediat,
2692 2564 2935 2622 missam
2961 2565 3293 2624 solemnem
3316 2569 3463 2628 cele]

226 2655 496 2713 ecclesiae
527 2656 717 2726 ipsius
743 2651 1241 2717 ministerialium,
1267 2649 1703 2723 approbatione
1729 2665 1878 2721 quo·
1988 2667 2113 2718 rus,
2144 2652 2457 2708 annuatim
2489 2652 2707 2716 veniat,
2740 2657 2799 2709 et
2825 2654 3004 2711 etiam
3032 2655 3094 2711 in
3144 2655 3299 2713 festo
3324 2657 3387 2714 S.
3419 2660 3463 2716 0

226 2758 347 2819 que
373 2745 552 2802 bonoe
581 2743 885 2800 memorias
915 2740 1063 2797 Petri
1093 2738 1554 2797 Tusculanensis
1583 2738 1871 2812 episcopi,
1988 2756 2058 2797 ac
2121 2742 2180 2797 in
2254 2739 2499 2814 capellan
2579 2740 2711 2812 eJus
2785 2741 3161 2800 dedicatione
3228 2750 3290 2801 et
3366 2749 3426 2803 in

224 2837 369 2891 tunc
400 2832 747 2907 apostolicas
795 2831 954 2888 sedis
1007 2829 1206 2900 legati,
1237 2833 1294 2884 et
1334 2827 1560 2884 Henrici
1612 2828 1873 2897 Argenti·
1983 2829 2165 2886 vitate
2233 2829 2462 2886 Domini
2523 2829 2776 2887 missam
2827 2831 3107 2888 diurnam
3169 2836 3435 2906 priorem

222 2923 429 2980 nensis
472 2921 739 2995 episcopi
780 2920 982 2977 statuit
1011 2924 1070 2975 et
1112 2918 1445 2975 construxit
1482 2917 1744 2988 primum
1788 2917 1868 2974 ibi
1902 2949 1943 3007 C
1979 2919 2132 2976 bret.

220 3013 516 3085 capellam
533 3011 609 3068 ad
626 3011 916 3067 honorem
939 3010 1058 3077 Dei,
1076 3024 1147 3065 ac
1169 3008 1520 3064 memoriam
1542 3008 1601 3062 B.
1629 3009 1697 3064 Ι.
1717 3022 1867 3063 sem·
2050 3009 2221 3075 Quod
2250 3009 2297 3064 si
2330 3008 2708 3082 praepositus,
2730 3015 2786 3067 et
2808 3010 3098 3067 ‘canonici
3127 3014 3218 3068 sui
3243 3014 3375 3070 haec
3406 3030 3464 3088 pi

218 3116 328 3174 per
351 3100 619 3171 virginis,
641 3107 699 3156 et
716 3100 930 3156 curtim
950 3114 1087 3154 cum
1106 3096 1333 3153 caeteris
1359 3093 1648 3161 aedificiis,
1676 3096 1869 3152 donec
1977 3098 2057 3169 gii
2104 3098 2342 3155 decreta
2391 3098 2769 3170 neglexerint,
2806 3097 3237 3173 ecclesiamque
3277 3102 3463 3160 Hohei

217 3196 659 3248 construeretur
687 3190 768 3247 ibi
815 3189 1008 3260 maior
1034 3186 1304 3253 ecclesia,
1336 3185 1394 3242 id
1424 3189 1535 3256 est,
1566 3194 1869 3243 monaste·
1975 3201 2222 3258 gensem
2244 3186 2638 3245 irrationabili
2665 3189 3016 3258 gravamine
3036 3188 3297 3261 inquiete
3321 3199 3460 3262 pert

214 3279 373 3337 rium
394 3279 455 3336 in
478 3279 832 3335 memoriam
852 3277 1009 3334 beati
1032 3275 1276 3341 Nicolai,
1293 3291 1434 3331 cum
1451 3274 1866 3332 claustralibus
1976 3278 2182 3345 verint,
2209 3275 2515 3333 abbatissa
2537 3282 2594 3331 et
2619 3282 2950 3332 conventus
2974 3278 3334 3350 praebendas
3360 3281 3463 3337 acl

212 3367 489 3439 officinis,
517 3367 792 3424 videlicet
814 3381 956 3423 cum
983 3365 1261 3438 hospitali
1289 3379 1643 3437 pauperum,
1677 3369 1734 3422 et
1762 3364 1865 3420 ho·
1971 3366 2105 3423 ficia
2121 3364 2199 3422 ad
2217 3364 2575 3439 proebendas
2593 3364 2949 3436 pertinentia
2961 3366 3416 3431 subtrahant;et
3440 3390 3463 3426 a

213 3458 392 3532 spitio
417 3456 861 3514 advenientium
882 3456 1214 3528 hospitum,
1236 3453 1582 3526 coeterisque
1597 3451 1863 3509 oedificiis
1968 3454 2046 3511 de
2077 3454 2191 3512 sibi
2221 3453 2581 3520 sacerdotes,
2621 3469 2776 3526 quos
2803 3453 3118 3524 voluerint,
3143 3456 3379 3528 quietos
3408 3464 3464 3514 et

208 3547 473 3605 ecclesias
516 3546 889 3610 necessariis,
935 3544 994 3601 in
1033 3559 1156 3616 quo
1202 3541 1522 3599 duodecim
1566 3541 1858 3613 canonici,
1969 3545 2171 3621 giosos
2193 3542 2305 3598 sibi
2323 3540 2694 3615 provideant,
2717 3542 2812 3598 isti
2828 3557 2970 3599 vero
2991 3541 3192 3600 officia
3211 3544 3269 3599 in
3298 3545 3463 3602 missa

208 3654 347 3694 cum
376 3636 594 3693 idoneo
626 3635 948 3708 praeposito
969 3632 1240 3706 ejusdem
1270 3630 1498 3688 ordinis
1523 3630 1860 3687 collocandi
1968 3630 2274 3688 solemniis
2328 3630 2491 3703 prius
2539 3629 2655 3686 sibi
2693 3645 2980 3688 concessa
3009 3632 3277 3705 amplius
3310 3633 3375 3689 in
3429 3651 3463 3691 n

209 3731 369 3791 sunt,
386 3724 489 3796 qui
509 3724 624 3779 sub
639 3722 893 3794 regulari
912 3721 1279 3794 professione
1297 3719 1606 3790 degentes,
1628 3718 1858 3776 Hohen·
1967 3720 2343 3786 Hohenburc,
2362 3717 2475 3774 nisi
2503 3718 2897 3790 permissione
2923 3719 3251 3777 abbatissae
3284 3729 3342 3778 et
3374 3738 3463 3780 coi

203 3812 524 3885 burgensis
568 3811 824 3869 coenobii
853 3809 1177 3867 abbatissis
1200 3809 1485 3880 omnique
1516 3807 1765 3879 collegio
1794 3808 1853 3864 in
1964 3815 2080 3876 tus,
2124 3810 2273 3865 sicut
2304 3813 2361 3865 et
2390 3807 2568 3865 alieni
2607 3807 2908 3865 celebrare
2939 3823 3059 3865 non
3097 3808 3394 3867 audeant.
3443 3815 3463 3869 Ε

202 3901 457 3973 negotiis
477 3900 846 3974 spiritalibus
869 3914 976 3954 seu
999 3895 1450 3968 temporalibus,
1472 3902 1647 3969 prout
1669 3895 1854 3953 abba·
1960 3897 2207 3972 quidem
2236 3897 2443 3963 modo,
2476 3895 2526 3952 si
2557 3896 2937 3967 stivagiensis
2966 3897 3190 3964 abbas,
3236 3903 3294 3956 et
3347 3915 3463 3959 can

201 3991 371 4057 tissa,
396 3995 455 4047 et
482 3990 804 4047 necessitas
832 3987 1090 4045 coenobii
1121 3985 1522 4058 postulaverit,
1549 3986 1608 4040 in
1641 3986 1850 4042 timore
1959 3986 2050 4042 sui
2078 3985 2645 4057 Hohenburgensem
2677 3984 2993 4043 ecclesiam
3012 4002 3121 4059 per
3151 3986 3452 4060 injustam

199 4081 301 4136 Dei
321 4080 534 4136 devote
554 4078 987 4150 obtemperent,
1006 4091 1116 4132 nec
1134 4074 1339 4146 aliquo
1360 4074 1672 4130 temerario
1696 4090 1850 4131 ausu
1957 4065 2375 4131 tradictionem
2397 4075 2765 4131 contentiose
2782 4075 3292 4147 impugnaverint,
3310 4094 3427 4135 nee
3451 4096 3463 4152 1

198 4168 770 4239 Hohenburgensem
821 4165 1133 4223 ecclesiam
1184 4163 1440 4236 superbe
1491 4162 1844 4236 inquietent,
1954 4163 2091 4234 legii
2110 4164 2203 4220 sui
2224 4168 2448 4220 statuta
2470 4180 2506 4219 a
2526 4179 2712 4220 manu
2735 4163 3262 4237 Hohenburgensis
3284 4167 3459 4224 abba

195 4256 420 4330 quibus
455 4256 654 4328 utique
674 4254 933 4327 proefatoe
957 4253 1221 4310 ecclesiae
1243 4252 1302 4308 in
1331 4252 1739 4309 Trutenhusen
1755 4268 1845 4310 or·
1954 4251 2119 4319 data,
2153 4256 2464 4309 mansuete
2492 4251 2987 4324 obtemperando,
3015 4252 3458 4312 observaverin

192 4344 498 4401 dinatione
523 4343 643 4409 tali,
675 4349 738 4399 ut
761 4343 1113 4415 praedictum
1134 4347 1245 4407 est,
1281 4341 1543 4397 fundatae
1572 4340 1717 4397 dare
1745 4340 1846 4397 de·
1878 4307 1923 4362 D
1953 4356 2059 4399 cus
2084 4341 2382 4413 Gorgonii,
2405 4341 2510 4414 qui
2533 4344 2623 4398 est
2642 4341 2968 4413 praebenda
2992 4341 3169 4397 unius
3193 4342 3463 4402 hebdom

191 4434 392 4499 crevit,
415 4448 552 4490 cum
576 4432 994 4505 praedictorum
1025 4446 1304 4495 assensu.
1333 4430 1592 4486 duarum
1618 4430 1844 4488 hebdo·
1951 4431 2041 4498 rii,
2071 4446 2209 4489 cum
2249 4430 2533 4487 omnibus
2569 4429 2941 4504 appendiciis
2971 4431 3117 4497 suis,
3146 4447 3338 4505 quem
3372 4452 3457 4508 qu

189 4524 601 4581 madai-iarum
631 4521 929 4592 stipendia
958 4517 1443 4593 proebendarum,
1474 4534 1596 4576 non
1617 4518 1697 4576 ad
1726 4521 1842 4593 pri·
1952 4521 2334 4592 Stivagiensis
2352 4520 2545 4578 abbas
2563 4520 2642 4577 ab
2659 4521 3158 4592 Hohenburgensi
3174 4521 3463 4616 abbatiss

185 4619 395 4672 vatum
438 4628 636 4678 usum,
670 4611 777 4668 sed
825 4611 900 4666 ad
954 4624 1341 4666 communem
1382 4608 1691 4666 utilitatem
1741 4608 1837 4666 di·
1949 4611 2146 4683 cipere
2162 4609 3111 4684 debet,coeteraquebeneticiade
3131 4611 3463 4673 Hohenbui

186 4701 696 4767 stribuendarum,
728 4700 882 4756 duas
910 4697 1136 4755 scilicet
1162 4702 1428 4754 carratas
1459 4697 1601 4769 vini,
1630 4702 1687 4754 et
1713 4698 1836 4756 duo
1947 4705 2172 4772 scepta,
2197 4699 2281 4756 eis
2310 4698 2759 4766 subtrahantur,
2785 4697 3005 4772 aliique
3027 4700 3390 4760 sacerdotes
3419 4705 3463 4762 i<

184 4792 404 4850 talenta
428 4788 947 4861 Argentinensium
973 4787 1382 4855 denariorum,
1399 4792 1457 4843 et
1478 4786 1680 4859 viginti
1698 4793 1834 4844 octo
1946 4789 2238 4862 prolibitu
2259 4788 2581 4845 abbatissae
2594 4792 2992 4844 etconventus
3003 4787 3249 4846 aliunde
3262 4790 3463 4864 eligat

179 4881 451 4938 maldros
477 4878 777 4952 hyemalis
803 4876 1102 4942 frumenti,
1131 4880 1187 4933 et
1206 4875 1661 4948 quatuordecim
1687 4876 1834 4933 mal·
1945 4878 2059 4950 ipsi
2080 4882 2282 4933 autem
2302 4877 2562 4949 amplius
2588 4876 2646 4933 in
2675 4881 2876 4934 monte
2896 4876 3263 4935 Hohenburc
3283 4881 3463 4940 missi

179 4969 322 5028 dros
337 4965 1017 5035 hordei,etbeneflciain
1036 4965 1298 5022 inferiori
1317 4964 1663 5033 Ehenheim,
1691 4966 1827 5022 etin
1941 4966 2254 5033 solemnia,
2287 4964 2805 5039 quemadmodum
2835 4965 3033 5032 alieni,
3066 4965 3180 5022 nisi
3204 4972 3463 5037 permisi

176 5058 537 5117 Rodesheim
558 5057 675 5112 sita
702 5054 781 5112 ad
804 5055 1048 5112 easdem
1075 5053 1431 5126 praebendas
1451 5054 1825 5127 pertinentia,
1939 5055 2279 5121 abbatissae,
2300 5054 2601 5111 celebrare
2617 5069 2741 5110 non
2762 5055 3041 5111 audeant.
3059 5056 3458 5133 Unanimiqu

176 5153 238 5206 et
262 5148 723 5206 decimationem
756 5143 967 5202 Salicae
996 5147 1165 5200 terrae
1193 5144 1255 5199 in
1278 5143 1644 5212 sunthusen,
1670 5144 1827 5202 deci·
1936 5144 2185 5203 consilio
2210 5148 2268 5201 et
2294 5159 2592 5200 consensu
2617 5143 2921 5201 decretum
2952 5148 3060 5211 est,
3104 5149 3168 5200 ut
3197 5160 3336 5204 uno
3368 5166 3462 5222 qu·

170 5252 308 5293 mas
323 5250 568 5311 quoque
599 5232 1070 5292 Salicaeterroein
1092 5232 1443 5305 Egensheim
1467 5232 1544 5290 ad
1573 5234 1823 5291 easdem
1934 5234 2258 5308 proeposito
2300 5233 2360 5289 in
2399 5232 2809 5288 Trutenbusen
2847 5247 2884 5289 a
2930 5233 3221 5305 proesenti
3271 5236 3405 5293 vita
3445 5257 3463 5295 t

173 5325 529 5396 proebendas
550 5324 933 5397 pertinentes,
963 5326 1022 5378 et
1049 5322 1341 5395 quidquid
1367 5327 1706 5396 proeposito,
1728 5324 1823 5381 vel
1931 5323 2132 5389 dente,
2159 5323 2253 5379 vel
2284 5325 2534 5393 mutato,
2560 5320 2772 5377 fratres
2812 5319 2957 5377 inibi
2983 5331 3456 5383 commorantes

168 5413 405 5475 vicariis
448 5415 572 5472 suis
598 5413 679 5474 ad
708 5426 929 5470 manus
959 5412 1231 5470 oblatum
1267 5410 1444 5474 tuerit
1478 5413 1541 5470 in
1583 5412 1822 5471 Hohen-
1930 5428 2113 5472 neam
2141 5416 2199 5470 et
2227 5410 2573 5484 religiosam
2605 5409 2833 5469 ordinis
2862 5411 2955 5468 sui
2983 5424 3332 5484 personam
3359 5417 3463 5492 elif
