3784 6000
307 202 414 260 8¹5

1425 189 1812 250 GUILLELMI
1851 176 2208 245 TYRENSIS
2247 182 2520 245 ARCHIE
2543 182 2609 241 P.

3627 176 3733 238 816

308 325 453 383 atari
474 322 643 396 coepi,
658 320 947 395 quidnam
965 325 1149 385 esset;
1166 316 1531 388 tandemque
1553 314 1816 387 comperi
1827 312 1964 369 bra·
1997 313 2043 368 Α
2081 326 2196 368 nus
2219 309 2594 369 Raimundus
2624 307 2848 382 junior,
2879 307 3133 365 senioris
3154 305 3322 364 Raim
3334 305 3477 363 undi
3497 305 3736 363 comitis

308 414 512 471 chium
525 413 574 483 ej
586 429 653 466 us
676 411 984 466 dexterum
1010 421 1381 479 manumque
1404 405 1641 467 eadem,
1670 418 1778 474 pro
1792 405 1963 474 parte

307 502 577 567 dimidia,
610 496 1016 570 obstupuisse,
1067 495 1145 550 ita
1180 500 1242 550 ut
1271 495 1507 567 penitus
1536 491 1958 556 vellicationes„

307 596 411 647 aut
433 590 611 645 etiam
645 601 881 642 morsus
910 598 1031 640 non
1064 584 1325 639 sentiret.
1362 582 1638 639 Dubitare
1668 579 1842 652 coepi,
1874 594 1963 634 re-

305 683 524 751 putans
557 690 791 730 mecum
819 672 965 728 illud
986 671 1281 743 Sapientis
1310 670 1590 726 verbum:
1615 670 1853 726 Certum
1880 672 1964 724 est

306 780 344 822 a
362 766 554 821 salute
563 763 892 832 plurimum
923 760 1221 818 abstinere
1241 760 1564 815 membrum
1586 757 1746 830 quod
1763 757 1964 813 obstu-

301 856 435 923 puit
449 860 531 922 ‚·e!
558 866 780 924 aeqrum
797 865 856 906 se
880 865 999 906 non
1016 852 1382 913 sentientem,
1399 846 1782 918 periculosius
1805 846 1964 902 labo-

303 957 463 998 rare.
497 940 843 997 Nuntiatum
881 943 972 994 est
1010 939 1124 995 boc
1161 939 1315 1010 patri
1351 954 1365 1004 ;
1396 936 1808 1006 consultisque
1840 949 1961 990 me·

302 1031 472 1098 dicis,
523 1029 746 1084 crebris
792 1026 1096 1095 fomentis,
1143 1025 1555 1090 unctionibus,
1615 1024 1961 1097 pharmacis

303 1118 505 1183 etiam,
556 1120 622 1172 ut
650 1117 701 1172 ei
731 1115 1165 1181 subveniretur,
1209 1113 1542 1184 diligenter,
1577 1112 1681 1168 sed
1721 1111 1956 1179 l'rustra,

301 1209 691 1280 procuratum
719 1208 824 1259 est.
852 1206 986 1259 Erat
1014 1204 1196 1268 enim,
1225 1207 1289 1259 ut
1319 1217 1608 1274 processu
1649 1200 1957 1272 temporis,

301 1295 438 1368 ipso
448 1309 646 1350 rerum
661 1293 1057 1364 experimento
1071 1296 1279 1365 postea
1291 1289 1522 1364 plenius
1537 1290 1955 1360 cognovimus,

301 1382 610 1455 amplioris
639 1389 697 1436 et
743 1381 979 1453 penitus
1036 1378 1383 1436 incurabilis
1413 1378 1641 1435 doloris
1693 1376 1956 1440 initium,

301 1471 468 1545 quod
508 1469 981 1543 praemittebatur
1003 1469 1322 1542 ;quodque
1353 1467 1526 1523 siccis
1548 1466 1735 1522 oeulis
1759 1465 1958 1522 dicere

303 1574 427 1616 non
446 1574 795 1631 possumus,
821 1573 959 1612 cum
984 1557 1058 1612 ad
1079 1555 1408 1629 pubertatis
1428 1570 1626 1611 annos
1656 1554 1837 1626 coepit
1861 1569 1960 1609 ex-

303 1662 563 1720 surgere.
593 1646 805 1703 inorbo
847 1646 1257 1718 elephantioso
1286 1645 1451 1701 visus
1475 1648 1563 1699 est
1586 1643 1962 1716 periculosis·
1999 1651 2043 1707 Β

302 1737 434 1792 sine
455 1736 735 1793 laborare
763 1752 777 1801 ;
802 1749 925 1807 quo
956 1749 1061 1806 per
1074 1734 1203 1789 dies
1228 1731 1964 1804 singulosingravescente

301 1825 580 1889 nimium,
602 1823 1079 1880 extremitatibus
1095 1823 1354 1879 maxime
1373 1821 1531 1878 loesis
1560 1821 1800 1886 etfacie‚
1818 1820 1966 1877 tide·

299 1912 449 1969 lium
480 1927 728 1968 suorum
748 1911 952 1982 corda,
977 1911 1360 1983 quotiescum
1376 1910 1783 1976 intuebantur,
1806 1925 1969 1966 com-

300 2001 604 2073 passionis
635 1999 853 2056 affcctu
885 1999 1271 2056 molestabat.
1306 1996 1655 2055 proficiebat
1684 2005 1884 2056 tamen
1906 1999 1967 2055 in

302 2089 499 2148 studio
528 2089 889 2159 litterarum;
913 2088 1284 2160 singulisque
1297 2086 1510 2144 diebus
1540 2089 1735 2158 magis
1767 2093 1823 2142 et
1844 2102 1970 2143 ma·

309 2179 420 2250 gis,
439 2178 617 2235 bonoe
629 2176 756 2249 spei
775 2181 832 2233 et
845 2176 1276 2248 amplectendae
1289 2175 1508 2232 indolis
1531 2176 1965 2232 succrescebat.

307 2269 448 2324 Erat
477 2271 679 2324 autem
712 2266 881 2337 juxta
909 2265 1065 2321 illius
1104 2264 1506 2321 conditionem
1533 2265 1745 2330 aetatis,
1775 2264 1970 2322 forma

301 2359 579 2422 venusta,
606 2360 662 2411 et
688 2360 1146 2426 praetermorem
1176 2353 1482 2425 majorum
1511 2368 1779 2421 suorum,
1797 2354 1968 2425 equis

301 2443 687 2501 admittendis
716 2442 1114 2514 regendisque
1128 2442 1484 2514 aptissimus
1516 2460 1530 2510 ;
1564 2442 1968 2499 memoriaete-

303 2532 473 2588 nacis
506 2536 562 2588 et
591 2530 1152 2588 confabulationum
1187 2535 1454 2598 amator;
1479 2545 1698 2603 parcus
1720 2537 1922 2586 tamen
1949 2546 1964 2597 ;

304 2619 412 2678 sed
440 2624 499 2678 et
520 2619 933 2677 benificiorum
955 2621 1179 2692 pariter
1203 2625 1261 2674 et
1287 2620 1644 2690 injuriarum
1678 2618 1850 2675 valde
1880 2634 1969 2675 re·

305 2710 548 2776 colens;
589 2710 744 2782 patri
779 2725 882 2782 per
911 2710 1139 2778 omnia,
1170 2724 1292 2764 non
1322 2707 1520 2764 solum
1554 2706 1727 2773 facie,
1753 2713 1968 2764 verunt

305 2804 431 2856 toto
460 2813 730 2872 corpore,
761 2799 1002 2854 incessu
1032 2812 1272 2870 quoque
1301 2801 1355 2853 et
1386 2796 1703 2852 verborum
1735 2796 1967 2853 moditi-

306 2887 543 2944 catione
570 2886 817 2954 similis;
850 2886 1073 2956 ingenii
1114 2885 1352 2954 velocis,
1380 2884 1483 2940 sed
1515 2884 1679 2940 verbi
1710 2884 1967 2957 impedi-

2079 399 2257 455 filius.

2739 488 2963 544 CAPUT
2994 487 3086 541 111.

2078 577 2253 633 Anno
2282 577 2454 647 reqni
2487 576 2617 647 ejus
2665 575 2881 645 primo,
2925 575 3131 630 classis
3164 572 3498 628 Siculorum
3554 573 3735 643 rems,

2148 647 2588 704 Alexandriam
2603 645 2854 711 veniens,
2877 645 3162 702 damnum
3191 644 3450 700 incurrit
3470 656 3733 701 enorme.

2150 721 2356 776 Comes
2384 718 2785 786 Tripolitanus
2800 718 2970 786 reqni
2984 715 3481 786 procurationem,
3510 715 3736 786 etr-eqis

2151 792 2423 856 tutelam,
2455 796 2740 861 tanquam
2767 795 3126 859 aynatorum
3157 786 3487 855 proximus,
3519 787 3731 856 poscit.

2150 878 2336 949 HuJus
2368 878 2600 934 domini
2641 876 2940 940 Balduini,
2976 891 3137 932 anno
3181 875 3400 947 primo,
3432 876 3597 931 circa
3625 878 3735 931 Au·

2078 968 2232 1037 gusti
2263 967 2517 1032 initium,
2544 965 2941 1022 ducentarum
2963 967 3205 1020 navium
3237 963 3446 1020 classis
3470 980 3507 1020 a
3538 963 3737 1020 domi·

2076 1070 2157 1112 no
2203 1054 2494 1112 willelmo
2551 1054 2882 1111 Siculorum
2921 1067 3079 1123 rege,
3131 1052 3209 1108 ad
3248 1052 3732 1125 impugnandam

2074 1143 2500 1201 Alexandriam
2534 1143 2740 1206 missa.
2768 1141 3055 1200 honestas
3092 1147 3215 1199 tam
3244 1141 3511 1214 peditum
3543 1157 3731 1215 quam

2051 1233 2346 1306 equitum
2374 1233 2586 1306 copias
2616 1231 2911 1297 deferens,
2943 1229 3252 1287 descendit
3280 1230 3340 1286 in
3381 1232 3729 1303 AEgyptum.

2077 1322 2183 1378 Ubi
2213 1321 2363 1377 dum
2387 1321 2517 1392 ejus
2542 1324 2965 1394 procuratores
2995 1322 3053 1374 et
3082 1318 3401 1390 primicerii
3429 1319 3731 1376 incautius

2076 1425 2139 1465 se
2149 1409 2395 1478 habent,
2411 1408 2648 1466 amissis
2658 1423 2728 1464 ex
2742 1413 2997 1478 utroque
3020 1406 3230 1462 ordine
3240 1406 3728 1480 quampluribus,

2073 1502 2197 1556 tam
2230 1499 2542 1572 captivatis
2560 1513 2748 1571 quam
2766 1497 3092 1570 peremptis
3109 1496 3330 1569 gladio,
3357 1511 3464 1568 per
3494 1511 3731 1554 moram

2074 1588 2344 1662 quinque
2372 1592 2477 1644 aut
2509 1602 2611 1643 sex
2661 1585 2916 1652 dierum,
2943 1600 3128 1658 quam
3154 1585 3311 1641 circa
3339 1584 3552 1641 urbem
3580 1583 3732 1642 fece-

2075 1683 2228 1744 rant,
2270 1676 2500 1733 confusi
2544 1679 2938 1732 recesserunt.
2977 1674 3042 1730 In
3073 1689 3258 1747 regno
3308 1689 3451 1730 vero
3504 1678 3734 1736 nostro,

2075 1769 2438 1840 procurante
2466 1764 2675 1824 Milone
2708 1764 2784 1820 de
2806 1763 3005 1821 Planci
3030 1762 3197 1834 regni
3219 1764 3483 1833 negotia,
3511 1761 3735 1820 obortae

2075 1859 2217 1910 sunt
2228 1869 2445 1924 graves
2457 1852 2824 1910 inimicitatae
2852 1852 3006 1908 inter
3020 1868 3158 1908 eum
3172 1851 3540 1924 etquosdam
3566 1852 3736 1923 regni

2076 1943 2379 2016 principes
2405 1964 2418 2007 ς
2452 1940 2803 1997 invidebant
2832 1940 2992 1997 enim
3022 1945 3079 1996 et
3108 1941 3278 1996 anxie
3313 1941 3737 2009 movebantur,

2075 2031 2263 2104 quod,
2305 2031 2453 2103 ipsis
2495 2029 2914 2100 ignorantibus
2944 2045 3054 2086 nec
3104 2029 3349 2096 vocatis,
3378 2030 3508 2102 ipse
3548 2029 3735 2095 solus,

2075 2120 2419 2177 nimiumde
2442 2134 2505 2175 se
2526 2134 2925 2192 proesumens,
2949 2119 3165 2191 spretis
3181 2117 3331 2184 aliis,
3364 2118 3488 2190 regi
3501 2134 3741 2192 semper

2076 2208 2410 2276 assisteret;
2436 2214 2492 2263 et
2512 2206 2742 2264 caeteris
2772 2223 2809 2264 a
2832 2207 2999 2278 regia
3031 2205 3431 2264 familiaritate
3461 2207 3734 2273 seclusis,

2076 2299 2161 2354 eis
2192 2297 2569 2362 inconsultis,
2602 2296 2772 2366 regni
2822 2296 3064 2367 negotia
3096 2299 3468 2368 procuraret.
3507 2296 3737 2354 Interea

2075 2401 2278 2443 comes
2305 2385 2729 2458 Tripolitanus,
2756 2385 2834 2441 ad
2859 2384 3179 2441 dominum
3195 2399 3397 2454 regem
3416 2385 3732 2450 accedens,

2075 2474 2240 2548 apud
2269 2475 2590 2548 principes,
2621 2473 2727 2546 qui
2754 2480 2893 2529 tunc
2915 2472 3066 2529 forte
3092 2473 3356 2537 aderant,
3395 2476 3572 2546 regni
3600 2490 3734 2547 pro-

2075 2565 2444 2621 curationem
2457 2563 2623 2635 petit,
2641 2561 2912 2634 allegans
2930 2560 3160 2617 domini
3184 2561 3336 2632 regis
3355 2562 3563 2619 adhuc
3585 2563 3733 2620 infra

2073 2652 2409 2726 pubertatis
2433 2664 2627 2708 annos
2650 2651 2945 2719 degentis,
2961 2649 3201 2707 tutelam
3229 2650 3589 2723 legitimam,
3605 2653 3729 2724 jure

2074 2742 2416 2812 agnationis
2445 2740 2558 2797 sibi
2594 2740 2814 2796 deberi.
2846 2741 2913 2796 Et
2944 2739 3104 2796 hanc
3146 2739 3461 2812 multiplici
3503 2743 3729 2798 ratione

2075 2829 2192 2886 sibi
2218 2828 2824 2900 dicebatcompetere,
2849 2835 2975 2885 tum
2999 2827 3136 2899 quia
3148 2830 3726 2898 consenquineorum

2071 2933 2316 2976 suorum
2335 2918 2597 2975 omnium
2611 2925 2739 2974 erat
2750 2916 3060 2986 proximus
3077 2938 3098 2987 ‚-
3112 2922 3235 2971 tum
3252 2917 3395 2988 quia
3407 2917 3729 2975 ditissimus

306 2976 471 3035 tioris
495 2991 510 3043 ;
537 2974 922 3031 historiarum
949 2988 1115 3031 more
1142 2974 1329 3047 patris
1366 2973 1580 3031 avidus
1608 2973 1869 3042 auditor,
1909 2977 1965 3031 et
1995 3004 2037 3062 C
2073 3012 2125 3065 εἰ
2142 3006 2996 3079 potentissimuseratomnium
3014 3007 3168 3077 rem-3
3182 3005 3473 3077 fiam-um„
3497 3016 3518 3063 1
3522 3009 3728 3065 eru-am

307 3063 653 3123 salubribus
680 3064 923 3121 monitis
953 3062 1126 3120 valde
1152 3062 1597 3136 obtemperans.

976 3161 1199 3216 CAPUT
1228 3161 1294 3217 ll.

407 3260 531 3328 Quo
570 3265 829 3329 tempore
869 3260 1176 3329 injunctus
1206 3266 1258 3315 et
1291 3264 1610 3315 coronatus
1643 3258 1853 3327 fuerit.

380 3347 805 3413 Hic,defuncto
836 3354 1022 3419 patre,
1044 3348 1140 3403 vix
1170 3354 1297 3403 erat
1322 3362 1620 3403 annorum
1655 3348 1960 3412 tredecim,

307 3436 540 3494 habens
560 3451 828 3492 sororem
841 3435 1132 3509 Sibyllam
1145 3436 1412 3503 nomine,
1431 3441 1574 3492 natu
1592 3452 1653 3491 se
1680 3436 1961 3508 priorem,

308 3542 382 3585 ex
412 3526 623 3583 eadem
657 3531 868 3592 matre,
902 3540 1037 3598 quae
1069 3524 1128 3581 in
1152 3525 1412 3582 claustro
1445 3525 1642 3581 Sancti
1672 3525 1872 3582 Lazari
1904 3527 1963 3582 in

306 3612 611 3680 Bethania,
631 3613 792 3685 apud
819 3612 1132 3669 dominam
1160 3613 1405 3679 Ivetam,
1429 3612 1699 3685 ejusdem
1724 3613 1832 3669 loci
1858 3614 1964 3669 ab·

307 3701 619 3765 batissam,
651 3701 836 3773 patris
857 3700 986 3773 ejus
1009 3705 1412 3766 materteram,
1441 3701 1827 3757 nutriebatur.
1857 3704 1965 3757 De-

310 3792 515 3850 functo
547 3790 725 3860 igitur
754 3796 943 3862 patre,
976 3790 1468 3846 convenientibus
1515 3790 1576 3845 in
1623 3806 1807 3846 unum
1840 3790 1967 3846 uni-

310 3881 502 3938 versis
531 3881 698 3950 regni
727 3878 1121 3951 principibus,
1151 3884 1271 3934 tam
1317 3877 1730 3935 ecclesiasticis
1776 3895 1965 3953 quam

313 3968 729 4035 saecularibus,
762 3974 1130 4025 consonnate
1156 3967 1429 4023 omnium
1450 3966 1843 4033 desiderio,in
1874 3983 1968 4024 ec-

315 4058 499 4115 clesia
530 4056 821 4113 Dominiei
852 4054 1117 4127 Sepulcri
1151 4055 1495 4112 solemniter
1517 4063 1574 4113 et
1616 4071 1687 4112 ex
1714 4072 1903 4124 more,
1931 4071 1969 4113 a

316 4142 1967 4218 dominoAmalrico,bonoemeinorioe,Hierosolymorum

315 4233 676 4307 patriarcha,
695 4248 831 4289 cum
850 4231 1329 4289 ministrantibus
1339 4234 1825 4307 archiepiscopis,
1844 4234 1969 4307 epi·

2072 3112 2304 3170 quoque
2313 3096 2657 3153 adnectebat
2671 3097 2959 3152 rationem
2974 3095 3729 3168 validissimam,quoddum

2069 3187 2192 3256 ipse
2217 3191 2427 3256 captus
2441 3185 2669 3255 fuisset,
2691 3198 2768 3241 ea·
2780 3185 2908 3252 ipso
2921 3184 3464 3253 car-cere‚fidelibus
3476 3186 3728 3253 suis‚sub

2071 3274 2313 3331 obtentu
2338 3272 2667 3343 fidelitatis,
2693 3271 2992 3344 pra-cepit,
3022 3275 3316 3343 quatenus
3335 3273 3581 3332 domino
3602 3273 3724 3345 rem·
3783 3276 3784 3337 l

2070 3363 2382 3420 Amalrico
2390 3362 2557 3434 patri
2572 3361 3119 3433 hujus,universam
3138 3367 3355 3417 terram
3368 3376 3724 3428 suam,arces

2072 3456 2126 3508 et
2155 3452 2404 3509 castella
2429 3449 2830 3521 traderent,·et
2850 3452 2974 3522 ejus
2997 3450 3293 3506 mandatis
3304 3457 3358 3506 ct
3382 3452 3725 3509 omnimode

2071 3541 2288 3598 ditioni
2300 3545 2702 3611 supponerent
2723 3538 3141 3609 universa,·hoc
3160 3538 3455 3610 adjiciens
3466 3540 3726 3607 etiam,in

2072 3628 2234 3686 calce
2260 3626 2603 3693 verborum,
2624 3627 2791 3700 quod
2807 3629 3007 3684 sicum
3026 3628 3375 3684 humanitus
3404 3629 3466 3684 in
3496 3643 3725 3686 carcere

2073 3718 2256 3775 vitam
2265 3717 2445 3786 finire
2455 3715 3187 3788 continueretfflraedictum
3202 3717 3507 3772 dominum
3517 3733 3721 3789 reqem,

2073 3808 2217 3879 quia
2232 3805 2805 3875 consanqm'neorum
2826 3820 3064 3860 suorum
3083 3805 3343 3860 omnium
3366 3812 3513 3863 esset
3527 3807 3723 3876 pros-i·

2075 3910 2225 3962 mus,
2239 3908 2316 3951 ea:
2326 3894 2855 3951 asseconstituerat
2870 3894 3180 3950 liaeredem.
3198 3896 3305 3949 Pro
3328 3893 3400 3949 iis
3421 3895 3719 3964 omnibus,
3763 3937 3767 3964 ς

2074 3983 2233 4041 hanc
2280 3982 2395 4040 sibi
2443 3980 2692 4055 rependi
2744 3981 3214 4039 vicissitudinem
3257 3982 3452 4052 magis
3482 3983 3719 4041 honoris

2076 4073 2285 4147 gratia,
2308 4087 2495 4145 quam
2512 4086 2617 4144 spe
2639 4070 2846 4127 futurae
2872 4070 3123 4142 alicujus
3158 4070 3451 4139 utilitatis,
3471 4072 3720 4145 postula·

2076 4165 2202 4221 bat.
2232 4160 2419 4219 Dilata
2448 4165 2539 4217 est
2567 4159 2647 4217 ad
2670 4158 2783 4217 has
2810 4159 3043 4216 domini
3073 4158 3309 4216 comitis
3335 4159 3720 4233 allegationes

2077 4251 2412 4325 responsio,
2426 4265 2497 4306 eo
2509 4253 2820 4322 proetextu,
2836 4248 3000 4321 quod
3026 4264 3255 4321 paucos
3276 4249 3529 4307 haberet
3543 4250 3723 4308 domi·

320 4321 522 4394 scopis
545 4325 604 4376 et
648 4320 778 4377 aliis
822 4319 1217 4377 Ecclesiarum
1260 4321 1547 4394 praelatis,
1576 4323 1777 4381 idibus
1812 4323 1967 4391 Julii,
1999 4352 2046 4409 D
2078 4356 2193 4398 nus
2221 4355 2324 4397 ,εχ
2339 4340 2416 4396 de
2432 4338 2596 4411 regni
2616 4337 2954 4409 majoribus
2995 4353 3226 4405 secum,
3249 4353 3512 4411 quorum
3541 4339 3724 4399 consi.

316 4416 533 4483 quarta
563 4409 658 4466 die
702 4414 838 4481 post
866 4409 1050 4482 patris
1080 4409 1332 4476 obitum,
1366 4412 1644 4467 inunctus
1674 4417 1763 4467 est
1792 4417 1845 4468 et
1875 4428 1970 4470 co·

312 4505 564 4556 ronatus
589 4514 602 4553 :
631 4498 989 4571 praesidente
1008 4505 1230 4556 sanctae
1245 4502 1529 4555 Romanae
1560 4499 1830 4556 Ecclesioe
1859 4500 1970 4557 do·

313 4589 479 4645 mino
525 4587 889 4658 Alexandro,
921 4603 1082 4660 papa
1116 4588 1303 4651 tertio,
1327 4591 1548 4644 sanctoe
1593 4603 1733 4645 vero
1774 4589 1971 4645 Antio·

314 4677 521 4735 chenae
534 4673 1084 4743 Ecclesioe,domino
1096 4675 1968 4749 Aimerico,Hierosolymitanae

313 4766 565 4824 domino
588 4764 908 4830 Amalrico,
940 4763 1184 4836 Tyrensi
1207 4778 1350 4819 vero
1365 4763 1612 4819 domino
1628 4764 1964 4834 Frederico;

311 4854 648 4928 imperante
677 4851 841 4928 apud
872 4851 1466 4924 Constantinopolim,
1497 4852 1734 4926 inclytae
1773 4869 1967 4911 recor-

314 4942 577 5000 dationis
600 4949 658 4999 et
681 4942 797 5015 piae
821 4940 1128 4998 memoriae
1164 4939 1410 4997 domino
1460 4942 1727 5000 Manuele
1752 4961 1772 5015 3
1801 4942 1967 5016 apud

313 5032 617 5089 Romanos
630 5030 881 5088 domino
899 5027 1225 5096 Frederico,
1251 5031 1415 5102 apud
1440 5032 1695 5088 Francos
1716 5031 1967 5088 domino

315 5119 640 5189 Ludovico,
667 5120 729 5176 in
757 5118 970 5190 Anglia
996 5119 1246 5176 domino
1276 5119 1526 5176 ilenrico
1565 5118 1845 5177 Gauiredi
1868 5135 1967 5178 co·

312 5208 476 5266 mitis
496 5208 1044 5281 Andegaviensium
1061 5207 1183 5265 filio
1207 5207 1297 5275 ;in
1327 5205 1525 5266 Sicilia
1551 5222 1694 5265 vero
1714 5209 1965 5267 domino

312 5297 602 5356 willelmo
629 5298 916 5363 secundo,
948 5297 1179 5354 domini
1219 5299 1362 5354 item
1410 5295 1681 5356 Willelmi
1709 5298 1963 5356 senioris

310 5385 436 5443 filio
460 5403 474 5454 ;
497 5386 822 5444 Antiochiae
846 5392 1045 5444 autem
1082 5391 1336 5461 praeerat
1355 5385 1643 5445 dominus
1671 5390 1966 5448 Boamun-

312 5472 449 5545 dus,
474 5473 793 5533 Raimundi
815 5475 1104 5550 principis
1121 5474 1281 5533 filius
1303 5490 1318 5545 ;
1338 5475 1557 5551 Tripoli
1577 5492 1740 5546 vero,
1770 5475 1964 5536 domi-

2079 4429 2161 4485 lio
2191 4429 2251 4485 in
2288 4427 2570 4501 praesenti
2616 4430 2915 4495 uteretur;
2972 4428 3243 4499 promisit
3290 4432 3518 4496 tamen,
3567 4428 3720 4502 quod

2080 4522 2348 4590 tempore
2376 4521 2718 4589 opportuno
2737 4530 2841 4571 eos
2862 4514 3034 4572 citius
3066 4520 3122 4571 et
3148 4516 3488 4586 generalius
3512 4533 3719 4574 convo·

2077 4610 2271 4672 caret;
2297 4605 2627 4676 habitoque
2644 4619 2856 4663 eorum
2884 4604 3157 4669 consilio,
3180 4619 3541 4677 congruum,
3568 4606 3719 4663 auxi·

2076 4695 2261 4753 liante
2272 4693 2734 4766 Domino,super
2750 4692 2845 4749 his
2857 4692 3143 4748 omnibus
3155 4692 3327 4750 daret
3343 4707 3717 4766 responsum.

2076 4784 2176 4842 nis
2202 4785 2285 4840 ita
2307 4782 2505 4855 gestis,
2540 4796 2743 4839 comes
2780 4780 2860 4838 ad
2903 4795 3014 4837 sua
3049 4796 3114 4836 se
3179 4781 3450 4847 contulit,
3494 4782 3720 4839 favebat

2075 4878 2279 4929 autem
2309 4870 2514 4928 comiti
2552 4868 2815 4944 populus
2839 4884 2990 4942 pene
3030 4869 3260 4941 omnis;
3291 4869 3368 4926 de
3396 4869 3719 4929 baronibus

2074 4976 2216 5017 vero
2237 4958 2565 5017 Henfredus
2594 4960 2670 5015 de
2702 4961 2959 5023 Torono,
2987 4959 3189 5028 regius
3230 4959 3718 5023 constabularius,

2076 5049 2405 5108 Balduinus
2438 5047 2838 5115 Ramatensis‚
2862 5047 3138 5104 Balianus
3189 5046 3373 5105 frater
3411 5048 3564 5121 ejus,
3603 5048 3719 5106 Rai-

2074 5139 2293 5197 naldus
2324 5135 2691 5197 sidoniensis
2705 5155 2723 5209 3
2742 5136 3011 5210 episcopi
3037 5150 3178 5193 vero
3210 5151 3445 5195 omnes.

2710 5225 2944 5283 CAPUT
2978 5224 3077 5282 1v.

2071 5317 2220 5375 Milo
2248 5316 2323 5375 de
2345 5315 2562 5373 Planci
2576 5316 2743 5387 apud
2766 5318 2967 5373 Accon
2988 5314 3301 5373 occiditur.
3327 5316 3611 5374 Tun-ensis
3629 5330 3717 5374 ar·

2343 5387 2750 5459 chicpiscopus
2781 5387 3135 5444 Freden'cus
3172 5388 3455 5445 moritur.

2144 5474 2462 5535 Proedictus
2473 5490 2618 5535 vero
2635 5473 2767 5534 Milo
2788 5474 2865 5533 de
2888 5473 3108 5543 Planci,
3130 5475 3290 5533 unde
3311 5473 3713 5551 praediximus,
3751 5443 3758 5456 ⁵
