3784 6000
204 285 293 345 49
1717 276 2137 341 EPlS'roLAE.
3552 286 3634 348 50

210 416 402 486 bitur,
429 413 737 487 impedire.
755 413 869 470 Sed
892 427 1002 468 nec
1021 412 1093 468 ad
1115 411 1551 482 obsequendum
1565 410 1873 483 judicibus
1902 416 1957 482 Α
1986 413 2124 483 rias,
2153 413 2400 487 ipsaque
2415 415 2698 475 beneficia
2727 416 2969 475 sinistra
2990 421 3329 478 constanter
3347 418 3631 492 interpre-

213 504 351 562 sola
382 502 607 561 suflicit
634 501 956 559 sacerdotis
986 499 1223 568 oblatio,
1255 499 1370 556 nisi
1401 507 1455 556 et
1484 516 1549 557 ea
1578 516 1703 572 quae
1735 517 1879 574 pras·
1985 502 2207 561 tatione
2235 504 2560 576 deprivant.
2593 505 2709 562 Hoc
2741 521 2899 563 mare
2931 507 3212 580 navigatis
3245 524 3259 576 ;
3293 507 3352 564 in
3382 507 3494 565 hac
3531 523 3631 565 vos

215 593 441 667 scripta
461 597 596 651 sunt
628 590 803 649 nobis
823 589 1046 663 integre
1074 588 1271 646 fecerit
1291 588 1572 648 exhiberi.
1594 590 1652 645 Si
1678 593 1875 648 tamen
1985 598 2205 664 oportet
2232 593 2425 650 vivere
2456 599 2821 668 tempestate,
2868 597 2929 652 in
2978 613 3090 667 qua
3133 612 3237 655 vos
3283 611 3510 669 quoque
3538 596 3631 653 si·

210 685 293 743 ad
322 700 581 758 praesens
609 684 682 740 de
712 697 784 739 ea
815 683 965 739 inter
996 697 1102 738 nos
1128 681 1554 754 compositione
1588 684 1874 739 tractare·-
1985 697 2155 738 renes
2187 682 2394 740 timere
2423 688 2669 756 oportet,
2702 684 2926 742 subitos
2958 685 3442 758 applaudentium
3473 687 3627 744 risus

213 780 339 843 tur,
367 790 501 847 qno
523 788 697 830 omne
717 771 778 829 in
810 771 1006 827 tuturo
1031 769 1279 842 litigium
1303 770 1545 843 tolleret,
1569 786 1876 844 possemus
1983 774 2041 827 et
2070 771 2305 828 melicas
2329 773 2693 831 adulantium
2713 774 3053 832 cantilenas.
3081 777 3236 832 Inter
3257 791 3385 848 quae
3407 776 3628 848 omnia,

208 865 289 921 ad
306 860 1872 935 omnemtemperantiamconsiliovestroepaternitatis
1985 875 2100 916 una
2118 861 2283 917 vobis
2304 862 2383 918 sit
2410 863 2693 920 evadendi
2716 862 2953 932 fiducia,
2979 879 3113 920 cum
3141 864 3446 922 sinceritas
3468 864 3628 933 fidei,

215 952 462 1023 adduci,
495 952 596 1009 sed
621 949 951 1008 adversario
982 950 1051 1006 ad
1082 965 1340 1024 pugnam
1382 966 1443 1008 se
1483 951 1617 1008 totis
1647 949 1872 1007 viribus
1976 954 2104 1007 tum
2138 950 2394 1008 honesto
2425 951 2783 1024 operationis
2812 952 3116 1024 integritas
3149 973 3165 1023 ;
3199 953 3514 1027 potiusque
3553 954 3627 1011 de

209 1040 553 1114 accingenti
572 1039 729 1097 vires
741 1039 1104 1109 addere,non
1127 1043 1216 1095 est
1236 1038 1623 1111 imprudentis
1636 1043 1867 1098 tantum
1977 1040 2313 1098 testimonio
2335 1042 3071 1101 conscientioevestroecum
3084 1041 3361 1116 Apostolo
3372 1041 3620 1116 gloriam

220 1130 510 1201 hominis,
536 1129 639 1186 sed
670 1126 885 1186 insani.
1977 1131 2209 1202 quaerite
2238 1132 2411 1202 (Rom.
2445 1132 2511 1204 ιι)
2540 1147 2718 1204 quam
2750 1131 2952 1189 alienae
2981 1130 3190 1205 linguis
3221 1131 3515 1190 lubricum
3535 1131 3621 1188 vel

960 1216 1157 1275 XXIX.
1973 1219 2234 1294 vulgaris
2287 1222 2688 1280 aestimationis
2753 1221 3056 1279 redimatis
3121 1222 3434 1279 incertum.
3491 1222 3623 1280 Ilaec

277 1328 359 1369 an
398 1326 671 1369 sanorum
706 1324 971 1379 monam,
1011 1325 1138 1366 num
1177 1326 1344 1368 ssss‘r
1380 1327 1542 1368 nauis
1581 1327 1797 1368 anunm
1975 1311 2131 1367 enim
2165 1310 2371 1381 majori
2394 1327 2573 1384 quam
2604 1311 2842 1368 veniant
2862 1310 3204 1383 pernicitate
3232 1315 3618 1384 protereunt3

820 1415 1267 1457 assuescamus,
1973 1398 2361 1472 illassquamvis
2390 1400 2688 1472 ingratum
2709 1400 3059 1473 quaudoque
3079 1400 3402 1457 sortiantur
3429 1414 3620 1458 acces-

269 1489 615 1548 Venerabili
645 1493 703 1547 et
730 1488 943 1546 dilecto
974 1491 1158 1547 amico
1210 1506 1319 1547 suo
1377 1492 1603 1548 'Psonis
1651 1490 1865 1548 illustri
1972 1504 2128 1557 sum,
2190 1487 2344 1544 felici
2395 1492 2593 1546 tamen
2653 1505 2885 1561 semper
2921 1489 3077 1546 exitu
3107 1489 3620 1561 gloriantur.·11aec

194 1582 363 1656 regis
393 1581 718 1654 Anglorum
752 1578 1121 1649 cancellario,
1141 1581 1482 1651 Annum-ue,
1504 1581 1864 1640 Lexoviensis
1974 1581 2168 1634 autem
2197 1577 2363 1634 vobis
2392 1578 2583 1635 scribo
2615 1595 2731 1635 non
2763 1582 2827 1634 ut
2855 1579 3195 1647 Minervam,
3218 1583 3283 1635 ut
3310 1579 3500 1650 aiunt,
3520 1579 3619 1636 lit-

190 1670 481 1728 Ecclesio
505 1669 774 1727 minister
798 1667 1070 1738 humilis,
1093 1666 1347 1726 salutem
1371 1673 1430 1726 et
1450 1667 1763 1742 plurimam
1782 1671 1866 1727 di·
1972 1670 2126 1724 teras
2157 1667 2421 1739 doceam,
2470 1669 2570 1725 sed
2625 1685 2761 1725 cum
2812 1669 3000 1727 amico
3050 1669 3298 1743 loquens
3328 1669 3618 1728 sermonis

192 1759 545 1816 lectionem.
1889 1784 1937 1850 Β
1969 1772 2205 1813 cursum
2240 1756 2489 1815 retinere
2510 1773 2627 1814 non
2655 1758 2837 1830 potui,
2871 1759 3196 1831 praesertim
3220 1775 3355 1816 cum
3378 1775 3619 1833 congra-

262 1849 526 1906 Litteras
549 1854 754 1906 vestroe
783 1846 1139 1921 dignationis
1187 1847 1404 1920 accepi,
1445 1864 1696 1920 quarum
1727 1848 1855 1906 sin-
1967 1845 2208 1903 tulantis
2241 1847 2426 1904 animi
2458 1847 2628 1919 quasi
2676 1848 2940 1920 quodam
2987 1847 3223 1906 lascivia
3251 1853 3615 1922 perurgeret.

196 1937 342 2012 gula
375 1937 552 1995 rerba
588 1934 733 1993 mihi
762 1936 889 1994 visa
935 1939 1077 1993 sunt
1121 1936 1345 1995 stillare
1390 1937 1757 1997 dulcedinem
1796 1944 1854 1997 et
1963 1934 2271 1992 dominum
2307 1935 2607 1994 Serlonem
2639 1936 2871 1994 fidelem
2925 1945 3185 1994 nostrum
3225 1952 3360 1995 cum
3410 1936 3617 2011 paucis

186 2027 363 2085 suavi
385 2027 631 2097 sincero
654 2025 962 2084 charitatis
981 2025 1148 2084 melle
1172 2042 1428 2084 manare.
1452 2026 1695 2085 Gavisus
1716 2044 1851 2087 sum
1963 2024 2322 2096 modicisque
2356 2024 2607 2099 negotiis
2657 2042 2785 2098 quoe
2844 2030 3056 2097 portat,
3105 2025 3376 2083 charitati
3406 2029 3614 2084 vestro

185 2117 420 2175 salvam
452 2117 604 2175 mihi
635 2132 764 2174 esse
793 2118 944 2189 apud
975 2131 1078 2173 vos
1106 2116 1544 2188 praerogativam
1592 2117 1850 2190 pristina
1960 2114 2329 2182 commendo,
2362 2114 2471 2171 hoc
2504 2114 2724 2171 seilicet
2753 2114 3035 2186 adjuncto
3078 2118 3142 2170 ut
3189 2114 3303 2171 sub
3344 2115 3615 2174 absentia

182 2206 617 2265 familiaritatis
643 2209 704 2262 et
731 2206 955 2280 gratio,
989 2221 1095 2262 nec
1142 2221 1272 2263 eam
1303 2206 1664 2279 demigrasse
1694 2207 1847 2266 loco·
1959 2218 2090 2260 mea
2118 2203 2365 2275 gratiam
2398 2203 2683 2277 principis
2714 2219 2892 2276 quam
2918 2203 3371 2276 {officiosissime
3402 2204 3611 2275 merui,

180 2313 320 2353 rum
349 2295 779 2364 distantia,nec
799 2295 1203 2367 frequentibus
1226 2295 1475 2368 negotiis
1497 2297 1847 2369 exspirasse.
1956 2295 2149 2349 vestra
2183 2291 2328 2348 mihi
2368 2292 2668 2364 diligentia
2716 2296 3105 2363 conservetur,
3137 2292 3415 2366 quoniam
3453 2294 3608 2363 apud

176 2386 751 2459 Gavisus,inquam,
772 2385 913 2457 quia
932 2388 1067 2457 post
1085 2383 1391 2459 epistolam
1406 2389 1661 2443 vestram
1683 2386 1847 2444 nulla
1948 2382 2227 2453 juvenem
2260 2382 2387 2439 sine
2416 2381 2835 2439 admonitionis
2867 2381 3083 2455 pabulo
3113 2381 3216 2439 diu
3246 2399 3364 2440 non
3394 2383 3610 2455 poterit

178 2476 387 2548 potuit
414 2474 673 2533 residere
703 2473 995 2545 dubietas,
1024 2475 1192 2546 cujus
1223 2475 1591 2546 majestatem
1622 2492 1843 2549 nequa·

176 2581 372 2638 quam
394 2564 668 2622 convenit
694 2563 786 2620 vel
806 2562 1017 2621 vitium
1038 2562 1309 2621 falsitatis
1337 2564 1653 2634 incurrere,
1674 2566 1762 2622 vel
1780 2567 1840 2623 in

178 2653 553 2712 adulationis
570 2650 855 2710 vilitatem
885 2654 1259 2713 descendere.
1278 2652 1431 2710 Vivit
1461 2658 1654 2711 autem
1675 2656 1841 2712 vobis

183 2745 347 2817 apud
364 2759 463 2801 me
482 2741 873 2800 nihilominus
882 2758 1029 2800 veroe
1046 2741 1372 2801 dilectionis
1383 2744 1646 2814 affectus,
1662 2760 1839 2817 quem

180 2834 297 2891 etsi
324 2833 615 2906 frequens
643 2832 838 2906 operis
859 2831 1139 2890 exhibitio
1166 2847 1284 2889 non
1306 2831 1586 2904 illustrat,
1608 2834 1840 2907 supplet

176 2927 391 2980 tamen
421 2920 538 2979 sibi
566 2921 801 2979 conscia
830 2927 1114 2995 prompte
1143 2921 1369 2979 devotio
1393 2921 1726 2980 voluntatis.
1771 2923 1837 2980 In

172 3010 446 3069 amicitia
465 3012 679 3069 etenim
702 3012 826 3069 sola
846 3011 1177 3069 animorum
1199 3012 1471 3069 voluntas
1492 3013 1834 3086 exquiritur,

1953 2472 2163 2541 vivere,
2195 2472 2338 2544 quin
2369 2473 2639 2544 exspiret.
2674 2472 2830 2529 Bene
2860 2486 3205 2545 semperque
3225 2470 3374 2531 vale.

2687 2560 2852 2617 XXX.

2689 2667 2881 2708 rapam
2918 2667 3331 2708 amaxonum.

2021 2741 2199 2799 Grata
2231 2740 2374 2797 mihi
2405 2741 2651 2815 refulget
2707 2741 2957 2810 occasio,
3010 2741 3213 2799 multis
3271 2745 3601 2814 exspectata

1950 2830 2334 2903 temporibus,
2369 2828 2575 2886 multis
2592 2828 2815 2887 artibus
2847 2830 3161 2903 exquisita,
3183 2830 3420 2887 videndi
3449 2830 3602 2887 scill-

1947 2924 2040 2978 cet
2071 2919 2279 2976 iaciem
2310 2919 2532 2976 domini
2564 2918 2701 2988 mei,
2734 2924 2792 2976 et
2824 2924 3065 2977 matrem
3097 2935 3286 2976 meam
3331 2923 3596 2978 sanctam

2237 2667 2311 2707 An
2363 2666 2638 2706 nummum

1948 3011 2266 3068 Romanam
2305 3010 2625 3067 Ecclesiam
2659 3009 2951 3067 visitandi.
2992 3010 3329 3067 Jocundum
3376 3013 3466 3066 est
3503 3024 3598 3066 me
3709 3071 3716 3082 ,

175 3118 287 3159 nec
304 3101 599 3159 crementi
615 3099 1225 3173 patiturquoestionem
1238 3115 1311 3158 ne
1323 3101 1634 3174 prostituta
1647 3102 1835 3175 possit
1951 3099 2307 3173 quibuslibet
2327 3100 2534 3158 offerre
2564 3100 2857 3171 periculis,
2882 3099 3246 3174 quibuslibet
3274 3099 3487 3155 inferre
3509 3097 3596 3157 la-

173 3190 267 3248 vel
306 3191 673 3249 mercenaria
701 3190 983 3264 reputari.

245 3279 349 3336 Sic
372 3274 643 3351 namque
661 3278 723 3335 in
743 3295 850 3337 sua
876 3294 983 3352 per
1001 3293 1066 3336 se
1093 3279 1345 3352 puritate
1372 3280 1659 3350 consistit,
1692 3281 1834 3340 utin

176 3367 312 3441 ipsa
351 3382 596 3441 opernm
626 3366 908 3425 exhibitio
938 3383 1055 3425 non
1098 3366 1215 3426 nisi
1267 3368 1448 3427 vicem
1478 3370 1836 3429 accessionis

176 3456 447 3515 obtineat
476 3459 536 3513 et
565 3456 837 3530 sequelae,
865 3471 972 3513 nec
1000 3457 1179 3514 rebus
1212 3458 1455 3515 fortunae
1485 3461 1713 3517 tenetur
1730 3460 1834 3518 oh·

181 3545 377 3617 noxia,
408 3561 582 3603 suam
614 3546 724 3603 sibi
753 3561 857 3619 per
887 3562 950 3604 se
974 3546 1239 3606 tribuens
1269 3552 1326 3604 et
1354 3548 1615 3607 retinens
1644 3549 1839 3622 digni-

178 3640 386 3693 tatem.
422 3635 595 3703 Quod
623 3636 770 3694 adeo
786 3651 992 3696 verum
1020 3642 1128 3710 est,
1151 3641 1217 3695 ut
1236 3638 1388 3697 inter
1410 3638 1623 3698 divites
1648 3642 1838 3701 rarior

178 3740 421 3798 semper
448 3724 642 3782 soleat
666 3724 938 3796 inveniri,
969 3730 1029 3783 et
1065 3726 1237 3800 plane
1292 3730 1460 3801 quasi
1500 3730 1834 3791 divitiarum

180 3813 674 3886 multiplicitatem
685 3830 860 3873 exosa
870 3815 1223 3889 simplicitati
1236 3820 1599 3892 paupertatis
1609 3820 1838 3880 videtur

177 3904 451 3963 securius
480 3904 783 3963 inbaerere.
819 3905 969 3963 Rara
995 3909 1086 3964 est
1113 3922 1297 3979 eoque
1328 3908 1655 3982 pretiosIor,
1690 3929 1833 3968 nus-

174 4012 362 4069 quam
379 4002 580 4053 tamen
600 3996 786 4053 rarior
808 4011 983 4067 quam
1004 3996 1159 4053 inter
1176 4013 1275 4055 eos
1292 3999 1392 4070 qui
1412 4000 1481 4055 ad
1504 4000 1835 4075 principum

174 4084 489 4143 tractanda
517 4083 764 4144 consilia
792 4088 851 4142 et
881 4086 1113 4157 negotia
1140 4086 1503 4159 disponenda
1530 4098 1835 4150 vocantur.

176 4173 251 4231 ut
278 4173 443 4232 enim
477 4176 685 4231 uetera
714 4177 966 4247 taceam,
1014 4175 1264 4233 sollicita
1293 4177 1592 4235 mentibus
1631 4195 1832 4237 eorum

183 4264 529 4320 dominatur
558 4262 825 4336 ambitio,
876 4266 1134 4338 dumque
1173 4264 1319 4323 alter
1345 4265 1586 4326 alterius
1624 4269 1832 4327 metuit

184 4353 380 4410 studio
412 4354 742 4426 praveniri,
770 4355 1028 4428 procedit
1061 4354 1301 4419 invidia,
1334 4372 1509 4429 quam
1541 4358 1598 4415 in
1629 4359 1828 4417 odium

183 4442 389 4499 statim
434 4442 699 4499 converti
748 4457 983 4500 necesse
1025 4449 1134 4502 est.
1179 4444 1289 4503 Hic
1331 4445 1543 4503 etenim
1590 4453 1676 4505 est
1706 4463 1832 4506 mos

1867 3165 1912 3234 C
1955 3190 2212 3255 boribus,
2240 3194 2304 3248 ut
2334 3206 2558 3248 merear
2579 3190 2887 3262 aliquando
2908 3190 3020 3247 frui
3042 3189 3370 3247 desiderato
3390 3191 3593 3247 vestro

1945 3280 2277 3338 serenitatis
2308 3283 2544 3351 aspectu
2576 3288 2633 3337 et.
2662 3281 2915 3353 jocundo
2945 3279 3096 3338 sacri
3126 3280 3417 3336 sermonis
3445 3277 3591 3336 allo·

1945 3370 2082 3443 quio
2114 3370 2385 3428 recreari.
2416 3370 2614 3427 Iturus
2645 3370 2760 3427 alia
2782 3371 2908 3427 vice
2938 3370 3164 3426 fueram
3205 3368 3591 3426 destinandus

1945 3476 1980 3517 a
1989 3459 2266 3534 principe.
2281 3461 2381 3518 sed
2402 3460 2739 3534 importuna
2751 3474 2844 3518 me
2863 3459 3146 3518 bellorum
3166 3458 3589 3533 emergentium

1947 3551 2182 3608 retraxit
2213 3551 2450 3622 invidia,
2484 3552 2699 3625 quibus
2727 3550 3121 3623 transigendis
3150 3550 3416 3609 studium
3456 3548 3592 3607 dlli-

1946 3640 2151 3714 gentis
2184 3656 2345 3708 mese,
2377 3656 2508 3698 cum
2540 3640 2857 3699 necessitas
2896 3639 3187 3708 Ecclesioe,
3234 3643 3360 3695 tum
3392 3638 3592 3710 reipu-

1948 3729 2107 3788 blicae
2139 3730 2475 3803 requirebat
2505 3729 2747 3787 utilitas,
2778 3729 2941 3795 Quod
2973 3727 3263 3801 siquidem
3289 3726 3403 3783 iter
3432 3724 3588 3782 desi-

1946 3820 2107 3876 derio
2131 3820 2311 3893 magis
2323 3820 2760 3891 quamimperio
2782 3816 3111 3874 mandantis
3123 3828 3586 3887 assumpseram,

1948 3911 2013 3964 ut
2032 3909 2342 3980 impetrata
2362 3908 2554 3980 potius
2573 3923 2744 3979 quam
2761 3906 3026 3977 injuncta
3042 3903 3254 3976 legatio
3274 3903 3586 3962 videretur.

1945 3999 2112 4056 Nunc
2143 4000 2338 4054 autem
2370 3994 2707 4067 compositis
2732 3994 3006 4052 omnibus
3051 4009 3168 4051 non
3212 3992 3455 4067 missus,
3485 3996 3589 4052 sed

1945 4087 2070 4146 sola
2086 4086 2388 4145 devotione
2410 4086 2642 4154 ductus,
2663 4084 2906 4142 advenio
2930 4086 3003 4143 ad
3024 4083 3421 4142 exhibendum
3441 4084 3588 4142 bene

1943 4176 2161 4251 placito
2191 4174 2414 4233 domini
2443 4176 2558 4231 mei
2588 4190 2799 4246 corpus
2829 4180 2884 4231 et
2915 4173 3209 4248 spiritum,
3241 4173 3314 4229 ad
3357 4172 3587 4245 impen-

1944 4266 2166 4324 dendas
2194 4264 2544 4322 utilitatibus
2572 4264 2781 4322 vestris
2812 4279 3039 4334 omnes,
3069 4266 3347 4334 tanquam
3387 4278 3456 4320 ex
3487 4262 3589 4320 de-

1942 4355 2083 4422 bito,
2109 4353 2318 4426 peculii
2333 4353 2662 4411 facultates.
2683 4355 2950 4411 Attamen
2961 4395 2975 4421 ,
2990 4351 3293 4410 utveniam
3304 4393 3317 4415 ,
3331 4350 3589 4424 oportuit

1945 4460 2038 4501 me
2066 4460 2275 4501 causas
2295 4444 2462 4515 quasi
2496 4442 2867 4501 necessitatis
2888 4440 3353 4515 inquirere,quia
3373 4455 3590 4513 nequa-

178 4535 445 4588 vetustus
466 4530 722 4602 invidioe,
748 4534 815 4588 ut
834 4548 1145 4591 successus
1176 4533 1399 4593 alienos
1414 4537 1831 4610 suumjudicet
1859 4540 1915 4607 D
1948 4549 2121 4608 quam
2154 4532 2298 4589 mihi
2329 4533 2615 4606 patuisset
2641 4547 2934 4605 egressus,
2956 4529 3073 4589 nisi
3103 4529 3301 4602 aliqua
3326 4527 3590 4585 crederer

174 4620 609 4678 detrimentum
631 4620 864 4694 sibique
881 4621 1177 4680 sublatum
1200 4627 1424 4696 reputet
1443 4625 1729 4699 quidquid
1753 4627 1824 4684 ad

173 4708 497 4769 commoda
526 4709 768 4769 cesserit
800 4709 1071 4769 aliorum.
1090 4713 1418 4787 Torquetur
1443 4714 1643 4789 igltur,
1669 4731 1831 4774 men-

173 4800 380 4873 tisque
407 4802 765 4857 tormentum
791 4802 1088 4858 contracta
1105 4802 1302 4860 vultus
1329 4802 1621 4862 hilaritate
1651 4805 1831 4864 dissi·

176 4888 394 4958 mutat,
427 4894 487 4944 et
513 4888 824 4946 obscuram
854 4888 1159 4948 fallacibus
1198 4890 1501 4952 blanditiis
1531 4894 1723 4952 induit
1752 4896 1832 4953 si-

179 4977 513 5035 multatem.
536 4980 708 5035 Porro
739 4977 792 5036 si
820 4977 1100 5038 adversus
1121 4981 1455 5054 quempiam
1488 4984 1650 5041 favor
1667 4985 1831 5057 prin·

176 5066 337 5140 cipis
393 5065 577 5123 fuerit
631 5065 1004 5133 immutatus,
1061 5085 1315 5143 eumque
1369 5072 1610 5145 coeperit
1662 5074 1830 5132 oculo

174 5154 477 5214 severiore
484 5155 896 5230 perstringere,
911 5159 1073 5217 omni
1094 5159 1287 5216 statim
1300 5161 1502 5219 solatio
1515 5162 1546 5218 d
1555 5163 1834 5222 estitutus

179 5244 490 5321 egreditur
504 5243 557 5301 is
576 5260 747 5319 quem
762 5246 1050 5306 sodalium
1073 5247 1462 5323 gratia,quem
1486 5251 1832 5326 applausus,

182 5351 363 5409 quem
392 5333 653 5408 denique
681 5336 890 5394 sedula
917 5336 1180 5396 omnium
1207 5339 1483 5414 obsequia
1510 5341 1836 5415 frequenta-

180 5425 346 5481 bant.
378 5422 678 5481 lnsnltaut
705 5441 953 5499 quorum
975 5427 1441 5501 compassionem
1467 5432 1734 5503 sperabat
1762 5435 1831 5492 ad

184 5513 410 5679 cuz-135,
404 5516 493 5662 Bet
520 5516 742 5571 veteres
771 5514 1131 5577 occasionem
1157 5518 1314 5577 nacti
1343 5520 1648 5592 requirunt
1677 5523 1835 5596 inju-

465 5643 505 5675 .,
531 5617 716 5664 nemo.

1940 4622 2381 4695 importunitate
2413 4619 2711 4694 compelli.
2743 4621 2890 4678 Cum
2921 4620 3077 4676 enim
3108 4616 3357 4692 principi
3386 4620 3588 4674 nostra

1942 4728 2169 4786 semper
2198 4713 2278 4769 sit
2305 4710 2565 4768 officiosa
2614 4711 2944 4783 praesentia,
2991 4725 3106 4765 non
3137 4712 3258 4764 tam
3288 4721 3384 4763 me
3413 4708 3589 4764 devo-

1943 4802 2085 4859 tioni
2116 4818 2259 4859 meae
2287 4815 2509 4858 morem
2538 4814 2754 4872 gerere,
2785 4813 2963 4870 quam
2994 4797 3064 4854 ad
3083 4795 3349 4869 publicas
3368 4795 3588 4854 utilita-

1943 4899 2029 4949 tes
2058 4895 2114 4949 et
2135 4907 2245 4947 sua
2274 4888 2439 4947 vellet
2467 4887 2750 4960 obsequia
2780 4886 3045 4942 retinere.
3087 4888 3230 4942 Cum
3261 4888 3457 4944 autem
3488 4900 3588 4943 ve-

1946 4995 2106 5051 nero,
2138 4979 2305 5036 facile
2326 4976 2684 5049 comparebit
2714 4975 2856 5048 quid
2876 4974 3093 5033 ascribi
3109 4975 3424 5044 devotioni,
3445 4974 3589 5049 quid

1945 5066 2279 5128 necessitati
2311 5066 2519 5124 debeat
2547 5063 2849 5138 imputari.
2871 5064 3054 5122 Venio
3083 5065 3198 5140 (32)
3243 5066 3440 5139 igitur,
3473 5080 3588 5122 non

1943 5176 2013 5217 ex
2038 5157 2234 5215 animo
2257 5156 2515 5230 quidem,
2548 5154 2650 5212 sed
2683 5158 2873 5212 tamen
2895 5155 3262 5213 verbotenus
3285 5157 3589 5227 impetrata

1944 5247 2198 5317 licentia,
2217 5248 2268 5306 si
2298 5245 2460 5304 nolui
2492 5245 2638 5302 mihi
2668 5246 2738 5302 de
2759 5245 2993 5304 silentio
3011 5245 3199 5317 ipsius
3221 5246 3408 5303 facere
3429 5259 3589 5315 qun-

1944 5340 2218 5407 stionem,
2248 5336 2523 5411 quoniam
2555 5338 2666 5395 etsi
2698 5353 2813 5394 non
2844 5338 3020 5395 facies
3067 5335 3277 5405 oculis,
3326 5332 3470 5391 rotis
3496 5337 3587 5393 ta-

1946 5447 2078 5488 men
2108 5429 2290 5487 oratio
2320 5429 2728 5501 respondebat,
2763 5444 2867 5485 nec
2914 5425 3243 5498 abjicienda
3288 5424 3590 5482 videbatur

1944 5520 2192 5592 occasio,
2222 5535 2350 5592 quoe
2407 5521 2570 5577 tanto
2620 5516 2907 5575 desiderio
2966 5515 3353 5589 quaerebatur.
3384 5512 3585 5582 Vento,
