3784 6000
180 246 296 309 127

1227 242 1588 305 ARNULFI
1636 238 2146 301 LEXOVIENSIS
2191 238 2541 301 EPlSCOPI

3470 233 3590 297 128

178 380 432 456 gaudeat
485 378 622 451 quia
672 377 908 435 illusam
958 373 1187 441 viderit,
1227 373 1531 431 insultare.
1562 374 1617 431 Si
1664 373 1823 431 enim
1859 374 1909 447 Α
1941 371 2136 427 minus
2163 376 2500 444 promptum
2524 368 2842 443 auxiliique
2864 367 3056 425 minus
3076 368 3334 427 efficacis
3366 368 3588 426 inveni.

172 469 346 529 nodo
377 467 640 540 quolibet
674 465 1074 538 episcopatum
1099 477 1299 519 vacare
1330 463 1659 536 contigerit,
1693 478 1821 534 pro·

172 560 320 619 fecto
333 559 616 616 adomnia
636 559 790 614 bona
804 553 1065 613 ecclesias
1086 553 1480 623 confiscanda,
1495 554 1818 612 secundum

168 655 424 709 veterem
455 647 724 712 abusum,
758 660 967 702 manus
999 644 1196 701 avidas
1230 643 1484 714 potentia
1526 642 1824 700 soecularis

171 737 471 803 immittet,
530 751 717 809 neque
764 733 1146 791 oreditoribus
1189 733 1442 790 satisfiet
1486 734 1549 791 in
1604 733 1821 804 aliquo,

174 826 275 900 qai
299 826 372 883 ad
395 825 854 898 impendendum
878 823 1299 881 constructioni
1318 827 1376 879 et
1401 822 1533 879 aliis
1567 821 1826 879 ecclesias
1870 866 1877 872 .

175 913 618 975 necessitatibus
646 931 682 970 a
730 912 918 971 multo
947 917 1212 982 tempore
1250 912 1373 968 sine
1419 912 1580 969 omni
1630 912 1827 968 fenore

174 1003 591 1076 praestiterunt,
619 1005 678 1060 et
705 1018 808 1073 ego
840 1001 993 1073 apud
1025 1005 1207 1057 Deum
1260 999 1484 1057 violatae
1516 1001 1647 1056 fidei
1694 1015 1827 1056 reus

168 1092 451 1160 inveniar,
475 1099 530 1149 et
559 1092 722 1164 apud
753 1089 1023 1147 homines
1048 1088 1474 1146 existimatione
1494 1094 1551 1145 et
1583 1088 1828 1145 infamia

170 1180 410 1254 publica
430 1182 640 1238 merito
664 1180 1112 1237 condemnatus.
1140 1177 1416 1251 Proposui
1441 1179 1652 1250 itaque,
1688 1194 1829 1234 cura

166 1269 429 1331 ecclesio
459 1268 598 1326 viris
625 1266 940 1326 commissa
969 1267 1378 1340 prudentibus,
1401 1273 1566 1324 extra
1595 1267 1826 1338 provin-

173 1358 345 1428 ciam,
378 1358 438 1415 in
495 1372 611 1430 qua
657 1355 824 1414 nulla
873 1354 1094 1427 latitia,
1129 1355 1290 1412 nulla
1329 1355 1471 1412 mihi
1500 1355 1665 1430 quies
1720 1362 1827 1426 est,

176 1447 376 1519 aliquo
424 1463 519 1509 me
564 1447 847 1514 conterre,
879 1444 980 1502 ubi
1009 1444 1179 1517 quies
1209 1450 1267 1504 et
1312 1445 1507 1502 animo
1556 1446 1831 1518 prodesse

178 1536 370 1610 possit
411 1539 470 1593 et
524 1534 773 1608 corpori,
821 1539 879 1591 et
932 1535 1003 1591 ad
1060 1533 1409 1592 solutionem
1467 1534 1830 1607 parcimonia

175 1625 506 1682 subvenire.
528 1623 794 1697 Cumque
815 1624 887 1681 ab
937 1624 1274 1696 importuna
1295 1623 1649 1679 creditorum
1673 1623 1831 1679 fuero

1932 461 2209 533 Negatum
2260 461 2405 520 mihi
2445 468 2534 518 est
2566 462 2638 517 ab
2670 464 2920 533 utroque
2942 460 3081 532 quia
3109 459 3302 516 adbuc
3331 459 3588 517 robuste

1933 551 2120 609 etatis
2149 554 2207 608 ct
2235 550 2406 607 validi
2438 550 2695 621 corporis
2745 548 3100 619 estimabar,
3132 550 3378 606 necdum
3427 550 3590 607 defe-

1933 642 2089 697 ctum
2119 640 2437 713 quemlibet
2465 641 2535 697 de
2555 639 2813 712 corporis
2835 637 3063 695 delectu
3086 637 3333 696 scientia
3349 637 3441 696 vel
3463 655 3589 697 me-

1937 729 2122 786 moria
2168 730 2571 786 contrahebat.
2609 729 2857 786 Obedire
2885 728 3086 803 itaque
3116 729 3189 784 de
3236 729 3591 787 necessitate

1933 819 2278 890 compulsus
2307 835 2434 874 sum
2467 823 2524 875 et
2554 817 3101 890 pusillanimitatem
3135 834 3326 875 meam
3359 818 3588 876 iteratis

1934 922 2199 965 exercere
2227 907 2547 977 laboribus,
2580 908 2721 964 dum
2756 923 2849 964 me
2880 907 3062 976 Qzelus
3093 906 3384 965 libertatis
3412 907 3591 964 eccle·

1935 997 2180 1055 siasticoe
2210 997 2483 1067 comedit,
2513 1013 2689 1070 quam
2721 995 2929 1054 exinde
2977 995 3230 1069 quotidie
3260 997 3590 1069 majoribus

1935 1101 2169 1156 semper
2196 1087 2347 1142 affici
2399 1085 2695 1158 conspicio
2725 1085 3112 1142 detrimentis.
3143 1089 3265 1141 Non
3318 1078 3480 1158 potui
3502 1085 3591 1143 si-

1936 1174 2075 1242 lere,
2106 1176 2207 1232 sed
2239 1191 2358 1232 non
2391 1174 2504 1232 nisi
2534 1175 2823 1232 modicum
2851 1172 3108 1231 solitaria
3136 1174 3591 1232 submurmura-

1936 1263 2093 1320 tione
2124 1264 2363 1335 profeci,
2385 1264 2524 1335 quia
2554 1279 2725 1320 nemo
2750 1279 2979 1321 mecum
3010 1267 3068 1320 et
3087 1264 3349 1321 omnium
3382 1263 3584 1322 adver-

1937 1368 2069 1409 sum
2103 1369 2194 1410 me
2213 1352 2495 1426 suffragia
2523 1352 2938 1410 reclamabant.
2963 1356 3101 1409 'l'ota
3122 1352 3304 1426 igitur
3327 1354 3388 1411 in
3410 1370 3505 1411 me
3534 1358 3592 1411 et

1937 1442 2243 1501 ecclesiam
2278 1458 2466 1501 meam
2497 1458 2665 1499 versa
2702 1447 2791 1498 est
2838 1442 3164 1517 indignatio
3190 1442 3587 1515 praesidentis,

1939 1533 2111 1606 cujus
2136 1531 2280 1588 mihi
2304 1537 2527 1589 motum
2551 1547 2657 1588 nec
2679 1532 2957 1604 patientia
2979 1530 3247 1605 mitigare
3267 1531 3461 1605 potuit
3484 1548 3590 1589 nec

1939 1621 2287 1696 supplicatio
2343 1621 2608 1678 delinire.
2664 1620 2877 1678 Duravi
2933 1624 3151 1692 tamen,
3202 1620 3468 1694 quandiu
3499 1620 3590 1677 vel

175 1712 458 1772 liberatus
486 1713 793 1781 instantia,
824 1729 943 1786 quo
990 1712 1191 1770 statim
1225 1712 1368 1769 mihi
1407 1712 1737 1785 demigrare
1767 1713 1832 1769 li·
1864 1739 1910 1807 Β
1940 1710 2238 1767 modicum
2290 1708 2348 1764 in
2388 1708 2579 1780 aliquo
2608 1708 2869 1766 solamen
2902 1707 3119 1781 accepi,
3149 1711 3206 1764 et
3261 1710 3593 1781 reparanda

170 1808 322 1874 ceat,
343 1806 572 1876 oportet
600 1819 694 1861 me
719 1802 952 1861 interim
974 1817 1101 1859 esse
1132 1801 1342 1861 litteris
1361 1806 1566 1859 vestras
1604 1802 1822 1859 sancti·

169 1890 305 1962 tatis
329 1891 709 1956 instructum,
732 1907 803 1947 ne
832 1891 904 1947 ad
937 1891 1300 1948 redeundum
1322 1889 1395 1945 ad
1427 1906 1530 1947 vos
1561 1894 1827 1962 oporteat

173 1995 269 2037 me
299 1978 621 2052 plurimum
649 1981 930 2050 temporis
950 1986 1005 2035 et
1034 1979 1260 2036 laboris
1291 1978 1652 2052 impendere,
1685 1979 1825 2052 qnia

176 2067 302 2127 dies
334 2067 551 2125 multos
581 2068 908 2140 provectior
944 2066 1090 2123 mibi
1120 2071 1262 2126 aetas
1292 2072 1350 2124 et
1376 2067 1635 2126 valitudo
1680 2085 1823 2127 con-

177 2155 361 2217 traria
383 2172 500 2213 non
529 2155 829 2228 permittit.

928 2245 1061 2301 CVI.

469 2351 542 2392 an
582 2349 860 2392 nomimis
897 2351 1091 2390 raram
1128 2350 1536 2393 annuorum.

249 2425 481 2482 Dudum
505 2439 598 2480 me
617 2423 820 2480 divina
836 2423 1097 2495 dignatio
1125 2422 1199 2479 ad
1219 2424 1548 2497 episcopale
1570 2423 1827 2495 provexit

182 2512 466 2583 officium,
497 2518 556 2569 et
601 2527 778 2584 supra
808 2512 1016 2569 merita
1047 2527 1200 2581 mea,
1232 2512 1350 2568 imo
1379 2517 1599 2582 contra,
1639 2511 1829 2585 gratia

183 2600 538 2661 sublimavit.
563 2601 631 2656 lllt
657 2615 766 2674 ego
795 2600 984 2673 primo
1015 2599 1254 2672 quidem
1296 2601 1522 2657 facilius
1544 2601 1827 2673 acquievi,

92 2693 97 2697 ’
181 2690 321 2764 quia
350 2706 456 2748 nec
486 2689 740 2747 laborem
773 2689 966 2762 operis
995 2688 1177 2759 illius,
1218 2705 1326 2746 nec
1373 2690 1697 2762 periculum
1729 2706 1830 2746 ex-

181 2783 387 2852 pertus
407 2779 656 2845 fueram,
679 2778 779 2835 sed
803 2778 1168 2835 sanctitatem
1188 2778 1411 2837 ordinis
1431 2783 1487 2835 et
1508 2781 1827 2850 potentiam

179 2866 485 2942 dignitatis
514 2867 821 2924 attendens
868 2883 938 2924 ex
975 2866 1160 2924 altero
1190 2867 1333 2923 mibi
1380 2867 1826 2924 sanctimoniam

182 2957 489 3032 sperabam
510 2956 835 3031 provenire,
855 2972 922 3014 ex
948 2956 1130 3015 altero
1154 2956 1653 3031 magnificentiam
1676 2973 1832 3014 com·

176 3046 390 3120 parari.
423 3046 706 3118 Optabam
737 3062 881 3104 sane
925 3062 1025 3104 eas
1054 3046 1115 3102 in
1147 3063 1332 3103 unum
1380 3063 1745 3113 concurrere,
1777 3054 1832 3103 et

180 3137 538 3196 adeumdem
555 3136 850 3209 cooperari
864 3141 1280 3194 consummata
1296 3138 1520 3193 virtutis
1535 3137 1830 3205 effectum,

184 3228 254 3281 ut
283 3223 505 3282 scilicet
560 3240 668 3281 nec
723 3223 1001 3281 sanctitas
1049 3224 1547 3297 magnificentiam
1591 3224 1834 3292 tolleret,

184 3328 295 3372 nec
315 3312 749 3383 magnificentia
775 3313 1168 3382 sanctitatem,
1195 3314 1292 3369 sed
1323 3320 1570 3386 utraque
1598 3314 1670 3371 de
1701 3313 1840 3370 alte-

184 3402 313 3459 rius
345 3402 594 3458 invicem
627 3402 1000 3459 contraheret
1034 3402 1222 3475 gloria
1267 3403 1632 3475 dignitatem.
1664 3402 1841 3459 Porro

190 3494 466 3565 expertus
499 3489 662 3548 dolui
711 3489 771 3546 in
802 3492 1163 3548 contrarium
1195 3491 1339 3548 mibi
1391 3492 1641 3550 cessisse
1687 3492 1836 3563 quod

193 3579 440 3646 credidi,
472 3579 613 3637 dum
643 3578 838 3637 carnis
868 3579 1184 3639 infirmitas
1231 3582 1431 3639 studia
1462 3581 1702 3639 rationis
1730 3582 1841 3640 im·

198 3673 444 3743 pugnat,
504 3672 563 3727 et
615 3673 909 3741 conceptas
952 3670 1177 3729 resistit
1208 3670 1513 3743 multiplex
1539 3671 1844 3742 occupatio

188 3757 498 3818 voluntati.
517 3760 667 3817 Dum
701 3757 882 3831 igitur
902 3776 1097 3831 quaero
1119 3760 1441 3817 remedium
1462 3769 1517 3818 et
1546 3762 1619 3817 ad
1641 3776 1842 3817 conse·

192 3850 485 3920 quendam
516 3849 768 3907 solutem
799 3852 1043 3908 devotus
1061 3850 1294 3919 anhelo,
1319 3850 1579 3908 intellexi
1602 3849 1748 3908 nihil
1771 3851 1844 3907 ad

191 3936 304 3994 hoc
333 3938 625 3996 efficacius
655 3940 796 4008 iore,
856 3938 1005 3997 nihil
1034 3940 1251 3997 certius
1299 3956 1478 4014 quam
1518 3940 1843 3997 secundum

194 4025 521 4082 doctrinam
553 4026 768 4083 Christi
798 4028 1130 4100 exemplum
1156 4030 1504 4087 humilitatis
1524 4030 1653 4103 ejus
1674 4042 1723 4088 ei
1750 4048 1842 4104 pa·

191 4112 408 4169 tientioe
440 4114 650 4184 pariter
691 4119 750 4170 et
780 4119 1133 4187 paupertatis
1165 4119 1436 4192 amplecti
1472 4139 1487 4188 ;
1520 4121 1846 4194 reprobatis

194 4199 420 4257 scilicet
448 4200 726 4258 omnibus
755 4202 856 4271 qui
895 4203 1047 4259 viam
1078 4206 1336 4262 veritatis
1367 4212 1638 4277 poterant
1667 4209 1850 4280 impe-

193 4286 344 4355 dire,
374 4290 446 4343 ad
495 4289 755 4344 eundum
788 4289 934 4345 mibi
991 4307 1122 4347 esse
1168 4291 1408 4364 aliquod
1440 4293 1847 4367 religiosorum

195 4377 446 4432 fratrum
505 4374 839 4448 collegium,
923 4378 1284 4452 domumque
1350 4382 1632 4453 religiosas
1673 4384 1845 4441 insti-

1940 1814 2293 1873 quocunque
2346 1814 2485 1855 casu
2517 1797 2758 1854 libertas
2815 1796 3211 1854 ecclesiastica
3255 1797 3587 1855 videbatur.

1940 1887 2125 1960 Super
2151 1903 2267 1959 quo
2288 1886 2573 1960 quidquid
2603 1902 2638 1942 a
2667 1886 2868 1943 divina
2888 1884 2961 1942 sit
2984 1885 3240 1943 bonitate
3263 1886 3589 1959 provisum,

1938 1992 2044 2050 ego
2075 1976 2217 2033 mihi
2247 1979 2306 2032 et
2334 1974 2597 2033 sscclesiae
2627 1975 2731 2033 Dei
2776 1975 2973 2032 animo
3004 1984 3058 2032 et
3086 1991 3327 2048 corpore
3355 1976 3474 2034 fere
3505 1980 3591 2033 to·

1939 2069 2035 2123 tus
2066 2065 2291 2123 inutilis
2313 2065 2501 2122 sactus
2521 2081 2677 2133 sum,
2692 2064 2833 2138 quia
2853 2063 3027 2137 paulo
3050 2064 3249 2122 minus
3268 2065 3467 2122 animo
3489 2067 3586 2123 de-

1942 2153 2048 2213 feci
2079 2170 2250 2227 quam
2282 2171 2543 2227 corpore,
2561 2155 2838 2227 quoniam
2861 2154 3043 2210 animi
3063 2153 3218 2211 vires
3247 2158 3306 2211 et
3323 2157 3589 2228 corporis

1938 2247 2211 2301 senectus
2240 2242 2529 2315 obtundit,
2545 2247 2602 2300 et
2618 2242 2969 2316 cogitatibus
2983 2241 3158 2300 iidem
3174 2242 3456 2302 memoria
3465 2259 3588 2301 non

1940 2336 2264 2389 conservat.
2288 2331 2586 2404 Angustiae
2607 2331 2805 2403 itaque
2828 2330 2972 2387 mihi
2996 2334 3134 2388 sunt
3147 2330 3428 2405 undique,
3443 2331 3588 2404 quia

1938 2423 2220 2497 corporali
2257 2423 2611 2495 impotentias
2641 2421 2729 2491 vis
2777 2422 3127 2496 quotidiano
3158 2423 3588 2496 persecutionis

1938 2512 2249 2581 incumbit,
2281 2516 2337 2570 et
2364 2513 2516 2569 inter
2551 2511 2742 2571 varios
2770 2515 3086 2583 conceptus
3114 2512 3259 2570 ratio
3290 2516 3586 2585 torporem

1937 2603 2174 2660 desidias
2201 2602 2419 2675 patitur
2446 2605 2503 2659 et
2531 2606 2849 2674 stuporem.
2882 2601 3171 2659 Trahebat
3200 2616 3296 2659 me
3325 2602 3591 2675 quando·

1937 2707 2053 2764 que
2083 2690 2326 2759 devoti0,
2358 2690 2461 2747 sed
2503 2706 2595 2747 me
2625 2707 2782 2746 nunc
2812 2688 3286 2763 inexpugnabilis
3315 2689 3592 2748 violentia

1939 2780 2302 2841 necessitatis
2343 2778 2613 2852 impellit,
2643 2779 2798 2837 sicut
2844 2779 3227 2852 quorumlibet
3263 2784 3590 2853 coeptorum

1939 2886 2186 2945 operum
2217 2870 2598 2941 imperfectio,
2629 2873 2687 2926 et
2714 2873 2835 2927 tam
2883 2868 3097 2942 linguas
3126 2870 3373 2927 tarditas
3403 2886 3586 2943 quam

1940 2977 2278 3021 sermonum
2309 2959 2573 3019 confusio
2605 2963 2981 3033 protestatur.

2122 3157 2193 3198 an
2246 3156 2549 3198 nicaenus«
2593 3154 3030 3196 wm‘romaussu
3068 3153 3414 3196 episcorum.

2015 3229 2124 3289 Diu
2157 3231 2248 3287 est
2277 3231 2429 3301 quod
2483 3230 2556 3285 ad
2587 3228 2895 3284 dominum
2955 3242 3147 3301 regem
3202 3243 3307 3284 nec
3367 3228 3600 3285 litteras

1947 3320 2222 3376 misimus
2253 3335 2356 3376 nec
2380 3318 2677 3389 nuntium,
2701 3318 2836 3375 licet
2856 3334 2950 3374 me
2971 3316 3445 3391 importunitates
3471 3316 3604 3391 plu-

1946 3406 2112 3463 rimae
2145 3409 2542 3480 perurgerent.
2599 3406 2906 3464 Timebam
2965 3406 3425 3478 indignationem
3474 3406 3603 3478 ejus

1949 3496 2189 3553 nomine
2247 3513 2372 3555 meo
2429 3498 2761 3570 exasperari
2810 3497 3003 3569 potius
3045 3512 3224 3569 quam
3272 3497 3511 3570 placari,
3542 3499 3604 3552 et

1947 3587 2098 3657 quod
2130 3586 2322 3656 ipsum
2356 3587 2427 3642 ad
2478 3586 2805 3643 nocendum
2836 3584 3032 3658 potius
3061 3602 3239 3658 quam
3272 3585 3344 3643 ad
3376 3586 3601 3644 subre-

1947 3674 2228 3731 niendum
2260 3672 2614 3747 supplicatio
2665 3678 3023 3748 provocaret.
3075 3674 3239 3735 Nunc
3267 3677 3463 3734 autem
3497 3690 3602 3732 ne-

1950 3778 2100 3836 queo
2127 3761 2361 3820 differre
2383 3762 2631 3833 diutius,
2654 3763 2934 3836 quoniam
2968 3763 3221 3821 ministri
3249 3763 3379 3835 ejus
3412 3763 3603 3820 mani-

1949 3854 2095 3911 l'este
2116 3852 2430 3925 praedicant
2450 3853 2796 3909 mandatum
2824 3852 2940 3910 sibi
2958 3853 3028 3909 ab
3049 3870 3117 3911 eo
3140 3860 3205 3911 ut
3225 3868 3317 3910 me
3338 3856 3400 3911 et
3417 3852 3603 3911 eccle·

1949 3942 2096 4000 siam
2130 3958 2319 4000 meam
2369 3941 2637 3998 omnibus
2694 3942 2880 3999 modis
2923 3942 3224 4012 infestent,
3255 3940 3305 3998 si
3351 3942 3605 4016 gratiam

1950 4031 2139 4106 ipsius
2168 4028 2259 4089 vel
2289 4030 2536 4088 retinere
2566 4030 2796 4097 volunt,
2828 4031 2915 4088 vel
2948 4032 3289 4089 desiderant
3317 4029 3603 4087 obtinere.

1952 4122 2236 4178 Nituntur
2255 4120 2435 4194 igitur
2455 4119 2650 4176 acrius
2671 4124 2727 4176 et
2747 4119 2993 4177 invicem
3013 4124 3242 4177 certant
3260 4135 3323 4176 se
3352 4118 3414 4176 in
3436 4120 3600 4176 omni

1953 4208 2235 4266 maleficio
2266 4209 2598 4282 praevenire.
2614 4206 2969 4277 willelmus,
2989 4207 3145 4265 filius
3177 4206 3608 4279 Radulfl‚prin-

1952 4314 2090 4369 ceps
2121 4298 2385 4354 omnium
2418 4304 2475 4354 et
2506 4298 2801 4372 magister,
2832 4297 3074 4355 Walteri
3113 4297 3333 4355 scilicet
3363 4299 3435 4355 de
3454 4298 3611 4355 Gon-

1955 4385 2191 4444 stantiis
2213 4386 2480 4457 precibus
2524 4387 2820 4454 inductus,
2844 4403 2944 4460 per
2972 4403 3147 4460 quem
3168 4403 3229 4444 se
3257 4390 3424 4458 putat
3453 4387 3610 4459 regis

195 4462 441 4521 tutionis
471 4465 825 4532 intrandam,
860 4471 923 4524 ut
949 4466 1203 4525 exclusis
1235 4485 1364 4542 quae
1397 4471 1708 4528 vanitatem
1739 4489 1844 4529 sae·
1877 4455 1925 4522 D
1955 4475 2203 4548 gratiam
2266 4474 2493 4531 firmine
2541 4476 2824 4546 obtinere,
2875 4476 3176 4533 affirmans
3220 4480 3271 4532 ei
3328 4475 3607 4550 plurima,

197 4551 314 4611 culi
363 4554 708 4613 videbantur
732 4554 958 4622 offerre,
993 4557 1118 4613 sola
1164 4558 1519 4617 intrinsecus
1557 4576 1735 4633 vagos
1765 4562 1843 4617 at-

195 4643 381 4702 iectus
411 4644 695 4719 regularis
727 4644 1090 4702 continentia
1126 4656 1442 4717 coerceret,
1474 4654 1531 4705 et
1560 4648 1743 4705 allisis
1771 4650 1840 4706 ad

196 4737 420 4805 petram
453 4731 710 4806 parvulis
736 4734 1083 4792 sinceritatis
1103 4750 1332 4806 semper
1372 4737 1563 4794 studia
1583 4738 1845 4795 convale-

198 4827 384 4879 scant.
405 4823 579 4883 Pcrro
605 4825 921 4899 episcopali
952 4825 1318 4898 mancipatus
1348 4826 1560 4895 officio,
1584 4828 1657 4883 ad
1687 4827 1843 4900 quod

200 4926 292 4969 me
322 4911 597 4971 dominus
627 4917 685 4971 et
730 4918 900 4972 Pater
927 4930 1094 4973 meus
1124 4915 1386 4986 gloriosa
1431 4916 1845 4974 recordationis

202 4999 576 5057 Innocentius
617 5017 765 5073 papa
820 5005 1055 5074 speciali
1100 5005 1384 5063 charitate
1421 5009 1700 5079 provexit,
1728 5024 1842 5065 non

198 5087 363 5163 potui
385 5087 469 5143 vel
493 5088 666 5144 debui
700 5105 825 5146 mea
847 5094 1188 5152 auctoritate
1207 5095 1525 5163 discedere,
1550 5098 1662 5155 nisi
1683 5098 1846 5169 prius

198 5192 392 5237 essem
431 5193 466 5234 a
497 5177 759 5235 Romano
801 5181 1095 5251 pontifice,
1125 5183 1295 5254 cujus
1336 5201 1427 5241 me
1455 5184 1654 5242 dextra
1682 5184 1844 5241 colli-

198 5273 448 5340 gaverat,
481 5267 804 5326 absolutus.
839 5269 1173 5343 Supplicavi
1201 5275 1396 5345 itaque
1447 5274 1703 5347 primum
1722 5291 1849 5331 san·

201 5360 311 5415 cto
339 5358 633 5416 memorias
656 5359 905 5431 Eugenic
918 5375 1101 5432 papa.
1116 5360 1848 5433 Supplicavinihilominus

201 5445 453 5506 Adriano
485 5448 592 5504 suh
622 5449 976 5510 conscientia
1003 5447 1288 5520 siquidem
1310 5458 1522 5523 vestra,
1544 5468 1679 5512 cum
1708 5468 1845 5512 can·

204 5533 477 5596 ostiarius
504 5538 733 5608 ussus,
765 5538 864 5596 sed
892 5617 897 5624 Ι
921 5537 1176 5605 favorem
1215 5548 1467 5600 vestrum
1497 5540 1559 5600 in
1588 5558 1658 5602 ea
1685 5547 1850 5615 parts

1954 4578 2080 4637 quae
2114 4578 2219 4634 ego
2252 4578 2552 4635 nunquam
2587 4565 2758 4622 credo
2788 4565 2861 4621 de
2900 4565 3056 4638 regis
3085 4564 3439 4622 conscicntia
3468 4581 3609 4638 pro-

1952 4651 2217 4710 cessisse.
2242 4652 2325 4707 Ad
2348 4653 2751 4724 episcopatum
2772 4651 3070 4727 siquidem
3093 4670 3289 4711 meum
3318 4655 3463 4711 adeo
3477 4654 3607 4726 Jam

1953 4740 2327 4812 impudenter
2351 4740 2608 4812 anhelat,
2632 4746 2699 4798 ut
2724 4744 2845 4816 Jam
2877 4742 3039 4800 nulla
3068 4744 3186 4800 fere
3216 4743 3294 4800 sit
3323 4744 3610 4801 dissimu-

1952 4829 2100 4886 latio
2160 4828 2602 4901 promissorum‚
2661 4832 2760 4888 sed
2819 4831 3024 4889 relicto
3053 4833 3123 4888 ad
3158 4831 3267 4889 hoc
3323 4831 3608 4904 Hubert-0,

1954 4934 2131 4994 quem
2148 4918 2375 4973 utinam
2407 4917 2703 4989 noveritis,
2736 4919 2932 4993 plures
2961 4920 3377 4978 canonicorum
3411 4922 3607 4979 conci-

1957 5007 2120 5065 liavit
2148 5007 2257 5064 sibi
2288 5016 2344 5064 et
2372 5007 2548 5065 etiam
2572 5008 2927 5082 juramentis
2956 5009 3247 5079 astrinxit,
3278 5013 3344 5067 ut
3375 5027 3467 5068 me
3498 5011 3609 5069 de-

1955 5097 2220 5164 cedente,
2252 5097 2324 5155 de
2354 5098 2478 5170 ipso
2499 5098 2768 5171 eligendo
2800 5097 2968 5172 regiis
3000 5100 3369 5158 consentiant
3399 5099 3610 5156 volun-

1954 5187 2082 5246 tati.
2118 5186 2368 5259 Ideoque
2395 5187 2751 5259 Willelmus,
2786 5188 2944 5245 illius
2970 5189 3222 5256 Radulfi,
3249 5188 3613 5248 incessanter

1955 5276 2219 5350 instigat,
2252 5281 2317 5331 ut
2352 5277 2750 5349 frequentibus
2780 5293 2871 5334 me
2911 5281 3073 5336 vexet
3101 5278 3355 5351 injuriis,
3387 5279 3614 5352 quibus

1953 5364 2126 5421 taedio
2174 5364 2445 5423 affectum
2502 5366 2707 5423 cedere
2751 5381 2846 5423 me
2900 5366 3235 5440 compellat.
3272 5366 3334 5422 In
3367 5382 3483 5440 quo
3533 5369 3603 5424 ad

1955 5458 2174 5514 tantam
2234 5454 2661 5515 vehementiam
2689 5455 2779 5513 vir
2827 5455 2927 5513 ille
2959 5456 3261 5529 prooessit,
3293 5460 3358 5512 ut
3411 5472 3505 5514 me
3534 5457 3608 5516 de

1957 5541 2193 5604 civitate
2213 5558 2342 5610 mes
2359 5544 2597 5620 ejiceret
2621 5549 2681 5606 et
2708 5546 2984 5614 omnibus
3007 5546 3288 5618 reditibus
3309 5546 3607 5619 spoliaret,
