3784 6000
338 162 480 220 ¹159

1768 151 1962 209 LUCII
2002 151 2078 208 111
2118 152 2330 212 PAPAE

3519 142 3524 147 ’
3615 165 3753 225 neo

318 287 621 344 oblatione
659 285 946 349 fidelium,
976 297 1081 338 seu
1107 279 1236 339 aliis
1261 279 1434 352 J‘ustis
1473 278 1695 345 modis,
1725 282 1973 350 parante
2005 279 2050 332 A
2084 283 2171 334 ter
2202 280 2498 352 possides,
2530 284 2805 357 praesenti
2840 285 3062 358 scripto
3099 236 3495 347 nihilominus
3534 291 3748 349 confir-

317 376 593 441 Domin0,
624 374 837 446 poterit
856 369 1321 444 adipisci,firma
1348 368 1449 425 tibi
1478 368 1718 439 tuisque
1741 381 1974 422 succes·

320 465 559 521 soribus
579 470 634 520 et
663 462 887 519 illibata
905 462 1295 531 permaneant
1322 474 1337 524 ;
1365 458 1425 512 in
1445 455 1813 530 quibushaec
1843 469 1977 526 pro·

318 554 465 626 priis
490 552 774 608 duximus
803 548 1197 621 exprimenda
1238 545 1545 602 vocabulis
1579 562 1592 600 z

388 643 452 698 In
477 641 713 697 civitate
735 639 977 709 Signina
1005 637 1317 692 ecclesiam
1342 637 1398 692 S.
1434 632 1576 690 Petri
1610 649 1747 689 cum
1775 632 1972 688 omni-

312 732 429 788 bus
455 729 821 803 pertinentiis
851 729 998 793 suis,
1025 726 1238 782 eccles.
1287 727 1344 782 S.
1387 723 1580 779 Lueioe
1613 737 1752 778 cum
1781 720 1974 776 omni-

312 820 428 875 bus
445 817 812 892 pertinentiis
839 814 1209 882 suis,eccles.
1238 811 1597 884 S.Stephaui
1619 826 1758 867 cum
1781 809 1975 866 omni·

309 908 425 965 bus
449 906 820 981 pertinentiis
849 905 995 970 suis,
1028 902 1310 960 eccleS.S.
1335 901 1507 959 Marci
1535 897 1972 956 cumomnibus

308 995 683 1070 pertinentiis
723 996 869 1063 suis,
907 996 968 1049 iu
1004 999 1202 1049 castro
1234 990 1594 1048 collismedii
1641 988 1849 1044 eccles.
1911 989 1966 1043 S.

313 1085 505 1143 Mariae
554 1101 695 1142 cum
745 1083 1033 1140 omnibus
1078 1080 1451 1155 pertinentiis
1490 1079 1638 1143 suis,
1674 1077 1735 1132 in
1771 1082 1968 1132 castro

311 1173 656 1230 metellanici
686 1172 894 1229 eccles.
928 1173 983 1228 S.
1018 1168 1244 1242 Angeli,
1285 1174 1341 1223 et
1377 1166 1688 1223 ecclesiam
1729 1166 1785 1222 S.
1818 1165 1963 1220 Petri

307 1276 447 1319 oum
469 1261 751 1319 omnibus
778 1260 1146 1333 pertinentiis
1185 1257 1329 1323 suis,
1360 1254 1674 1313 ecclesiam
1715 1254 1773 1311 S.
1810 1255 1962 1324 AEgi-

307 1349 411 1417 dii,
444 1356 502 1407 et
536 1350 852 1407 ecclesiam
872 1348 933 1404 S.
968 1349 1157 1406 Marias
1188 1348 1262 1402 de
1301 1344 1560 1401 vacariis
1588 1359 1727 1400 cum
1766 1344 1962 1400 omni-

308 1439 424 1497 bus
456 1440 821 1513 pertinentiis
852 1439 999 1503 suis,
1027 1437 1338 1493 ecclesiam
1362 1437 1418 1492 S.
1462 1432 1684 1490 Nicolai
1723 1432 1798 1488 de
1812 1433 1965 1488 Mon-

306 1529 540 1599 tenigro
578 1544 715 1585 cum
755 1527 1038 1584 omnibus
1068 1523 1434 1599 pertinentiis
1473 1522 1624 1588 suis,
1666 1526 1966 1577 monaste-

2084 382 2249 424 mam
2260 386 2327 424 us
2347 388 2365 442 3
2380 368 2682 429 libertates
2697 389 2941 447 qnoque
2961 374 3375 444 rationabiles,
3391 394 3550 452 quas
3561 378 3748 437 habes

2082 454 2139 511 in
2173 455 2445 527 feodatis,
2479 466 2535 517 et
2560 461 2908 518 hominibus
2939 462 3053 519 tuis
3080 463 3154 520 de
3193 463 3428 539 Signia,
3461 472 3653 534 ratas,
3687 473 3743 527 el

2082 544 2288 602 firmas
2322 564 2563 606 manere
2587 566 2925 619 censemus,
2956 552 3241 626 ipsasque
3257 555 3655 627 prohibemus
3686 557 3742 614 in

2083 640 2385 704 posterum
2418 640 2745 696 temeritate
2771 641 3039 713 qualibet
3066 643 3294 700 violari.
3328 644 3745 704 interdicimus

2080 722 2280 793 etiam,
2308 731 2367 783 ut
2397 726 2547 784 infra
2579 729 2860 785 terminos
2890 731 3165 802 ejitsdem
3196 735 3591 807 episcopatus
3616 735 3740 793 nul·

2078 809 2174 866 lus
2197 814 2325 870 sine
2342 832 2588 872 assensu
2614 822 2735 883 tuo,
2766 817 2861 875 vel
2883 835 3302 879 successorum
3330 829 3599 890 tuorum,
3627 824 3741 882 sal-

2078 899 2168 955 vis
2199 903 2525 975 privilegiis
2555 906 2895 978 apostolicae
2916 908 3094 979 sedis,
3126 909 3201 966 de
3228 926 3387 967 novo
3420 912 3739 971 ecclesiam

2081 989 2165 1045 vel
2197 992 2488 1064 capellam
2528 994 2825 1052 oedificare
2845 1005 3195 1069 proesumat.

2147 1080 2531 1139 Decernimus
2546 1099 2689 1155 ergo
2705 1089 2764 1140 ut
2783 1085 2927 1141 nulli
2952 1088 3204 1145 omnino
3232 1089 3736 1150 bominumliceat

2080 1170 2385 1241 praefatam
2427 1172 2749 1229 Ecclesiam
2790 1179 3010 1231 temere
3045 1179 3420 1248 perturbare,
3462 1185 3573 1237 aut
3611 1181 3734 1254 ejus

2073 1261 2489 1330 possessiones
2505 1260 2755 1329 auferre,
2786 1264 3122 1322 velablatas
3136 1268 3410 1334 retinere,
3442 1268 3733 1336 minuere,

2075 1363 2180 1403 seu
2219 1350 2583 1422 quibuslibet
2621 1352 3036 1411 vexationibus
3070 1354 3343 1426 fatigare,
3390 1358 3504 1415 sed
3533 1361 3735 1417 omnia

2070 1436 2302 1508 integra
2329 1447 2756 1497 conserventur
2797 1458 3028 1508 eorum,
3068 1460 3178 1517 pro
3215 1462 3479 1519 quoruzn
3525 1449 3732 1519 guber·

2072 1527 2311 1584 natione
2332 1534 2386 1584 et
2408 1531 2835 1588 sustentatione
2865 1547 3151 1590 concessa
3182 1540 3341 1601 sunt,
3367 1537 3587 1593 usibus
3613 1553 3727 1596 om·

305 1617 465 1674 rium
500 1619 556 1676 S.
588 1618 780 1674 Mariae
810 1616 881 1672 de
922 1614 1187 1673 Roscillis
1211 1629 1348 1670 cum
1383 1611 1609 1684 capella
1650 1612 1706 1668 S.
1740 1612 1960 1681 Marga·
1994 1626 2039 1681 Β
2070 1616 2330 1672 nimodis
2363 1617 2692 1690 profutura,
2722 1620 2889 1678 salva
2908 1623 3250 1693 apostolicae
3281 1624 3444 1681 sedis
3474 1627 3725 1684 auctori·

303 1706 452 1772 ritae,
469 1711 525 1764 et
541 1705 771 1778 capella
796 1707 852 1761 S.
876 1703 1231 1774 Archangeli
1263 1702 1338 1758 de
1364 1700 1719 1766 GabinianO,
1745 1704 1799 1755 et
1823 1715 1963 1756 cum

303 1794 588 1853 omnibus
618 1794 989 1868 pertinentiis
1015 1799 1072 1850 et
1093 1790 1470 1849 libertatibus
1500 1791 1644 1855 suis,
1675 1790 1734 1844 in
1765 1794 1964 1845 castro

308 1884 625 1942 Gabiniani
656 1883 972 1941 ecclesiam
1005 1883 1064 1938 S.
1088 1883 1329 1939 Thomae
1350 1896 1489 1937 cum
1521 1879 1804 1936 omnibus
1835 1893 1965 1950 per·

303 1973 566 2031 tinentiis
610 1974 758 2041 suis,
794 1974 1000 2029 eccles.
1049 1973 1105 2028 S.
1150 1970 1398 2026 Joannis
1445 1968 1520 2024 de
1557 1966 1962 2033 Montefocale,

304 2061 516 2120 eccles.
551 2064 610 2120 S.
639 2062 833 2120 Mariae
863 2063 940 2118 de
981 2059 1528 2133 archipresbytem,
1561 2062 1619 2113 et
1645 2056 1960 2113 ecclesiam

304 2153 364 2208 S.
400 2151 692 2209 Valentini
717 2166 855 2208 cum
880 2149 1164 2207 omnibus
1196 2146 1563 2218 pertinentiis
1593 2145 1734 2201 suis.
1778 2145 1842 2200 In
1868 2161 1962 2202 ca-

299 2245 428 2298 stro
470 2239 911 2305 Plumbinariae‚
950 2236 1263 2294 ecclesiam
1290 2236 1348 2291 S.
1389 2234 1605 2302 nariae,
1645 2232 1960 2289 ecclesiam

300 2329 361 2385 S.
380 2330 695 2396 Anastasii‚
710 2328 1020 2384 ecclesiam
1039 2328 1095 2383 S.
1116 2323 1336 2382 Nicolai
1357 2340 1496 2380 cum
1526 2321 1809 2379 omnibus
1830 2337 1960 2394 per·

301 2418 562 2477 tinentiis
602 2419 747 2483 suis,
780 2416 1213 2474 monasterium
1253 2413 1314 2470 S.
1348 2412 1574 2470 Ceciliae
1603 2428 1741 2468 cum
1768 2413 1961 2468 omni-

299 2509 420 2564 bus
456 2507 824 2579 pertinentiis
865 2507 1013 2572 suis,
1047 2504 1361 2562 ecclesiam
1404 2503 1460 2559 S.
1502 2502 1776 2558 Barbarae
1816 2517 1957 2558 cum

303 2596 588 2652 omnibus
617 2595 985 2668 pertiuentiis
1008 2596 1154 2664 suis,
1191 2591 1503 2648 ecclesiam
1532 2591 1590 2647 S.
1633 2590 1959 2646 Salvatoris

300 2683 378 2741 de
416 2684 643 2749 viculo,
678 2682 990 2739 ecclesiam
1018 2684 1076 2738 S.
1104 2681 1296 2738 Marioe
1336 2697 1475 2737 cum
1514 2679 1797 2736 omnibus
1828 2694 1956 2751 per·

300 2773 563 2831 tinentiis
602 2773 748 2835 suis,
791 2771 1102 2828 ecclesiam
1144 2771 1200 2827 S.
1245 2769 1600 2837 Anastasioe,
1637 2767 1956 2826 ecclesiam

299 2863 359 2921 S.
392 2863 625 2934 Georgii
649 2878 786 2918 cum
808 2859 1092 2917 omnibus
1105 2858 1469 2932 pertinentiis
1490 2857 1633 2913 suis.
1666 2857 1732 2912 In
1757 2862 1955 2915 castro

299 2950 752 3009 vallismontoni
804 2949 1119 3008 ecclesiam
1173 2949 1230 3005 S.
1281 2947 1493 3014 uarias,
1527 2944 1842 3002 ecclesiam
1893 2949 1950 3004 S.

295 3040 571 3107 Andreas,
602 3039 920 3097 ecclesiam
950 3040 1007 3096 S.
1036 3037 1484 3095 Laurentiicum
1509 3034 1924 3110 omnibusper·

297 3129 558 3186 tinentiis
599 3130 742 3199 suis,
802 3128 1112 3185 ecclesiam
1152 3128 1209 3184 S.
1249 3125 1497 3182 Ioannis
1536 3124 1611 3179 de
1648 3122 1844 3189 Selva,
1898 3129 1952 3180 et

294 3217 614 3275 ecclesiam
644 3219 700 3274 S.
734 3218 953 3274 Nicolai
980 3233 1120 3273 cum
1149 3215 1433 3271 omnibus
1466 3213 1833 3285 pertinentiis
1852 3227 1949 3268 ea·

293 3323 451 3373 rum,
482 3307 795 3364 ecclesiam
826 3308 880 3364 S.
914 3306 1241 3362 zoticicum
1270 3301 1553 3360 omnibus
1580 3301 1948 3374 pertinentiis

292 3397 435 3463 suis,
466 3397 895 3453 monasterium
928 3398 985 3453 S.
1005 3396 1193 3452 Mariae
1218 3395 1278 3449 in
1297 3394 1462 3450 Silice
1499 3407 1637 3448 cum
1664 3391 1947 3448 omnibus

289 3486 678 3557 pertinentiis,
722 3494 778 3542 et
823 3485 1195 3542 libertatibus
1245 3483 1390 3539 suis.
1433 3484 1495 3537 ln
1534 3486 1731 3538 castro
1772 3480 1939 3537 Sacci

290 3575 601 3633 ecclesiam
634 3575 938 3646 S.Angeli,
969 3580 1025 3631 et
1049 3573 1363 3630 ecclesiam
1395 3572 1452 3628 S.
1479 3571 1629 3627 ilarii
1662 3586 1799 3626 cum
1813 3586 1948 3627 om-

290 3665 470 3721 nibus
499 3664 866 3738 pertinentiis
904 3665 1056 3728 suis,
1093 3660 1408 3718 ecclesiam
1437 3661 1495 3715 S.
1540 3659 1831 3715 Leonardi
1867 3661 1945 3717 de

290 3756 508 3820 Rocca,
537 3756 594 3812 S.
615 3754 895 3827 Sylvestri
922 3751 1358 3808 cumomnibus
1399 3747 1762 3820 pertinentiis
1793 3750 1941 3805 suis.

286 3842 351 3898 ln
372 3849 570 3901 castro
608 3842 1038 3906 Montisfortini,
1063 3839 1378 3898 ecclesiam
1420 3840 1475 3895 S.
1517 3838 1728 3904 Marioe,
1760 3838 1942 3895 eccle·

289 3932 440 3988 siam
468 3934 524 3990 S.
558 3933 778 4003 Crucis,
810 3931 1125 3988 ecclesiam
1153 3931 1207 3987 S.
1244 3927 1528 4001 Stephani
1567 3943 1704 3982 cum
1743 3928 1945 3984 omni-

287 4021 404 4079 bus
441 4023 807 4095 pertinentiis
841 4021 987 4086 suis,
1023 4019 1338 4076 ecclesiam
1389 4020 1448 4075 S.
1480 4016 1627 4073 Petri
1664 4017 1722 4072 in
1770 4033 1941 4073 versa

286 4126 449 4184 aqua
473 4127 611 4167 cum
637 4109 938 4183 capellaS.
957 4108 1310 4181 Sylvestriet
1327 4106 1613 4163 omnibus
1639 4105 1944 4179 pertinen-

284 4200 379 4254 tiis
416 4201 561 4265 suis,
598 4198 910 4255 ecclesiam
938 4200 995 4255 S.
1034 4196 1411 4266 Archangeli,
1438 4198 1497 4249 et
1531 4193 1845 4250 ecclesiam
1878 4195 1935 4251 S.

2070 1708 2209 1760 tate.

2144 1795 2201 1851 Si
2222 1810 2347 1868 qua
2365 1796 2545 1866 igitur
2559 1798 2620 1853 in
2636 1798 2899 1855 futurum
2923 1799 3328 1858 ecclesiastica
3347 1802 3722 1863 saecularisve

2072 1897 2349 1956 persona,
2392 1890 2502 1942 etc.

2142 1975 2281 2073 Fsgo.
2306 1974 2518 2031 Lucius
2563 1975 2873 2032 catholicas
2910 1977 3185 2035 Ecclesiae
3220 1980 3551 2053 episcopus
3590 1984 3720 2040 sub·

2071 2077 2183 2117 scri
2235 2078 2306 2117 si.

2142 2079 2262 2221 Ego
2284 2152 2624 2209 Theodinus
2654 2153 2995 2210 portuensis
3014 2160 3072 2211 et
3093 2158 3322 2213 Sanctoe
3345 2158 3580 2216 Rufinus
3611 2161 3724 2233 epi·

2068 2255 2170 2296 sco
2220 2258 2308 2295 us.

2138 2256 2260 2399 Ego
2290 2329 2573 2385 Henricus
2599 2330 2885 2387 Albanen.
2915 2333 3098 2405 episc.

2141 2420 2260 2488 Ego
2289 2417 2575 2475 vivianus
2601 2419 2683 2475 tit.
2720 2419 2778 2475 S.
2812 2421 3012 2493 Stepb.
3040 2422 3100 2478 in
3130 2421 3312 2480 Coelio
3337 2425 3533 2481 Monte
3567 2442 3717 2498 pres·

2063 2506 2240 2579 byter
2274 2507 2439 2563 card.

2137 2597 2288 2666 Ergo
2305 2596 2603 2653 Arduinus
2623 2596 2826 2669 presb.
2845 2597 3012 2654 card.
3038 2599 3123 2656 tit.
3148 2601 3205 2657 S.
3238 2601 3443 2659 Crucis
3474 2603 3538 2660 in
3566 2607 3715 2661 Jeru-

2065 2683 2602 2826 saggLRbOrRUS
2648 2756 2848 2829 presb.
2899 2758 3065 2815 card.
3105 2760 3165 2818 S.
3202 2762 3399 2820 Marias
3441 2765 3506 2820 in
3534 2767 3712 2823 Trans

2063 2844 2319 2901 Tiberim
2344 2846 2427 2902 tit.
2462 2847 2582 2902 Cal.

2061 2936 2256 3080 ωῗέςο
2284 2934 2593 2991 Rainerius
2632 2937 2689 2993 S.
2718 2938 2948 3009 Georgii
2988 2938 3067 2995 ad
3105 2939 3233 2997 Vel.
3266 2942 3536 3000 Aureum
3562 2943 3712 3002 diac.

2133 3115 2254 3256 Ego
2271 3114 2586 3171 Gratianus
2619 3115 2714 3173 SS.
2750 3117 2980 3173 Cosmoe
3018 3123 3076 3175 et
3112 3120 3388 3178 Damiaui
3425 3122 3715 3181 diaconus
3783 3111 3784 3122 ¹

2059 3215 2162 3256 car
2216 3241 2231 3254 .

2130 3291 2344 3346 Datum
2369 3290 2599 3347 velletri
2625 3308 2727 3361 per
2758 3309 3006 3351 manum
3025 3295 3248 3353 Alberti
3281 3298 3339 3354 S.
3373 3301 3441 3355 R.
3473 3300 3538 3355 Ε.
3563 3316 3712 3374 pres·

2057 3377 2301 3450 byteret
2325 3379 2682 3447 cancellarii,
2709 3397 2769 3436 iv
2798 3384 2946 3438 Nou.
2982 3386 3283 3450 Decemb„
3312 3386 3443 3444 ind.
3479 3406 3520 3456 ι,
3557 3405 3711 3445 auno

2054 3466 2288 3524 incarn.
2320 3469 2489 3525 Dom.
2536 3472 2691 3534 1182,
2732 3471 3118 3542 pontificatus
3141 3490 3282 3531 vero
3319 3478 3382 3533 l).
3411 3476 3577 3534 Lucii
3618 3494 3714 3549 pa·

2055 3571 2148 3629 poe
2171 3557 2244 3612 111
2283 3572 2445 3614 anno
2475 3573 2534 3614 u.

2760 3666 2990 3723 vam.

2052 3773 2381 3831 Ecclesiam
2423 3775 2829 3832 Ravellensem
2877 3776 3159 3834 tuendam
3199 3780 3456 3847 suscipit
3494 3789 3552 3842 el
3591 3787 3710 3856 ejus

2196 3846 2350 3902 bona
2373 3845 2710 3914 confirmat,
2742 3852 2975 3915 petente
3008 3849 3243 3907 loanne
3270 3852 3579 3925 episcopo.

2581 3934 2853 4003 (velletri,
2903 3935 3037 3992 Dec.
3095 3937 3176 4011 4.)

2371 4024 2656 4096 [Ucusm,
2689 4022 2871 4080 Italia
2899 4038 3097 4091 sacra,
3117 4026 3155 4091 1,
3204 4028 3390 4101 1¹85.]

2120 4110 2323 4169 Lucius
2347 4112 2691 4184 episcopus,
2719 4127 2928 4169 servus
2958 4129 3270 4172 servorum
3307 4116 3438 4186 Dei,
3474 4135 3612 4179 ven.
3642 4121 3704 4178 fr.

2046 4200 2133 4256 Jo.
2170 4202 2454 4274 episcopo
2494 4201 2790 4259 Ravellen.
2829 4202 3084 4277 ejusque
3124 4220 3393 4264 success.
3429 4212 3706 4269 canonice

287 4285 507 4343 Nicolai
534 4287 608 4342 de
641 4286 798 4344 Silva
834 4288 1062 4359 cespati
1092 4301 1231 4341 cum
1261 4284 1540 4340 omnibus
1570 4283 1937 4354 pertinentiis
2045 4289 2475 4346 substituendis
2505 4289 2564 4345 in
2604 4295 2986 4364 perpetuum.

287 4375 436 4430 suis.
467 4375 852 4447 Hortum,qui
872 4381 961 4431 est
989 4382 1124 4431 ante
1149 4380 1384 4446 portam
1411 4372 1708 4444 praedictae
1738 4371 1937 4429 civita·
1964 4362 2012 4418 D
2115 4377 2261 4434 Cum
2292 4378 2651 4448 exinjuncto
2672 4379 2850 4435 nobis
2871 4395 2908 4436 a
2937 4382 3054 4437 Deo
3083 4384 3470 4455 apostolatus
3493 4387 3702 4454 officio,

282 4464 359 4522 tis
380 4463 639 4536 Signinae
654 4481 791 4521 cum
815 4464 1052 4536 plaigis,
1080 4464 1416 4533 etlongara,
1439 4466 1498 4519 et
1514 4461 1797 4517 omnibus
1827 4462 1937 4519 uti-

281 4551 548 4611 litatibus
568 4556 709 4610 suis.
743 4553 1112 4625 canapinam
1143 4552 1434 4622 maJ‘orem
1470 4567 1607 4623 quoe
1641 4556 1730 4607 est
1762 4551 1935 4622 juxta

279 4643 462 4714 viam,
495 4660 618 4717 qua
642 4645 756 4700 itur
783 4644 1143 4715 Anagniam,
1175 4647 1233 4697 et
1260 4646 1350 4697 est
1378 4641 1437 4696 in
1454 4640 1601 4712 pede
1622 4640 1933 4714 placarum

282 4733 398 4789 sub
431 4733 567 4789 vadi
590 4750 730 4790 cum
760 4732 879 4790 alia
903 4740 1076 4800 terra,
1107 4747 1244 4806 quae
1266 4735 1354 4786 est
1390 4745 1573 4802 supra
1596 4730 1791 4802 ipsam
1824 4731 1935 4786 Ca-

278 4823 591 4896 napinam,
623 4828 680 4880 et
704 4828 937 4895 partem
975 4821 1157 4889 silvie,
1198 4819 1363 4877 collis
1394 4818 1682 4875 fenaltuli.
1725 4819 1932 4876 Castra

274 4912 698 4985 quoquecollis
712 4911 910 4975 medii,
944 4909 1289 4974 metelanici,
1313 4907 1646 4973 Gabiniani,
1674 4907 1933 4966 Plumbi-

273 5003 480 5066 nariae,
536 5001 1008 5063 vallismontoni,
1063 5000 1226 5057 Sacci
1265 5004 1321 5055 et
1354 4996 1760 5055 Montist'ortini
1797 4998 1926 5055 tibi·

278 5090 513 5164 tuisque
525 5089 973 5147 successoribus
999 5088 1319 5160 episcopali
1342 5089 1475 5159 jure
1489 5088 1800 5159 subjacere
1824 5088 1926 5145 de·

273 5183 497 5237 cernitu
507 5197 595 5248 us,
610 5175 1311 5253 sicutpraedecessoribus
1326 5177 1442 5233 tuis
1460 5176 1733 5247 subjecta
1743 5175 1925 5234 fuisse

272 5276 621 5327 noscuntur.
646 5272 953 5327 'terminos
970 5272 1169 5325 autem
1183 5267 1264 5323 tui
1289 5266 1672 5339 episcopatus
1697 5267 1927 5323 sicutin

271 5358 596 5431 privilegiis
624 5359 1138 5433 praedecessorum
1166 5354 1931 5414 nostrorumcontinerino·

189 5452 544 5649 ‘cuntur⁸
573 5453 631 5507 et
654 5454 1065 5506 antecessores
1095 5446 1272 5516 tui,et
1296 5450 1358 5503 tu
1378 5446 1505 5520 ipse
1533 5444 1930 5518 prasentiali-

2043 4482 2166 4539 quo
2185 4467 2415 4523 cunctis
2429 4467 2638 4524 Christi
2661 4467 2959 4538 fidelibus,
2976 4475 3219 4527 auctore
3244 4471 3538 4544 Domino,
3572 4494 3702 4552 prte-

2040 4556 2395 4627 eminemus,
2415 4556 2790 4627 singulorum
2809 4560 2940 4631 paci
2961 4564 3018 4616 et
3041 4562 3468 4634 tranquillitati
3496 4567 3702 4625 debea-

2041 4661 2179 4701 mus
2215 4645 2542 4713 intendere,
2583 4648 2910 4720 praesertim
2949 4664 3057 4721 pro
3092 4648 3337 4709 illorum
3377 4656 3590 4728 quiete
3609 4672 3700 4714 nos

2040 4738 2274 4807 oportet
2307 4749 2438 4790 esse
2463 4734 2748 4792 sollicitos
2786 4737 2892 4808 qui
2917 4738 3205 4809 pastorali
3244 4739 3555 4812 dignitate
3583 4752 3698 4803 sunt

2038 4823 2294 4896 praediti,
2323 4829 2378 4879 et
2408 4823 2487 4880 ad
2524 4823 2793 4880 officium
2832 4825 3172 4898 pontificale
3201 4834 3498 4901 promoti,
3527 4841 3585 4892 et
3607 4834 3696 4908 qui

2038 4911 2282 4985 speciali
2303 4912 2703 4986 praerogativa
2717 4921 3044 4971 noscuntur
3061 4914 3141 4972 ad
3156 4915 3260 4987 jus
3283 4920 3587 4982 Romano
3615 4926 3697 4981 Ee·

2035 5001 2228 5058 clesioe
2260 5002 2594 5074 pertinere3
2625 5003 2739 5058 nisi
2764 5004 2923 5060 enim
2950 5019 3060 5061 nos
3100 5021 3313 5064 eorum
3348 5011 3696 5070 utilitatibus

2035 5089 2431 5158 intendentes,
2459 5091 2731 5163 ipsorum
2752 5091 3070 5164 dignitates
3082 5099 3138 5151 et
3157 5095 3300 5167 jura
3326 5097 3390 5155 in
3415 5107 3696 5175 quantum

2034 5179 2157 5236 Deo
2186 5180 2579 5252 permittente,
2621 5196 2970 5255 possumus,
2997 5182 3226 5254 integra
3251 5201 3692 5252 conservemus,

2035 5275 2092 5327 et
2103 5269 2453 5326 auctoritate
2465 5269 2795 5342 apostolica
2806 5287 2910 5328 eos
2921 5270 3000 5328 ab
3015 5272 3370 5345 iniquorum
3387 5277 3692 5338 bominum

2038 5357 2803 5425 iucursibusdet'endamus,
2835 5360 2910 5417 de
2926 5360 3167 5418 illorum
3193 5362 3398 5424 salute
3426 5384 3558 5427 uon
3587 5381 3694 5428 m

2037 5454 2315 5522 poterunt
2351 5464 2486 5507 esse
2524 5448 2778 5517 solliciti,
2819 5450 2926 5526 qui
2952 5451 3069 5509 sibi
3092 5452 3175 5509 ad
3212 5457 3573 5527 regendum
3609 5459 3698 5516 Do-
3739 5431 3744 5442 Ι
