3784 6000
315 212 450 270 flu
1742 210 1936 268 LUCII
1974 209 2050 269 111
2093 206 2305 265 PAPAE
3583 207 3724 264 {¹12

304 338 393 395 nit
421 337 634 394 adesse
663 336 1031 409 praesidium,
1088 351 1162 392 ne
1193 334 1339 392 forte
1370 336 1693 408 cujuslibet
1721 333 1951 393 temeri·
1982 332 2028 387 A
2057 330 2132 388 de
2166 332 3004 405 Sparnemallaffiparmalle),
3038 346 3194 405 quas
3207 331 3375 387 dedit
3405 330 3730 389 vobisWil·

301 425 440 483 tatis
478 425 776 490 incursus,
819 428 922 481 aut
976 439 1078 481 eos
1128 440 1163 480 a
1194 426 1503 497 proposito
1551 428 1807 490 revocet,
1848 427 1953 480 aut
2055 420 2290 485 lelmus,
2325 421 2546 478 Prisnei
2572 422 2903 479 advocatus
2941 420 3545 488 ;Tautecurtscilicet
3569 421 3729 478 sicut

299 514 506 581 robur,
566 514 730 587 quod
797 512 955 569 absit
988 516 1000 572 l
1050 529 1234 570 sacrae
1287 514 1588 583 religionis
1645 514 1946 583 infringat.

302 606 644 676 Eapropter,
695 601 889 658 dilecti
943 602 1000 657 in
1051 601 1305 658 Domino
1352 603 1473 668 tilii,
1522 604 1731 659 vestris
1772 601 1952 674 justis

296 692 804 767 postulationibus
831 690 1151 747 clementer
1176 693 1524 758 annuimus,
1553 695 1610 747 et
1632 691 1950 764 proetatam

301 782 615 838 ecclesiam
639 781 875 836 Sanctae
897 781 1089 837 Marias
1113 780 1188 836 de
1221 784 1486 845 Nemore,
1513 782 1572 836 in
1597 797 1721 854 qua
1742 780 1949 836 divino

300 870 621 942 mancipati
677 870 788 925 esti
839 868 1155 940 obsequio,
1200 870 1314 925 sub
1368 873 1424 925 Β.
1476 870 1619 926 Petri
1659 874 1716 926 et
1745 873 1950 926 nostra

296 959 662 1032 protectione
693 958 1075 1030 suscipimus,
1110 963 1166 1014 et
1195 959 1502 1029 proesentis
1535 958 1734 1031 scripti
1768 957 1949 1031 privi-

296 1047 451 1117 legio
472 1046 842 1103 communiiu
856 1062 940 1101 us.
976 1047 1038 1101 ln
1062 1046 1269 1119 primis
1295 1047 1593 1118 siquidem
1624 1051 1948 1104 statuentes

297 1141 361 1193 ut
390 1136 540 1193 ordo
570 1135 914 1203 canonicus,
959 1136 1062 1207 qui
1093 1136 1426 1192 secundum
1458 1139 1667 1203 Deum,
1699 1140 1753 1192 et
1789 1135 1948 1193 beati

297 1225 609 1296 Augustini
643 1223 951 1295 Regulam,
981 1229 1160 1297 atque
1192 1224 1621 1282 institutionem
1652 1228 1949 1281 Praemon-

295 1314 678 1370 stratensium
724 1312 974 1369 fratrum
1007 1314 1064 1368 in
1093 1313 1308 1369 eadem
1345 1313 1600 1370 ecclesia
1638 1315 1945 1370 institutus

292 1418 422 1460 esse
435 1402 1131 1474 dignoscitu1·,pei·petuis
1147 1403 1368 1459 ibidem
1382 1404 1947 1475 temporibusinvio-

291 1490 546 1548 labiliter
571 1491 938 1548 observetur.
971 1494 1250 1547 Praeterea
1273 1507 1666 1565 quascunque
1703 1508 1945 1565 posses-

291 1579 510 1644 siones,
541 1595 919 1653 quascunque
970 1581 1129 1637 bona
1171 1580 1385 1637 eadem
1431 1582 1943 1654 ecclesiaiiuproe-

2059 526 2193 567 eam
2221 511 2573 582 possidebat
2594 512 2654 567 in
2683 511 2929 579 longum
2959 515 3018 567 et
3045 509 3234 567 latum
3265 526 3300 566 a
3323 525 3498 567 cruce
3529 525 3722 582 usque

2058 600 2138 656 ad
2175 599 2445 656 bannum
2488 600 2700 656 Jaunei
2735 600 3009 671 (Jauny).
3052 598 3293 656 Curiam
3344 598 3419 654 de
3463 600 3727 671 Sparno-

2057 689 2384 745 mallacum
2411 688 2696 745 omnibus
2720 690 3087 761 pertinentiis
3110 688 3256 751 suis,
3275 703 3532 745 assensu
3569 687 3724 746 filio·

2055 793 2191 835 rum
2222 793 2473 835 suorum
2501 777 2732 835 Girardi
2762 777 3176 842 etAlexandri,
3195 778 3589 850 omniumque
3617 778 3724 835 ho-

2059 868 2290 924 minum
2322 867 2401 924 ad
2415 884 2479 925 se
2501 868 3017 940 pertinentium,et
3041 866 3483 924 Matthaeiducis
3514 864 3722 925 Lotha-

2055 955 2384 1027 ringorum,
2416 972 2453 1012 a
2475 972 2597 1029 quo
2628 955 2925 1029 predictas
2958 955 3155 1013 curias
3183 955 3243 1010 in
3270 954 3519 1011 feudum
3547 958 3716 1013 tene-

2054 1045 2181 1104 bat.
2209 1046 2445 1103 Curiam
2461 1046 2537 1102 de
2565 1051 2766 1104 monte
2791 1045 3119 1117 Pariegnei,
3151 1061 3340 1118 quam
3366 1044 3532 1102 dedit
3550 1045 3721 1103 vobis

2058 1136 2251 1205 Drogo
2280 1134 2355 1190 de
2386 1136 2629 1201 Mancei,
2660 1135 2812 1191 sicut
2850 1151 2983 1191 eam
3021 1132 3372 1207 possidebat
3412 1149 3448 1191 a
3487 1133 3718 1192 croada

2057 1223 2323 1281 Willelmi
2355 1224 2651 1289 advocati,
2685 1223 2858 1280 vobis
2889 1223 2967 1279 ab
2993 1224 3124 1295 ipso
3154 1222 3368 1280 tradita
3409 1239 3604 1295 usque
3636 1224 3715 1280 ad

2055 1312 2375 1369 terminum
2409 1312 2807 1369 Ernaldivillae
2846 1311 3231 1384 (Ernaville),
3264 1320 3317 1367 et
3349 1328 3384 1368 a
3421 1327 3571 1384 rupe
3613 1328 3720 1369 an·

2056 1402 2264 1458 teriore
2308 1417 2498 1474 usque
2542 1402 2621 1458 ad
2667 1401 2899 1474 sylvam
2953 1401 3310 1458 Beaunville.
3348 1401 3588 1459 Curiam
3641 1402 3717 1458 de

2054 1493 2444 1548 Romermunt
2472 1507 2611 1547 eum
2632 1489 2916 1547 omnibus
2944 1490 3310 1562 pertinentiis
3348 1490 3492 1555 suis,
3526 1505 3716 1562 quam

2055 1581 2218 1635 Cono
2254 1580 2328 1637 de
2380 1579 2699 1636 Asmancia
2731 1583 2787 1635 et
2835 1578 3140 1635 Becelinus
3186 1577 3344 1634 tilius
3389 1594 3536 1634 suus
3573 1594 3715 1636 cum

289 1671 618 1725 sentiarum
627 1669 1156 1739 justeetcanonice
1177 1669 1460 1740 possidet,
1475 1671 1652 1727 autin
1677 1671 1943 1727 futurum
1974 1690 2024 1750 Β
2057 1683 2239 1725 uxore
2265 1685 2378 1726 sua
2393 1669 2577 1741 Lupa,
2607 1684 2860 1725 assensu
2892 1667 3149 1724 tiliorum
3182 1683 3428 1723 suorum
3461 1667 3716 1724 Andreoe

290 1758 673 1814 concessione
695 1757 1071 1824 pontificum,
1099 1758 1413 1827 largitione
1432 1775 1645 1830 regum
1672 1760 1765 1815 vel
1784 1759 1945 1832 prin·

288 1846 514 1918 cipum,
559 1843 860 1902 oblatione
914 1845 1179 1901 fidelium
1218 1861 1323 1901 seu
1360 1845 1491 1903 aliis
1513 1847 1692 1918 justis
1724 1846 1941 1913 modis,

286 1938 603 2008 praestante
650 1934 904 1989 Domino
955 1936 1165 2006 poterit
1219 1935 1489 2006 adipisci,
1548 1936 1725 1993 firma
1770 1935 1945 1993 vobis

286 2024 612 2096 vestrisque
639 2021 1086 2079 successorihus
1110 2029 1166 2078 et
1191 2023 1419 2081 illibata
1446 2029 1855 2096 permaneant.
1877 2025 1942 2081 ln

283 2112 505 2185 quibus
534 2112 662 2168 haec
692 2112 950 2185 propriis
1007 2111 1301 2169 duximus
1331 2113 1735 2185 exprimenda
1764 2129 1943 2171 voca-

289 2200 447 2259 bulis
479 2217 494 2258 ε

361 2289 586 2346 Vallem
617 2288 842 2348 scilicet
872 2288 931 2345 in
963 2305 1085 2362 qua
1113 2289 1364 2347 fundata
1394 2294 1479 2346 est
1504 2290 1942 2359 abbatia,ane·

290 2396 455 2436 more
496 2380 725 2435 Sanctae
757 2377 1131 2435 Glodesindis
1161 2395 1348 2453 usque
1378 2380 1455 2435 ad
1486 2395 1701 2437 nemus
1741 2383 1941 2440 Sancti

290 2468 574 2540 Stephani
614 2473 671 2524 et
702 2483 889 2540 usque
914 2467 991 2524 ad
1027 2467 1223 2533 Bellai,
1263 2484 1400 2524 cum
1441 2469 1589 2527 colle
1615 2473 1942 2543 superemi-

284 2557 482 2614 nentis
511 2572 582 2612 ex
608 2561 859 2629 utraque
891 2562 1056 2628 parte
1086 2557 1388 2629 proedictoe
1417 2558 1592 2614 vallis
1622 2575 1808 2631 quam
1838 2561 1940 2619 de-

281 2645 496 2703 derunt
522 2643 690 2700 vobis
723 2644 967 2700 Rainald
980 2661 1046 2699 us
1075 2649 1135 2700 et
1170 2644 1524 2712 Almaricus,
1554 2658 1612 2704 et
1640 2648 1939 2706 Bertrudis

283 2733 358 2790 de
370 2733 670 2789 venderiis
682 2739 739 2789 et
765 2734 1048 2789 Letardus
1062 2733 1136 2790 de
1150 2733 1373 2803 villers,
1394 2751 1644 2792 assensu
1662 2738 1936 2796 omnium

279 2822 588 2880 haeredum
621 2837 869 2879 suorum
899 2827 955 2878 et
985 2837 1235 2878 assensu
1273 2822 1473 2880 Judith
1513 2823 1842 2883 abbatissas
1880 2830 1939 2882 et

281 2912 464 2969 totius
490 2910 733 2984 capituli
765 2909 1310 2967 sanctimonialium
1333 2912 1524 2968 Sancti
1559 2913 1702 2968 Petri
1725 2914 1938 2971 Meten-

2055 1761 2113 1814 et
2138 1756 2344 1814 Jofridi
2373 1761 2431 1813 et
2468 1756 2801 1815 Boemundi
2838 1756 2913 1812 de
2945 1759 3192 1814 {lamere
3234 1755 3372 1812 villa
3409 1755 3714 1829 (Bumen-

2055 1845 2236 1918 ville),
2259 1846 2495 1918 nepotis
2509 1861 2717 1902 eorum
2731 1844 3109 1918 aliorumque
3138 1844 3521 1902 cohaeredum
3543 1844 3717 1903 vobis

2052 1934 2114 1991 in
2153 1938 2512 2008 perpetuum
2553 1934 2942 1993 tradiderunt.
2986 1933 3285 1990 Allodium
3321 1933 3395 1990 de
3433 1933 3714 2006 marboge

2053 2024 2445 2095 (Mar-bache),
2484 2026 2544 2080 in
2579 2040 2702 2098 quo
2741 2023 2995 2095 grangia
3032 2028 3221 2079 vestra
3255 2022 3366 2080 sita
3404 2028 3512 2089 est,
3546 2023 3715 2097 quod

2052 2114 2332 2171 Garsilius
2364 2113 2440 2170 de
2473 2114 2785 2185 Domeure‚
2832 2127 3105 2185 uxorque
3149 2127 3262 2169 sua
3303 2113 3531 2184 Regina
3570 2128 3712 2168 eum

2048 2202 2335 2260 omnibus
2362 2202 2726 2277 appenditiis
2756 2201 2881 2258 suis
2913 2201 3087 2257 vobis
3118 2201 3424 2267 dederunt,
3461 2217 3715 2258 assensu

2049 2291 2151 2349 fllii
2172 2291 2296 2349 suis
2323 2292 2588 2365 Hugonis
2614 2298 2671 2347 et
2689 2290 2826 2347 filioe
2846 2307 2969 2347 suae
2992 2290 3273 2348 Garsilioe.
3306 2292 3463 2347 Duos
3486 2290 3717 2348 molen·

2047 2382 2332 2440 dinorum
2389 2381 2557 2450 situs,
2604 2396 2761 2454 quos
2806 2381 2983 2438 Fulco
3037 2380 3110 2435 de
3161 2379 3370 2436 moreio
3429 2379 3713 2452 (Mor-ey),

2049 2486 2320 2544 uxorque
2341 2487 2453 2527 sua
2476 2469 2786 2528 comitissa
2800 2468 2973 2525 vobis
2995 2468 3311 2532 dederunt,
3335 2485 3586 2525 assensu
3610 2470 3714 2528 fiiii

2043 2559 2141 2619 sui
2176 2560 2444 2616 Ioannis.
2487 2560 2703 2616 vineas
2727 2574 2881 2631 quas
2919 2559 3151 2615 habetis
3187 2558 3352 2630 apud
3383 2557 3709 2629 vanderes,

2049 2650 2431 2722 Runamprei,
2474 2650 2903 2719 seuranvigne,
2944 2647 3204 2713 Laureiz,
3248 2663 3383 2703 cum
3426 2649 3617 2720 pratis
3651 2649 3711 2705 in

2046 2737 2261 2796 eadem
2280 2737 2416 2796 villa
2438 2737 2853 2809 adjacentibus
2887 2755 2900 2806 ;
2939 2738 3139 2793 vineas
3156 2737 3318 2809 apud
3346 2736 3548 2794 villers
3569 2754 3710 2796 cum

2046 2827 2234 2901 pratis
2255 2842 2392 2900 quae
2413 2843 2474 2884 in
2495 2826 2706 2884 eadem
2733 2826 2872 2882 villa
2894 2826 3128 2883 habetis
3160 2844 3174 2894 ;
3205 2827 3413 2882 vineas
3433 2842 3588 2898 quas
3602 2827 3712 2885 ha-

2046 2915 2199 2974 betis
2228 2917 2394 2990 apud
2420 2916 2740 2973 Nouvarai.
2774 2917 3042 2981 Quatuor
3073 2920 3271 2987 partes
3313 2916 3491 2973 tertiae
3521 2917 3712 2989 partis

280 3002 382 3068 sis,
409 3005 465 3057 et
494 2999 753 3057 Simonis
780 2998 952 3055 ducis
969 2997 1363 3072 Lotharingiae
1378 3002 1649 3073 eiusdem
1664 3004 1936 3061 ecclesioe
1971 3044 2013 3101 C
2044 3006 2417 3064 decimarum
2448 3006 2523 3063 de
2563 3006 2809 3063 parneio
2846 3005 3157 3078 (Nor-roy),
3196 3008 3317 3061 tam
3359 3020 3710 3076 grossarum

279 3089 575 3146 advocati.
599 3087 900 3160 Capellam
929 3088 1269 3146 inferiorem
1308 3091 1533 3147 Sanctae
1560 3093 1751 3149 Mariae
1784 3095 1937 3165 Mag-

278 3178 662 3235 dalenaeoum
682 3193 870 3233 censu
898 3183 951 3233 et
982 3178 1231 3234 decimis
1253 3183 1311 3234 et
1334 3180 1621 3236 omnibus
1640 3182 1939 3253 pertinen-

278 3267 373 3325 tiis
397 3268 537 3323 snis.
569 3267 872 3338 Capellam
900 3266 973 3323 de
1004 3266 1292 3325 prismeio
1312 3267 1563 3325 liberam
1591 3286 1778 3343 quam
1800 3274 1936 3329 Mat-

278 3355 629 3425 thoeus,dux
660 3356 1073 3426 bothariugioe,
1109 3357 1937 3417 vobisdeditassensuilenri-

280 3445 357 3512 oi,
382 3443 997 3518 quondamTullensis
1022 3445 1311 3517 episcopi,
1334 3452 1390 3502 et
1410 3446 1674 3505 filiorum
1690 3464 1938 3507 suorum

279 3533 538 3590 Simonis
586 3538 644 3589 et
701 3532 997 3590 Friderici.
1041 3537 1271 3591 Partem
1327 3535 1529 3593 allodii
1575 3537 1650 3593 de
1708 3537 1937 3596 Blanzei

277 3637 455 3695 quam
478 3620 645 3679 dedit
673 3620 844 3677 vobis
858 3622 1184 3687 Matthias,
1201 3624 1324 3680 dux
1351 3624 1770 3697 Lotharingiae,
1797 3627 1939 3683 libe-

278 3725 410 3770 ram
441 3710 520 3767 ab
552 3711 716 3768 omni
755 3710 1068 3767 exactione
1098 3715 1153 3767 et
1193 3712 1272 3768 ab
1311 3713 1473 3769 omni
1513 3720 1791 3773 costuma
1830 3719 1941 3773 im-

277 3815 544 3865 munem,
595 3815 849 3857 assensu
897 3801 1098 3856 uxoris
1149 3816 1273 3857 suoe
1313 3802 1536 3859 Berthae
1578 3810 1634 3859 et
1675 3804 1942 3863 filiorum

276 3905 527 3947 suorum
552 3889 811 3945 Simonis
840 3889 1134 3954 Friderici,
1178 3890 1437 3947 Matthaei
1469 3896 1526 3948 et
1560 3892 1794 3951 Roberti
1824 3894 1942 3953 fra·

2044 3111 2234 3169 quam
2252 3097 2915 3168 niinutarum,quarum
2938 3111 3124 3152 unam
3135 3094 3370 3152 habetis
3394 3096 3711 3154 aTheodo-

2044 3185 2165 3242 rico
2202 3185 2422 3242 abbate
2459 3190 2518 3243 et
2547 3186 2811 3257 capitulo
2848 3185 3041 3240 sancti
3080 3186 3364 3240 Mansueti
3405 3185 3703 3243 Tullensis

2046 3273 2161 3332 sub
2195 3289 2379 3331 censu
2417 3273 2738 3332 duodecim
2776 3273 3182 3340 denariorum,
3223 3274 3281 3328 in
3330 3272 3481 3330 festo
3518 3276 3710 3333 sancti

2045 3364 2334 3423 Hansneti
2358 3363 2671 3421 annuatim
2712 3362 3268 3435 persolvendorum,
3292 3362 3475 3421 aliam
3514 3380 3708 3436 quam

2046 3452 2374 3510 habetisab
2400 3452 2620 3510 abbate
2649 3451 2985 3524 etcapitulo
2997 3452 3472 3522 sanctiAggerici
3502 3452 3713 3508 virdu-

2046 3542 2270 3609 nensis,
2321 3542 2435 3599 sub
2468 3557 2656 3598 censu
2693 3541 2874 3598 trium
2928 3542 3328 3598 sextariorum
3386 3539 3645 3612 siliginis
3692 3559 3707 3610 ;

2048 3630 2233 3688 aliam
2262 3646 2448 3704 quam
2475 3629 2710 3687 habetis
2735 3646 2773 3687 a
2799 3629 3089 3686 Balduino
3131 3630 3206 3684 de
3245 3632 3706 3702 Asperomonte,

2048 3734 2155 3793 per
2192 3735 2443 3777 manum
2480 3718 2770 3775 'tullensis
2808 3719 3099 3792 episcopi,
3140 3733 3393 3774 assensu
3424 3734 3705 3777 sororum

2049 3824 2297 3864 suarum
2309 3808 2583 3879 Alburgis
2601 3814 2657 3865 et
2687 3807 3017 3865 Comitissae
3032 3806 3350 3881 uxorisque
3376 3822 3501 3864 suoe
3520 3808 3710 3867 Elisa·

2051 3897 2260 3955 bethet
2273 3896 2535 3955 filiorum
2562 3913 2808 3953 suorum
2826 3896 3106 3963 Simonis,
3141 3897 3427 3967 lingonis,
3447 3899 3710 3954 Formeri

276 3978 379 4036 tris
401 3979 492 4034 sui
523 3983 579 4034 et
616 3976 964 4035 Theoderici
989 3978 1063 4033 de
1091 3980 1391 4046 Sassures,
1426 3970 1695 4051 ejusdem
1737 3974 1943 4040 allodii
2048 3990 2107 4044 et
2124 3985 2379 4055 Alberti;
2402 3985 2582 4043 aliam
2599 4001 2786 4059 quam
2812 3986 3043 4043 habetis
3070 3985 3148 4042 ab
3172 3988 3417 4057 lingone
3441 3991 3500 4043 et
3525 3985 3707 4045 fratre

275 4066 572 4133 advocati,
598 4067 701 4139 qui
731 4066 1012 4123 eamdem
1034 4066 1418 4124 advocatiam
1446 4067 1507 4125 in
1530 4086 1713 4128 manu
1742 4072 1938 4144 ducis,

279 4173 316 4214 a
338 4154 750 4230 quoeamdem
782 4156 1044 4220 tenebat,
1058 4155 1405 4227 resignavit.
1435 4159 1690 4217 Alteram
1705 4167 1939 4235 partem

278 4244 554 4318 ejusdem
583 4242 1065 4310 allodiiinterriS,
1082 4245 1321 4317 pratris,
1342 4245 1552 4313 vineis,
1590 4248 1774 4312 silvis.
1802 4267 1940 4325 pas·

278 4332 407 4390 cuis
439 4339 495 4387 et
523 4331 748 4402 banno,
769 4348 956 4405 quam
987 4332 1222 4389 habetis
1251 4334 1331 4390 ab
1359 4335 1578 4393 abbate
1611 4340 1856 4410 Hugone
1881 4346 1939 4399 et

277 4420 543 4493 capitulo
570 4422 768 4477 Sancti
800 4422 942 4493 Apri
969 4419 1260 4479 Tullensis
1299 4424 1414 4480 sub
1445 4440 1632 4482 censu
1664 4443 1767 4485 sex
1801 4429 1940 4486 soli·

278 4509 497 4567 dorum
521 4509 818 4569 Tullensis
845 4515 1123 4579 monetae,
1140 4511 1199 4567 in
1222 4511 1371 4568 festo
1391 4520 1736 4571 sanctorum
1762 4518 1939 4575 Inno-

275 4599 537 4657 centium
550 4599 860 4656 annuatim
875 4600 1431 4673 persolvendorum.
1449 4602 1768 4662 Ecclesiam
1782 4606 1835 4679 ej
1844 4623 1938 4664 us·

276 4689 419 4746 dem
454 4688 607 4746 villoe
646 4688 721 4744 de
768 4688 997 4745 Blanzei
1044 4704 1182 4747 cum
1236 4691 1522 4748 omnibus
1572 4693 1936 4764 pertinentiis

275 4778 424 4845 suis,
448 4778 586 4835 dote
607 4776 825 4835 scilicet
847 4778 1056 4845 vineis,
1076 4779 1284 4852 pratis,
1311 4779 1581 4837 decimis.
1604 4782 1935 4842 oblationi-

271 4867 883 4939 buseteleemosynis,
901 4882 1087 4939 quam
1100 4867 1334 4925 habetis
1346 4867 1427 4925 ab
1439 4868 1753 4929 abbatissa
1768 4878 1935 4933 etca-

274 4958 462 5030 pitulo
478 4956 743 5014 ecclesiae
772 4956 847 5012 de
866 4956 1126 5013 Buxeriis
1150 4957 1266 5013 sub
1293 4972 1478 5015 censu
1500 4975 1600 5016 sex
1624 4962 1930 5033 resalium,

269 5047 452 5104 trium
477 5045 747 5116 siliginis,
797 5049 854 5102 et
892 5045 1070 5102 trium
1110 5044 1411 5108 frumenti,
1443 5046 1507 5103 in
1546 5048 1697 5108 sesto
1730 5053 1933 5110 Sancti

269 5134 499 5194 Martini
553 5134 1114 5207 persolvendorum,
1182 5149 1290 5206 per
1351 5151 1603 5193 manum
1673 5141 1927 5209 Henriei,

269 5223 584 5298 quondam
603 5223 893 5281 ‘rullensis
907 5222 1195 5296 episcopi,
1226 5229 1282 5281 et
1313 5226 1576 5296 Hugonis
1605 5227 1754 5292 Rufi.
1776 5228 1932 5302 ejus·

272 5313 414 5370 dem
438 5312 703 5370 ecclesia}
735 5318 874 5369 tunc
902 5311 1329 5382 archidiaconi,
1361 5315 1466 5387 qui
1486 5330 1738 5374 censum
1777 5334 1930 5393 proe-

273 5400 446 5458 dictae
484 5401 747 5459 ecclesiae
779 5404 857 5457 ad
895 5416 999 5458 eos
1029 5406 1398 5475 spectantem
1429 5404 1602 5461 vobis
1630 5405 1691 5462 in
1717 5423 1928 5483 perpe-

274 5492 448 5546 tuum
483 5490 863 5550 remiserunt.
893 5490 1132 5550 Curiam
1161 5491 1236 5549 de
1264 5494 1579 5553 Tautecurt
1606 5500 1664 5553 et
1692 5498 1925 5562 curiam

2048 4092 2159 4132 suo
2183 4075 2470 4133 Reinaldo
2496 4076 2572 4133 de
2592 4077 2875 4133 Monzuns
2904 4091 3007 4147 per
3018 4091 3271 4132 manum
3289 4075 3555 4148 praedicti
3578 4076 3709 4133 rul-

2044 4163 2227 4223 lensis
2238 4164 2526 4238 episcopi.
2541 4167 2783 4222 Vineam
2795 4180 2984 4238 quam
2995 4162 3162 4221 dedit
3174 4164 3342 4220 vobis
3357 4162 3704 4232 Willelmus,

2047 4254 2378 4311 advocatus
2427 4253 2503 4310 de
2542 4252 2824 4320 prisneio,
2864 4254 2926 4310 in
2965 4251 3191 4310 clauso.
3223 4253 3474 4317 ,Vineam
3513 4269 3706 4327 quam

2046 4342 2396 4400 deditvobis
2426 4342 2656 4409 Haimo,
2685 4343 2971 4399 sacerdos
3005 4342 3080 4398 de
3100 4341 3363 4406 Prismei,
3391 4341 3451 4398 in
3471 4341 3704 4401 franco.

2049 4432 2294 4488 Vineam
2346 4447 2533 4505 quam
2586 4431 2754 4488 dedit
2798 4431 2968 4489 vobis
3002 4431 3281 4488 Richerus
3319 4430 3395 4487 de
3433 4431 3708 4505 warpei.

2049 4520 2290 4577 Vineam
2319 4535 2508 4593 quam
2537 4518 2701 4577 dedit
2731 4519 2897 4577 vobis
2917 4521 3176 4576 loannes
3202 4519 3277 4575 de
3293 4521 3462 4576 Farre
3487 4519 3548 4576 in
3570 4521 3706 4577 Pro·

2046 4624 2215 4667 nora.
2246 4609 2488 4666 Vineam
2507 4626 2693 4683 quam
2705 4609 2870 4666 dedit
2893 4608 3337 4667 vobis-loannes
3356 4607 3431 4664 de
3447 4610 3709 4682 Rosigno

2043 4699 2104 4757 in
2137 4698 2374 4756 vinulis.
2407 4699 2650 4756 Vineam
2679 4715 2868 4773 quam
2896 4699 3191 4756 dederunt
3226 4698 3395 4754 vobis
3442 4700 3614 4769 Hugo
3653 4705 3712 4757 et

2045 4787 2333 4847 Gobertus
2385 4787 2593 4845 tratres
2639 4788 2712 4844 de
2754 4787 3005 4845 Vilerces
3044 4788 3317 4860 (villers)
3357 4786 3418 4843 in
3461 4787 3704 4845 vinulis.

2046 4879 2201 4934 Duas
2213 4876 2486 4935 vineasin
2516 4876 2732 4934 vinulis
2757 4894 2909 4952 quas
2921 4876 3151 4934 habetis
3174 4875 3511 4945 abllugone
3523 4875 3706 4933 fratre

2043 4972 2239 5024 vestro
2262 4966 2337 5022 de
2357 4966 2598 5022 Prisnei.
2628 4967 2869 5026 Vineam
2889 4966 3053 5039 apud
3080 4965 3292 5022 Prisnei
3324 4981 3512 5038 quam
3535 4966 3706 5025 dedit

2040 5055 2213 5113 vobis
2253 5055 2565 5113 Gualterus
2604 5055 2884 5113 sacerdos
2913 5057 2987 5112 de
3018 5055 3226 5112 eadem
3260 5053 3417 5110 villa.
3454 5055 3703 5112 Vineam

2038 5160 2225 5218 quam
2246 5144 2414 5202 dedit
2435 5145 2603 5203 vobis
2625 5148 2792 5216 Hugo
2819 5145 3129 5219 presbyter
3156 5144 3230 5200 de
3255 5143 3515 5200 Prisneio
3546 5145 3703 5203 inter

2037 5239 2302 5292 castrum
2331 5240 2389 5293 et
2413 5234 2637 5292 villam.
2677 5234 2978 5291 Allodium
3018 5234 3076 5289 in
3110 5233 3321 5288 eodem
3367 5232 3500 5290 loco
3530 5235 3702 5307 quod

2035 5322 2201 5380 dedit
2238 5323 2411 5381 vobis
2442 5324 2548 5381 lda
2587 5325 2661 5380 de
2698 5322 3106 5395 Sampigneio‚
3150 5339 3399 5379 assensu
3432 5322 3700 5382 filiorum

2034 5428 2284 5472 suorum
2316 5412 2512 5480 Ulrici,
2541 5413 2786 5471 Garum-i
2801 5419 2858 5469 et
2886 5412 3262 5468 Theodorici.
3298 5411 3601 5470 Allodium
3636 5414 3698 5470 in

2035 5501 2322 5580 proedicto
2340 5501 2648 5580 locoquod
2679 5500 2844 5564 dedit
2864 5501 3038 5560 vobis
3051 5501 3360 5559 hauvildis
3389 5502 3463 5559 de
3479 5502 3697 5563 Parnei
