3784 6000
186 223 262 284 29
1686 230 2111 297 EPISTOLAE.
3520 233 3608 297 30

187 359 273 415 est
300 369 440 427 ergo
476 372 513 412 a
543 354 854 414 monachis
874 357 947 414 ad
977 359 1214 416 octavas
1255 359 1645 421 Pentecostes.
1692 364 1839 439 Apo·
1868 368 1925 436 Α
1954 383 2087 427 cum
2117 368 2375 425 secundo
2396 369 2524 440 jam
2553 366 2800 436 veneris,
2835 365 3073 425 noluisti
3100 367 3171 423 ad
3205 365 3463 424 amicum
3495 384 3601 426 nec

188 445 316 504 stoli
341 443 630 517 postulati
652 448 710 501 et
741 446 966 516 traditi,
990 449 1366 522 partibusque
1398 453 1747 511 mandatum
1769 471 1841 514 ne

190 536 428 592 interim
462 535 540 590 ab
568 535 654 592 eis
676 534 949 608 appellati
971 536 1229 595 nominis
1250 541 1553 613 apostolici
1581 560 1836 603 reveren-

190 627 263 685 tia
293 625 639 683 laederetur.

960 716 1103 772 xlv,

526 823 600 864 an
640 823 981 865 namsi-auu
1020 825 1254 867 sernum
1297 829 1498 873 naurs.

243 898 303 955 Si
337 897 419 954 ab
451 897 829 955 adolescente
856 905 1057 956 nostro
1087 898 1403 960 laudabilis
1431 904 1656 963 indoles
1687 906 1842 965 etin-

184 987 411 1044 duetria
443 990 685 1060 sperata
712 985 946 1056 defecit,
977 992 1170 1046 certus
1198 1006 1330 1048 sum
1358 1010 1393 1050 a
1425 995 1707 1068 magistro
1731 1012 1838 1054 nec

182 1077 515 1134 doctrinam
548 1092 654 1133 nec
685 1076 1030 1150 diligentian
1060 1078 1360 1138 defecisse.
1397 1084 1721 1142 Debueram
1740 1102 1844 1142 vo·-

184 1168 287 1238 bis,
320 1166 371 1223 si
395 1181 463 1223 se
486 1165 858 1224 tractabilem
878 1166 1241 1240 praebuisset,
1262 1174 1365 1228 sed
1387 1174 1573 1245 pluris
1602 1191 1692 1234 me
1714 1192 1841 1235 con-

183 1256 370 1313 stitnit
392 1257 561 1313 fluxa
576 1255 705 1327 eJus
725 1260 782 1313 et
806 1271 1140 1332 repugnans
1162 1258 1474 1319 insolentia
1495 1264 1838 1324 debitorem.

184 1349 411 1414 Quanto
436 1349 600 1406 enim
642 1349 702 1405 in
732 1365 801 1407 eo
831 1352 1153 1421 prosecutio
1177 1358 1362 1411 vestra
1393 1356 1592 1414 minus
1622 1358 1847 1416 invenit

184 1437 471 1510 obsequii,
494 1441 659 1496 tanto
688 1439 826 1511 plus
847 1437 1061 1497 laboris
1092 1440 1371 1516 impendi,
1392 1444 1525 1517 plus
1545 1446 1839 1506 molestia-

185 1545 305 1586 rum
336 1528 607 1601 oportuit
636 1529 941 1587 sustiueri.
974 1531 1073 1587 Est
1103 1530 1286 1605 igitur
1331 1536 1598 1596 voluntas
1641 1547 1844 1598 nostra

185 1618 329 1691 quod
365 1618 594 1685 redeat,
619 1625 681 1674 ut
707 1625 825 1675 lam
849 1635 883 1675 a
903 1619 1074 1676 nobis
1095 1637 1272 1693 quam
1295 1639 1326 1679 a
1350 1623 1518 1683 Patre
1539 1627 1844 1687 fratribus-

186 1723 289 1780 que
317 1710 658 1780 correptus,
692 1709 879 1780 possit
906 1711 980 1767 ad
1013 1727 1114 1769 vos
1165 1710 1479 1784 aliquando
1512 1722 1737 1775 ιιιιιιιιιιι
1777 1721 1837 1777 in
1871 1738 1920 1806 B

188 1796 403 1855 melius
427 1797 740 1855 voluntate
768 1799 996 1857 reverti.

966 1889 1080 1948 XV.

357 1993 436 2032 An
466 1993 796 2034 asnar-num
836 1994 1331 2040 conmutassent
1370 2000 1659 2043 annuam.

259 2066 335 2121 De
379 2065 650 2122 adventu
695 2070 890 2123 vestro
943 2068 1089 2125 nihil
1145 2071 1449 2129 audieram
1499 2075 1845 2148 priusquam

194 2160 372 2213 vester
399 2155 476 2211 ad
513 2170 611 2211 me
641 2155 884 2213 nuntius
903 2158 1281 2228 pervenisset.
1313 2161 1512 2235 Neque
1557 2165 1712 2223 enim
1759 2167 1846 2224 vi-

189 2246 379 2302 deram
399 2244 716 2302 dominum
738 2245 1167 2314 Ebroicensem,
1191 2250 1292 2306 sed
1315 2253 1517 2309 eadem
1533 2253 1627 2311 die
1648 2255 1844 2328 ipsum

187 2334 408 2392 litteras
428 2338 658 2392 vestras
687 2334 991 2392 Turonum
1013 2339 1166 2409 quod
1184 2339 1256 2396 ad
1278 2356 1472 2414 regem
1496 2359 1848 2406 veneramus

188 2425 403 2498 accepi,
422 2424 878 2498 litterarumque
890 2426 1231 2484 brevitatem
1239 2429 1507 2502 jucunda
1519 2438 1846 2493 communis

189 2513 354 2570 amici
386 2511 694 2586 supplevit
721 2514 925 2572 oratio.
959 2516 1232 2575 Gravisus
1259 2534 1391 2576 sum
1428 2521 1499 2579 de
1529 2523 1847 2582 incolumi-

186 2606 552 2672 tatevestra,
579 2602 820 2676 gavisus
864 2604 935 2660 de
995 2608 1482 2678 peregrinationis
1541 2619 1844 2686 proventu,

190 2693 456 2766 gravisus
489 2693 650 2765 quod
676 2696 929 2750 vestram
970 2696 1338 2766 prudentiam
1371 2703 1428 2756 et
1476 2702 1845 2762 honestatem

189 2781 403 2841 honore
432 2780 642 2839 debito
677 2781 941 2840 Romana
969 2787 1303 2860 recognovit
1325 2789 1599 2849 Ecclesia.
1628 2795 1717 2851 Ad
1749 2811 1848 2851 cu-

190 2871 629 2929 mulumtamen
642 2871 1028 2930 exsulationis
1051 2877 1292 2934 accessit
1308 2881 1464 2951 quod
1489 2881 1547 2938 in
1576 2884 1844 2954 proximo

187 2961 419 3019 visitare
449 2976 565 3018 nos
595 2957 831 3018 dilectio
861 2964 1054 3021 vestra
1081 2965 1404 3039 constituit,
1437 2971 1501 3026 ιιι
1529 2974 1588 3028 et
1618 2974 1845 3032 mutuis

185 3050 583 3108 exhilaremur
609 3050 966 3124 aspectibus,
999 3061 1054 3110 et
1074 3054 1351 3125 iucundis
1381 3059 1618 3118 alternae
1659 3063 1838 3121 collo-

187 3140 431 3198 cutionis
453 3139 739 3197 affatibus
757 3140 1131 3201 delectemur.
1156 3146 1734 3209 communicabimus
1756 3158 1838 3211 et-
1867 3111 1911 3180 C

185 3230 330 3287 enim
350 3246 487 3302 quo
515 3246 621 3288 nos
636 3230 869 3289 interim
893 3230 1205 3293 blandavel
1227 3252 1434 3309 aspera
1447 3240 1837 3315 contigerunt,

183 3319 461 3393 quoniam
494 3319 622 3377 haec
652 3319 808 3378 inter
843 3322 1059 3380 amicos
1080 3328 1530 3386 communicatio
1554 3338 1742 3389 movet
1765 3336 1839 3392 at·-

181 3409 385 3478 lectus,
401 3417 467 3467 ut
486 3425 770 3484 prospera
780 3411 1021 3485 quidem
1034 3419 1267 3487 propter
1278 3419 1837 3491 congratulationem

182 3498 447 3557 dulciora
460 3499 644 3557 faciat
656 3503 715 3557 et
725 3502 969 3560 adversa
996 3518 1093 3575 per
1106 3507 1582 3578 compatientiam
1597 3510 1834 3570 leviora.

182 3587 671 3662 Portosiquidem
688 3589 870 3648 levius
899 3593 1055 3664 quod
1083 3592 1238 3651 alius
1271 3611 1500 3654 mecum
1532 3601 1655 3670 pari
1673 3618 1832 3659 com-

181 3679 460 3749 passione
492 3681 828 3751 supportat,
877 3680 1177 3755 ipsamque
1227 3684 1377 3741 inter
1421 3688 1641 3746 amicos
1700 3691 1838 3749 facit

180 3767 507 3825 exuberare
529 3767 794 3825 laetitiam
815 3770 1049 3828 conscia
1065 3772 1432 3846 participatio
1463 3778 1833 3849 gaudiorum.

181 3856 621 3929 Quantaigitnr
671 3873 908 3930 possum
949 3861 1365 3921 acceleratione
1394 3866 1626 3935 festino,
1659 3869 1837 3929 Lexo-

179 3948 468 4019 vinmqne
498 3946 632 4019 ipso
665 3948 786 4004 Kal.
819 3954 988 4007 Mart.
1021 3952 1132 4021 die,
1168 3953 1412 4011 Domino
1441 3955 1691 4049 volente,
1721 3977 1839 4046 per-

179 4036 443 4106 veniam,
475 4035 697 4094 ibidem
723 4053 826 4110 per
844 4038 967 4095 dies
987 4040 1355 4113 aliquotvel'
1339 4060 1398 4099 in
1420 4046 1529 4101 vici
1522 4021 1712 4132 ιιξιιῖιε
1700 4066 1836 4107 ·-οι·ιι

180 4128 373 4181 turus.
404 4124 692 4182 Nuntium
724 4130 922 4184 autem
954 4134 1213 4188 vestrum
1250 4146 1357 4203 per
1393 4112 1837 4235 ,aliquantulhm

182 4213 472 4286 temporis
504 4214 752 4273 moleste
792 4215 907 4290 (15)
948 4219 1194 4291 detinui,
1226 4222 1506 4312 quoniam
1546 4225 1836 4310 incertum

186 4316 281 4359 me
308 4303 383 4359 de
411 4303 603 4361 reditu
623 4320 753 4363 meo
784 4307 998 4380 gravia,
1031 4324 1162 4382 quas
1188 4300 1349 4369 inter
1359 4294 1529 4392 reges
1543 4309 1838 4375 ‘artabae

192 4393 311 4462 tur,
341 4394 574 4467 negotia
603 4394 966 4454 detinebant.
1667 4429 1671 4432 “

951 4486 1093 4545 XVI.

176 4587 251 4629 an
262 4587 583 4630 nocuum
593 4588 665 4630 na
679 4589 876 4633 metro
890 4591 1328 4637 sennonteusxm
1338 4597 1835 4644 sessiniaconun.

246 4661 471 4718 Audivi
494 4664 742 4720 tecausa
752 4664 1085 4722 studiorum
1105 4669 1363 4728 Parisios
1379 4672 1706 4746 advenisse,
1730 4691 1840 4732 au-

174 4752 297 4809 divi
317 4752 561 4811 ltetatus
593 4769 729 4811 snm
761 4770 776 4811 ε
812 4753 1045 4815 laetatus
1073 4759 1368 4832 equidem,
1392 4766 1458 4820 ut
1489 4765 1618 4834 ejus
1657 4781 1833 4838 quem

174 4841 504 4913 diligebam
519 4858 773 4916 prosena
786 4845 1836 4926 melaetiflcaretaspectusetjucunda

173 4931 591 4991 collocutionis
634 4933 865 4993 alterno
912 4936 1144 4996 collatio
1184 4939 1518 5000 delectaret.
1548 4945 1833 5016 Optabam

174 5038 416 5095 quoque
450 5025 520 5080 ut
557 5022 754 5098 aliqua
802 5026 1113 5086 exhibendi
1163 5029 1268 5087 tibi
1314 5032 1491 5089 olsscii
1522 5033 1834 5106 refulgeret

172 5110 434 5179 occasio,
449 5111 623 5183 cujus
651 5128 742 5170 me
761 5114 988 5173 dudum
1011 5117 1229 5182 merita,
1239 5130 1658 5193 praevenerunt.
1676 5123 1834 5182 Licet

170 5200 332 5257 enim
358 5197 559 5257 solum
577 5201 790 5260 veritas
827 5203 1093 5263 amicitias
1124 5208 1380 5280 requirat
1407 5211 1705 5282 affectum,
1758 5214 1831 5270 li-

170 5290 377 5349 berale
392 5295 613 5350 tamem
633 5294 982 5367 obsequium
1007 5313 1121 5355 non
1140 5299 1418 5369 excludit,
1440 5302 1537 5358 sed
1558 5317 1624 5359 eo
1639 5304 1832 5375 potius

170 5378 529 5450 illustratur,
559 5383 862 5453 qnoniam,
896 5389 962 5441 ut
990 5385 1072 5442 ait
1100 5392 1336 5446 sanctus
1367 5389 1487 5459 ille,
1512 5412 1540 5442 «
1570 5392 1832 5462 probatio

176 5468 516 5527 dilectionis
534 5470 813 5532 exhibitio
834 5478 926 5534 eet
954 5477 1167 5550 operis.
1193 5500 1224 5534 »ο
1250 5477 1438 5538 Movet
1454 5484 1650 5539 autem
1674 5482 1832 5555 quod

242 5559 366 5632 (15)
396 5559 490 5632 B.,
520 5559 804 5636 mdeste.

1955 458 2026 516 ad
2058 462 2423 515 momentum
2455 457 2629 514 etiam
2661 455 2976 522 declinare,
3009 471 3199 528 neque
3250 457 3457 513 saltem
3501 474 3606 530 per

1954 563 2252 606 cursorem
2267 547 2472 604 debitas
2503 547 2872 604 salutationis
2894 545 3217 618 alloquium
3244 544 3437 618 paucis
3457 562 3600 604 con-

1950 639 2247 712 signatum
2305 638 2572 710 apicibus
2615 636 2930 693 destinare.
2972 636 3121 691 Haesi
3181 635 3428 705 diutius,
3462 653 3601 708 quo-

1948 729 2172 800 tiesque
2200 728 2271 784 ab
2304 727 2419 784 illis
2449 726 2713 799 partibus
2744 724 2957 796 aliquis
2996 725 3342 798 apparebat,
3371 725 3597 784 divina·

1951 818 2087 875 bam
2110 818 2261 890 quod
2283 816 2382 873 ille
2398 815 2543 872 mihi
2560 815 2889 886 Jucundum
2918 814 3147 870 Radulfi
3169 815 3280 871 mei
3303 816 3602 873 nuntiaret

1951 909 2289 964 adventum.
2314 908 2650 962 Frustratus
2708 904 2903 975 toties,
2960 920 3029 960 ex
3078 904 3190 960 hoo
3238 921 3397 961 nunc
3457 904 3605 963 nihil

1948 1000 2135 1057 audeo
2164 997 2443 1066 divinare,
2468 996 2568 1053 sed
2601 994 2950 1052 charitatem
3002 997 3162 1050 tuam
3194 994 3335 1050 duxi
3389 994 3600 1052 litteris

1949 1086 2351 1162 praesentibus,
2382 1086 2428 1141 si
2462 1086 2604 1142 rorte
2625 1083 3025 1151 obdormierit,
3055 1082 3438 1150 excitandam,
3471 1087 3595 1151 sut,

1949 1177 1999 1234 si
2029 1193 2206 1250 quem
2240 1177 2382 1232 forte
2412 1173 2680 1247 concepit
2702 1173 2848 1230 falsa
2868 1172 3197 1244 suspicione
3228 1172 3596 1245 languorem,

1949 1267 2021 1324 de
2048 1263 2485 1338 perseverantias
2518 1280 2658 1320 meae
2688 1262 2890 1318 nuntio
2921 1261 3308 1318 convalescat.
3357 1260 3600 1317 Noveris

1948 1356 2105 1414 enim
2138 1354 2283 1410 nihil
2316 1354 2420 1409 tibi
2455 1355 2606 1425 apud
2633 1369 2725 1409 me
2756 1354 2826 1408 de
2858 1351 3107 1424 pristina
3139 1348 3425 1407 charitate
3474 1366 3600 1423 per-

1949 1447 2086 1518 isse,
2120 1445 2221 1501 sed
2252 1443 2415 1516 quasi
2441 1442 2776 1516 duplicatus
2805 1456 2971 1497 amor
2998 1444 3108 1509 est,
3141 1456 3275 1497 cum
3308 1456 3443 1497 eum
3495 1439 3603 1496 tibi

1949 1552 2081 1593 mea
2120 1551 2286 1591 mens
2317 1537 2561 1605 cogatur
2590 1530 2883 1588 exsolvere
2912 1545 3085 1602 quem
3120 1530 3435 1601 aliquando
3459 1529 3597 1586 duo-

1951 1626 2058 1683 bus
2088 1624 2461 1697 impendebat
2491 1622 2789 1691 arrectum,
2814 1620 3084 1677 sublatus
3116 1618 3408 1693 siquidem
3437 1624 3521 1677 est
3562 1634 3594 1677 e

1950 1714 2141 1772 medio
2172 1713 2500 1771 communis
2531 1712 2751 1768 amicus
2778 1715 2977 1767 noster
3007 1710 3147 1766 Rad.
3175 1710 3245 1765 de
3276 1707 3460 1779 Flur.,
3490 1706 3592 1782 qui

1951 1803 2262 1862 dimidium
2285 1803 2491 1859 animae
2529 1818 2669 1858 meae
2701 1801 2933 1858 videtur
2970 1799 3224 1855 moriens
3264 1797 3593 1855 abstulisse.

1950 1894 2143 1968 Ipsius
2171 1893 2316 1949 mihi
2352 1907 2584 1964 semper
2611 1895 2700 1949 est
2724 1891 2967 1948 colenda
3027 1888 3310 1946 memoria
3341 1904 3357 1957 ;
3415 1887 3597 1960 ipsius

1950 1999 2113 2040 amor
2133 1998 2385 2054 semper,
2402 1982 2855 2054 quibuscunque
2874 1980 3062 2036 modis
3089 1979 3145 2033 id
3186 1977 3308 2033 lieri
3327 1977 3600 2050 potuerit,

1952 2072 2394 2129 instaurandus.
2418 2071 2659 2125 Duobus
2686 2073 2880 2124 autem
2907 2067 3094 2124 modis
3124 2067 3392 2124 defuncto
3413 2067 3597 2123 vicem

1951 2161 2223 2220 amicitiai
2244 2160 2445 2232 judico
2477 2158 2929 2231 rependendam,
2955 2156 3220 2227 utprimo
3242 2154 3457 2210 scilicet
3483 2155 3595 2227 piis

1952 2252 2106 2324 apud
2170 2253 2348 2307 Deum
2391 2246 2907 2305 intercessionibus
2962 2245 3293 2315 adiuvetur,
3336 2245 3593 2301 secundo

1951 2342 2011 2399 hi
2043 2358 2191 2414 quos
2222 2341 2347 2412 ipse
2367 2338 2644 2395 dilexerat
2672 2335 2978 2393 dilectione
3008 2333 3221 2391 vicaria
3251 2333 3591 2404 diligantur.

1952 2432 2093 2489 Inde
2112 2434 2202 2487 est
2233 2429 2384 2502 quod
2416 2444 2581 2484 amor
2602 2432 2797 2484 noster
2825 2427 2896 2482 ab
2929 2424 3027 2480 illo
3057 2423 3120 2480 in
3150 2425 3219 2480 te·
3240 2423 3408 2495 quasi
3449 2439 3595 2496 quo·

1951 2523 2087 2579 dam
2118 2517 2493 2577 haereditariae
2526 2515 2915 2573 successionis
2939 2516 3072 2586 jure
3107 2514 3445 2571 transfusus
3479 2517 3590 2582 est,

1952 2612 2149 2683 utjam
2180 2613 2237 2667 te
2261 2626 2374 2666 non
2400 2607 2674 2680 simplici,
2692 2607 2794 2662 sed
2811 2603 3105 2677 duplicato
3124 2603 3481 2677 complectar
3509 2604 3596 2660 al*-

1950 2702 2126 2759 l'ectu.
2143 2699 2274 2755 Tibi
2296 2698 2453 2755 enim
2485 2713 2599 2769 prae
2622 2695 2845 2753 caeteris
2876 2695 2997 2750 haec
3019 2698 3109 2750 est
3128 2692 3593 2750 deferendasuc-

1949 2791 2135 2848 cessio
2167 2805 2336 2861 quem
2369 2786 2465 2844 ille
2488 2803 2602 2860 prae
2625 2784 2848 2841 caeteris
2885 2782 3181 2855 diligebat,
3214 2782 3434 2854 tibique
3463 2797 3592 2839 eam

1947 2880 2112 2955 quasi
2138 2879 2390 2952 quodam
2432 2879 2778 2932 testamento
2800 2873 3069 2945 specialis
3087 2872 3355 2928 amicitias
3379 2889 3592 2944 praero·

1948 2970 2138 3044 gativa
2181 2968 2507 3041 consignat.
2542 2966 2682 3022 Gere
2713 2964 2893 3039 igitur
2947 2979 3121 3020 suum
3154 2962 3423 3019 amicitiai
3463 2978 3595 3019 mo-

1951 3078 2094 3130 rem,
2126 3059 2418 3131 certisque
2448 3057 2728 3112 clarescat
2757 3054 2991 3111 indiciis
3022 3054 3205 3125 ipsam
3228 3069 3404 3108 novas
3435 3052 3589 3107 vires

1949 3153 2019 3209 de
2040 3167 2182 3209 nova
2203 3147 2591 3219 duplicatione
2610 3144 2874 3201 traxisse.
2900 3143 3100 3199 Scribe
3126 3146 3320 3198 autem
3348 3140 3586 3219 interi-m

1947 3241 2191 3313 aliquid,
2217 3243 2280 3295 ιιι
2310 3240 2367 3294 in
2399 3236 2637 3293 alterius
2680 3235 2982 3307 utriusque
3021 3233 3218 3289 videar
3255 3231 3584 3303 suscepisse

1948 3346 2298 3389 sermonem.
2332 3328 2575 3399 Injunge
2604 3326 2756 3398 quod
2779 3323 2899 3397 gvis,
2932 3328 2997 3380 ut
3029 3323 3085 3379 in
3128 3322 3307 3379 altero
3355 3320 3586 3392 utrique

1946 3414 2878 3491 videarobsequiumproestitisse3
2908 3411 3080 3468 visita
3112 3428 3239 3482 nos,
3264 3415 3329 3467 ut
3359 3409 3582 3484 possim

1948 3508 2255 3580 utriusque
2279 3522 2580 3579 personam
2609 3503 2879 3561 in'altero
2910 3500 3333 3574 comtemplari.
3367 3498 3588 3563 Scribe,

1946 3597 2208 3670 inquam,
2242 3597 2381 3669 quia
2428 3593 2826 3668 sissscripseris,
2871 3592 3207 3665 hoc-ipsum
3257 3589 3362 3646 tibi
3393 3587 3592 3661 {studii

1946 3688 2156 3760 poterit
2178 3703 2386 3759 augere
2418 3684 2745 3751 materiam,
2780 3699 2885 3739 nec
2917 3679 3593 3754 propositijoperisspro-

1945 3781 2171 3836 vectum
2198 3776 2473 3849 impediet
2504 3778 2605 3831 aut
2649 3780 3011 3845 proventum.
3045 3769 3316 3839 lnjungej
3339 3766 3586 3837 aliquid,

1948 3873 2009 3926 ut
2038 3868 2232 3938 aliqua
2262 3864 2531 3922 amicitiae
2554 3860 2976 3935 perseverantis
3001 3860 3346 3927 argumenta
3380 3870 3586 3927 proce-

1948 3959 2108 4026 dant,
2126 3956 2263 4029 quia
2285 3970 2412 4011 earn
2436 3952 2728 4008 efficacius
2750 3947 3091 4020 comprobat
3115 3945 3352 4017 petendi
3372 3944 3585 4002 fiducia

1923 4046 2141 4132 ‚qfaafn
2151 4044 2370 4113 liberali
2380 4048 2465 4097 tas
2492 4039 2795 4127 οιζιιιοιιᾶί.
2830 4036 3012 4093 Visita
3043 4052 3147 4091 nos
3178 4035 3314 4106 quia
3344 4039 3420 4103 te,
3449 4051 3583 4091 cum

1943 4134 2063 4192 desi
2051 4134 2107 4189 ὁ.
2112 4116 2309 4204 crium
2325 4130 2506 4187 nesti·
2497 4107 2628 4195 ιῐιι,
2660 4133 2784 4184 tum
2843 4126 2956 4185 loci
2998 4124 3423 4198 propinquitas,
3456 4128 3585 4179 tum

1945 4224 2122 4281 etiam
2154 4221 2496 4279 solemnitas
2527 4200 2754 4276 invitat.
2787 4216 3071 4274 Dominus
3101 4230 3331 4287 quoque
3361 4212 3587 4269 Willel-

1946 4311 2079 4370 nius
2110 4314 2236 4370 de
2232 4316 2325 4369 ser
2328 4327 2413 4409 '³¹3
2431 4309 2818 4383 promissione
2850 4311 3079 4363 tenetur
3103 4308 3167 4360 ut
3199 4303 3438 4374 veniat3
3498 4319 3590 4358 vo-

1940 4376 2178 4474 bisque
2183 4381 2299 4457 irv·
2295 4416 2431 4474 cem
2445 4387 2722 4483 solatiari
2756 4395 3018 4469 poteritis
3062 4398 3118 4451 et
3165 4393 3336 4451 nobis
3375 4396 3587 4450 sanctae

1871 4489 1920 4553 D
1951 4489 2334 4550 solemnitatis
2364 4489 2576 4562 gaudia
2603 4476 2923 4558 duplicare.
2955 4485 3176 4543 Valete.

2680 4577 2850 4633 XVII.

2443 4687 2515 4727 An
2556 4684 2750 4725 param
2789 4683 3096 4723 acaunum

2016 4764 2365 4821 Adolescens
2387 4777 2554 4833 quem
2574 4761 2645 4815 ad
2679 4753 3343 4830 accingendumssmilitiae
3356 4751 3590 4824 cingulo

1941 4858 2139 4912 vestra
2156 4852 2302 4909 mihi
2326 4850 2586 4924 dignatio
2611 4845 3061 4916 commendavit,
3094 4838 3593 4916 cumZdivertisset

1943 4942 2336 5015 aliquatenus,
2363 4942 2501 5012 quia
2514 4953 2778 4995 securum
2798 4952 2894 5008 per
2912 4934 3117 4991 urbem
3132 4934 3448 4991 transitum
3472 4948 3589 4989 non

1940 5033 2210 5098 habebat,
2227 5031 2554 5088 iniit-matus
2583 5026 2774 5093 rediit,
2789 5024 3052 5096 tantique
3071 5023 3342 5082 incendio
3374 5022 3586 5079 caloris

1941 5138 2225 5182 accensus
2254 5124 2363 5188 est,
2408 5122 2472 5175 ut
2502 5118 2572 5173 de
2611 5115 2799 5173 salute
2831 5115 2964 5187 ejus
2996 5114 3323 5171 timendum
3354 5110 3594 5183 plurimi

1941 5212 2346 5271 credidissent.
2382 5206 2615 5265 Viribus
2649 5209 2848 5263 tamen
2883 5205 2954 5261 de
2970 5204 3263 5261 hilaritate
3286 5201 3591 5274 promissae

1942 5300 2344 5359 instructionis
2367 5297 2711 5370 assumptis,
2736 5297 2808 5353 ad
2833 5295 3106 5351 Milonem
3130 5298 3380 5348 vestrum
3399 5293 3457 5347 et
3485 5289 3587 5347 Pa-

1941 5396 2087 5448 trem
2108 5389 2479 5447 Radicosium
2496 5404 2682 5461 usque
2700 5388 3015 5459 perductus
3030 5388 3136 5451 est,
3153 5381 3589 5454 Plurimumque

1940 5485 2105 5554 pater
2130 5495 2303 5553 super
2327 5478 2674 5552 aegritudiue
2698 5476 2803 5534 filii
2834 5477 2905 5533 de
2917 5472 3183 5532 beneficii
3203 5472 3374 5531 vestri
3398 5472 3588 5547 gratia
