3784 6000
1146 229 1348 295 msr.
1398 228 1667 297 RERUM
1707 229 2244 300 TitANSttAnm.
2287 268 2367 285 ·-
2407 236 2554 303 Lis.
2599 237 2701 304 lv.

3505 251 3630 316 310

200 368 443 428 oriente
471 365 535 425 in
578 369 777 440 partes
808 365 1051 423 declivis
1089 366 1406 437 occiduasg
1447 366 1866 436 longitudinem
1903 369 1952 438 Α
1983 370 2126 426 ειη-ῆι
2158 369 2274 428 its:
2315 371 2451 428 Cum
2480 372 2660 444 iqitur
2685 374 2951 434 Julianus
2987 375 3134 441 apu‘l
3171 377 3477 450 Pythonem
3511 385 3626 443 Da-

210 459 455 518 habeus
494 461 664 532 quasi
696 460 767 513 ad
811 456 1081 512 milliaria
1128 458 1554 529 quadraginin
1606 459 1867 514 latitudi-

204 566 343 608 nem
374 564 538 611 vero,
565 563 673 620 pro
690 547 1021 602 diversitate
1042 545 1324 615 locorum,
1348 565 1444 602 sea
1476 548 1560 603 vel
1595 555 1866 619 quatuor.

206 638 271 696 ln
306 640 623 711 superiore
652 638 745 692 sui
777 647 936 707 parte
969 640 1160 692 lacum
1199 653 1269 693 ex
1298 637 1706 706 adjacentibus
1748 632 1866 690 col-

205 729 433 786 lectum
480 728 744 783 fontibus
775 726 1024 794 habens,
1072 727 1363 797 piscosum
1400 730 1673 792 maxime,
1703 743 1736 780 a
1759 730 1865 783 llu-

204 820 299 874 vio
326 818 441 892 qui
472 817 680 874 vallem
733 818 1020 888 percurrit
1047 819 1116 871 ad
1152 833 1310 873 mare
1340 833 1505 873 secus
1540 817 1742 872 urbem
1773 818 1867 872 de-

202 907 429 974 fluens,
470 907 663 978 spatio
695 907 872 962 unius
920 904 1151 962 distans
1199 906 1480 973 milliarii,
1521 906 1675 962 unde
1706 907 1866 961 rivus

202 996 529 1071 egreditur,
562 995 664 1067 qui
704 995 1072 1067 postmodum
1100 994 1159 1051 iu
1190 997 1461 1052 eumdem
1502 995 1747 1053 fluvium
1778 994 1867 1051 iu·

204 1087 391 1144 ledus
455 1086 612 1143 circa
667 1085 872 1141 urbem
922 1084 1237 1142 derivatur.
1290 1085 1513 1141 Montes
1562 1100 1722 1153 vero,
1764 1081 1864 1155 qui

203 1191 334 1234 eam
366 1191 444 1233 ex
473 1176 657 1232 latare
704 1173 927 1231 vallant
965 1184 1230 1248 utroque,
1262 1181 1315 1231 et
1344 1175 1392 1230 si
1423 1173 1709 1232 sublimes
1747 1174 1865 1229 sint

197 1267 396 1333 valde,
430 1271 613 1322 umen
646 1264 850 1321 dulces
877 1268 936 1321 et
965 1265 1300 1336 perspicuas
1337 1268 1610 1321 emanant
1637 1279 1861 1337 aquas;

196 1361 257 1414 et
297 1371 496 1429 usque
525 1357 593 1412 ad
627 1369 906 1427 suprema
924 1353 1202 1417 culmina.
1227 1354 1285 1408 iu
1307 1352 1471 1409 clivis
1500 1362 1553 1410 et
1585 1352 1863 1409 lateribus

200 1447 354 1510 auis.
390 1445 763 1518 agricultura
797 1444 1056 1516 prebent
1086 1443 1448 1499 habilitatem
1486 1443 1860 1515 pracipuam.

197 1536 462 1605 Quorum
513 1536 614 1609 qui
661 1536 734 1590 ab
774 1543 976 1589 austro
1024 1543 1133 1599 esi,
1181 1535 1338 1589 sicut
1380 1538 1439 1588 et
1478 1531 1710 1597 fluvius,
1759 1529 1860 1603 qui

198 1626 473 1684 eamdem
546 1625 750 1681 urbem
802 1623 1255 1698 preterlabitur,
1304 1621 1552 1678 Orontes
1619 1621 1857 1681 dicitur,

196 1719 351 1772 teste
424 1713 798 1787 Hieronymo,
840 1713 942 1783 qui
989 1712 1358 1768 Antiochiam
1390 1712 1543 1766 inter
1583 1708 1858 1769 Orontem

199 1802 448 1863 fluvium
470 1809 529 1860 et
548 1804 826 1859 Orontem
851 1802 1313 1875 promontorium
1335 1800 1479 1857 dicit
1495 1802 1815 1857 consistere
1839 1815 1854 1866 ;

197 1895 379 1966 cujus
429 1909 568 1966 pare
617 1892 863 1949 inferius
905 1907 1072 1949 secus
1120 1890 1368 1948 marein
1404 1891 1752 1946 immensam
1793 1903 1859 1946 se

196 1987 517 2059 porrigent
544 1981 943 2051 altitudinem,
991 1997 1203 2039 nomeu
1252 1981 1363 2038 sihi
1413 1979 1671 2036 vindicat
1717 1994 1858 2051 spe-

196 2073 373 2140 ciale,
406 2078 464 2130 et
489 2071 711 2146 vulgari
740 2071 1126 2144 appellatione
1160 2068 1376 2125 dicitur
1406 2084 1576 2124 mons
1595 2066 1852 2136 Parlier;

197 2164 361 2222 huuc
393 2163 635 2236 quidam
666 2164 1022 2219 Parnassum
1056 2166 1343 2232 reputant,
1377 2158 1602 2216 Baccho
1630 2157 1857 2215 dedica·

194 2257 328 2311 tum
355 2260 419 2310 et
440 2253 737 2324 Apolliui3
777 2268 1030 2325 quorum
1061 2251 1324 2324 opinioni
1352 2249 1657 2320 suffrageri
1690 2248 1857 2305 vide-

195 2349 289 2402 tur
324 2345 461 2400 sous
492 2342 839 2415 Daphnidis,
868 2358 1041 2414 quem
1071 2342 1310 2414 quidam
1343 2339 1657 2395 Castalium
1682 2353 1855 2410 repu-

192 2439 352 2505 tant,
380 2436 556 2507 juxta
584 2445 844 2490 veterum
875 2440 1135 2488 tenorem
1169 2429 1520 2495 tabularum,
1552 2426 1735 2484 Musis
1761 2444 1853 2483 sa·

194 2541 367 2584 crum
414 2530 479 2580 et
505 2525 828 2598 gymnasiis
864 2523 1150 2579 celebrem
1194 2520 1716 2593 philosophorum;
1750 2516 1853 2590 qui

193 2616 265 2672 ad
300 2612 537 2670 radices
577 2613 842 2685 ejusdem
878 2615 1090 2669 montis
1139 2612 1199 2667 in
1230 2626 1297 2667 eo
1349 2610 1474 2667 loco
1503 2610 1603 2680 qui
1636 2608 1854 2664 dicitur

194 2704 375 2764 Scala
413 2701 764 2770 Boamundi,
805 2703 976 2774 juxta
1020 2701 1222 2757 urbem
1277 2699 1607 2771 praedictam
1639 2698 1851 2754 habere

195 2793 420 2850 dicitnr
456 2790 770 2849 exordium.
803 2790 910 2848 Sed
941 2807 975 2847 a
1003 2806 1135 2847 vero
1165 2805 1336 2845 secus
1364 2794 1451 2844 cst
1481 2787 1600 2844 hoc
1629 2787 1847 2856 opinio.

196 2881 350 2942 Nam
381 2882 578 2938 Aonio
600 2880 876 2954 regionis,
910 2896 1039 2954 quai
1072 2895 1205 2950 pars
1231 2884 1321 2933 est
1353 2877 1540 2934 Thess
1573 2874 1684 2944 liae,
1718 2873 1852 2932 Par-

198 2988 448 3032 nassum
498 2977 727 3029 constat
772 2987 901 3029 esse
951 2969 1411 3042 promontorium
1453 2984 1468 3037 ;
1521 2966 1848 3024 secuudum

199 3062 365 3138 quod
392 3062 546 3120 Naso
574 3062 634 3119 in
664 3063 851 3133 primo
900 3059 1285 3132 Metamorph.
1316 3057 1591 3114 describit
1619 3056 1738 3112 ita:

269 3188 514 3259 Separat
542 3188 738 3244 Aonios
770 3187 972 3243 Acta-is
1002 3184 1192 3241 Phocis
1215 3184 1281 3240 ab
1309 3185 1458 3239 arvis

272 3262 440 3318 Terra
468 3264 652 3332 ferax,
680 3258 812 3314 dum
840 3265 992 3314 terra
1020 3264 1169 3325 {u1t‚·
1197 3260 1286 3312 sed
1319 3263 1556 3324 tempore
1582 3253 1644 3309 in
1671 3250 1776 3309 illo

268 3333 413 3389 Pars
458 3336 651 3390 maris.
682 3336 733 3387 el
761 3331 905 3385 lalus
945 3332 1254 3385 subitarum
1296 3344 1521 3397 campus
1549 3341 1842 3397 aquarum.

266 3406 419 3461 flans
442 3405 519 3460 ibi
549 3404 835 3459 verticibus
864 3404 1002 3474 petit
1025 3404 1233 3457 arduus
1264 3406 1418 3456 astra
1445 3398 1671 3463 duobus,

266 3475 505 3535 Nomine
534 3476 860 3543 Parnassus,
881 3480 1212 3547 superatque
1231 3473 1517 3527 cacumine
1543 3470 1732 3527 nubes.

265 3600 375 3660 Hic
402 3606 598 3657 autem
621 3600 790 3671 juxta
817 3597 1122 3661 Solimum,
1146 3596 1385 3654 Cassius
1406 3594 1750 3667 appellatur,
1771 3595 1841 3649 de

190 3694 385 3766 quoin
399 3692 528 3761 Pol>
542 3689 779 3747 historie
793 3689 886 3746 sui
901 3688 1156 3760 capitulo
1168 3687 1611 3758 quadragesimo
1630 3684 1835 3757 primo,

188 3782 277 3840 sic
305 3784 425 3838 ait:
455 3781 629 3836 Juxta
654 3777 959 3835 Seleuciam
982 3776 1200 3834 Cassius
1234 3792 1389 3832 mons
1414 3780 1512 3841 est,
1538 3774 1839 3831 Antiochus

185 3871 514 3943 proximum
541 3868 701 3940 cnjus
720 3882 747 3924 e
777 3870 977 3925 vertice
992 3866 1186 3936 civilia
1210 3868 1384 3923 noctis
1411 3864 1591 3921 adhuc
1616 3870 1837 3935 quarta,

187 3961 388 4033 plotus
406 3960 537 4016 solis
552 3959 903 4028 conspicitur,
932 3962 984 4013 et
1014 3958 1163 4013 brevi
1182 3960 1423 4024 corporis
1441 3956 1832 4020 circumanctu,

185 4051 366 4107 radiis
386 4049 695 4118 caliginem
733 4048 1152 4118 dissipantibus,
1187 4045 1348 4103 illinc
1375 4060 1506 4106 nox,
1539 4044 1697 4099 illinc
1721 4043 1836 4102 dies

185 4143 458 4199 urnuur.
494 4139 602 4195 Sed
634 4153 708 4195 ne
736 4145 792 4194 te
822 4138 1096 4195 Seleuciae
1130 4153 1340 4193 nomen
1373 4136 1624 4207 decipiat
1653 4134 1835 4205 mqui-

182 4245 419 4297 vocum,
451 4229 677 4286 noveris
706 4230 853 4284 duas
893 4244 1024 4285 esse
1055 4228 1254 4293 urbes,
1297 4241 1545 4297 quarum
1591 4232 1836 4297 utraque

184 4320 411 4376 dicitnr
430 4318 714 4376 Seleucia.
736 4317 952 4387 Prima,
974 4334 1103 4389 quie
1120 4320 1355 4373 isauriae
1369 4314 1702 4385 metropolis
1721 4320 1829 4383 est,

184 4426 318 4483 pusi
341 4410 419 4463 ab
440 4406 744 4464 Antiochia
763 4408 895 4479 plns
914 4424 1089 4480 quam
1114 4408 1338 4461 dierum
1364 4409 1626 4477 quinque
1654 4406 1834 4460 distat

1980 460 2223 531 paneam
2247 480 2498 532 responsa
2524 473 2744 534 peteret,
2774 468 2839 521 de
2871 467 3122 524 Parthici
3164 468 3296 524 betti
3344 473 3578 528 victoria
3604 488 3629 536 ,·

1978 559 2029 604 et
2054 550 2154 606 ille
2190 552 2254 606 de
2299 553 2581 611 ricinieate
2616 557 2863 624 corporis
2911 558 3134 630 Bahylae
3183 563 3456 633 ›nartyris
3501 576 3629 618 eum

1977 649 2282 709 accusaret,
2304 644 2460 710 iussit
2487 645 2605 715 ejus
2636 661 2830 716 corpus
2859 647 3093 715 aulerri.
3128 647 3188 702 ld
3222 649 3415 717 ipsum
3448 651 3626 709 etiam

1977 731 2305 786 evidentius
2366 733 2794 806 aliquantulum
2845 736 2903 793 iu
2951 736 3179 792 decimo
3220 738 3625 798 ecclesiastica

1976 819 2241 877 Historiis
2274 822 2504 893 dicitur,
2528 824 2636 881 hoc
2669 825 2838 880 modo
2863 843 2876 881 :
2908 826 3063 881 Dedit
3089 831 3141 882 el
3170 827 3326 883 aliud
3352 829 3624 887 Julianus

1975 911 2237 967 vecordiae
2273 926 2394 969 suae
2434 929 2501 968 ac
2533 913 2764 969 levitatis
2803 913 3072 972 indicium
3091 934 3117 982 ‚·
3156 933 3291 972 nam
3335 932 3462 974 eum
3508 918 3622 975 Da·

1970 998 2160 1069 planis,
2199 1003 2258 1054 in
2295 1002 2611 1058 suburbano
2640 1002 2943 1061 Antiochiae
2969 1005 3141 1077 juxta
3182 1007 3390 1077 fontem
3430 1007 3622 1066 casta·

1975 1087 2114 1143 lium
2141 1088 2326 1144 litaret
2353 1090 2618 1160 Apollini,
2646 1097 2701 1148 et
2729 1094 2889 1149 nulla
2916 1108 3041 1165 quae
3065 1094 3623 1169 quaerebatresponsa

1973 1179 2234 1247 reciperet
2253 1197 2277 1243 ,·
2312 1194 2612 1252 causasque
2637 1182 2851 1239 silentii
2883 1188 3337 1253 percunctaretur
3362 1201 3397 1241 a
3425 1200 3620 1243 sacer·

1973 1265 2185 1322 dotibus
2212 1268 2523 1336 daenwnm
2558 1269 2724 1326 aiunt
2755 1271 2974 1344 Babylae
3014 1276 3275 1346 martyris
3309 1273 3622 1343 sepulcrum

1969 1371 2135 1425 prope
2163 1360 2441 1420 assistere.
2483 1370 2533 1414 et
2560 1360 2678 1415 ideo
2723 1375 2982 1425 responsa
3027 1379 3139 1416 nan
3166 1360 3339 1419 reddi.
3371 1362 3518 1426 Quia
3548 1360 3623 1419 li-

1972 1451 2063 1501 cet
2111 1447 2240 1502 lons
2288 1448 2597 1517 praedictus
2646 1450 2878 1507 dicatur
2923 1451 3234 1518 Castalius,
3278 1468 3394 1507 uon
3424 1456 3620 1509 tamen

1971 1533 2387 1607 intelligendus
2435 1548 2523 1593 est
2571 1554 2699 1595 esse
2743 1540 2841 1596 ille
2887 1541 3200 1609 Castalius,
3231 1541 3331 1613 qui
3364 1540 3481 1597 alio
3511 1557 3620 1601 no-

1973 1626 2130 1681 mine
2173 1626 2490 1697 Pegasaeus‚
2542 1629 2881 1689 Caballinus
2921 1637 2981 1688 et
3018 1633 3314 1708 Aganippe
3364 1620 3618 1702 dicitur3

1974 1713 2072 1771 ille
2100 1715 2339 1774 enimin
2372 1718 2641 1789 predicta
2669 1736 2798 1776 esse
2829 1721 3039 1792 legitur
3069 1725 3274 1783 Aonia.
3299 1721 3470 1793 juxta
3499 1736 3622 1778 ver·

1970 1804 2110 1859 hum
2142 1803 2348 1876 Solini,
2379 1810 2532 1878 quod
2565 1807 2653 1865 sic
2673 1824 2736 1865 se
2756 1808 2969 1867 habet:
3006 1810 3198 1867 Thebis
3220 1810 3445 1868 Helicon
3468 1810 3618 1869 locus

1964 1900 2064 1961 est,
2115 1895 2392 1967 Cytheren
2449 1896 2652 1966 saltus,
2702 1898 2883 1954 amnis
2943 1900 3203 1967 Ismenus,
3265 1904 3440 1971 tontes
3487 1901 3618 1957 Are-

1962 1983 2128 2039 thusa
2171 1992 2222 2041 et
2268 1983 2541 2058 Hypodia,
2588 1985 2859 2055 salmace,
2910 1988 3067 2045 Dirce
3096 2029 3113 2057 ,
3159 1988 3252 2044 sed
3296 1993 3426 2045 ante
3470 1991 3611 2049 alios

1964 2073 2242 2146 Aponippe
2277 2082 2330 2132 et
2373 2079 2733 2148 Hippocrene.
2785 2079 2928 2148 Quos
2976 2079 3233 2151 quoniam
3284 2079 3611 2139 litierarum

1962 2164 2179 2235 primus
2220 2172 2485 2234 repertor,
2538 2167 2782 2237 equestri
2826 2167 3174 2224 ordinatione
3225 2167 3607 2240 deprehendit,

1963 2254 2097 2310 dum
2124 2258 2368 2311 rimatur
2383 2272 2637 2327 quoenam
2687 2255 2957 2312 insideret
3008 2264 3154 2326 loca,
3183 2257 3408 2315 incensa
3436 2270 3515 2318 est
3545 2259 3614 2318 ti-

1963 2347 2145 2401 centia
2189 2357 2494 2415 poetarum,
2528 2350 2591 2400 ut
2619 2350 2923 2418 utrumque
2947 2345 3166 2418 pariter
3200 2346 3613 2421 disseminaret,

1960 2439 2013 2492 et
2040 2435 2183 2505 quod
2210 2447 2400 2505 aperto
2438 2436 2581 2501 (arel
2607 2434 2757 2490 alitis
2783 2439 2914 2508 equi
2955 2438 3200 2507 unqula:
3235 2446 3286 2494 el
3317 2439 3460 2511 quod
3499 2454 3613 2511 po-

1960 2531 2068 2592 tus,
2120 2523 2488 2594 inspiratione
2540 2526 2746 2594 laceret
2788 2525 3179 2582 litteraturam.
3238 2526 3339 2593 Qui
3395 2541 3528 2584 vero
3577 2545 3614 2586 a

1959 2615 2377 2683 septentrione,
2423 2613 2597 2670 verbo
2640 2615 2866 2685 vulgari
2910 2618 2969 2670 et
3014 2620 3288 2672 consueto
3337 2614 3606 2675 Montana

1961 2702 2126 2775 nigra
2147 2702 2385 2770 dicitur,
2418 2717 2586 2758 mous
2635 2701 2865 2757 videtur
2895 2703 3131 2776 pinguis
3158 2708 3219 2760 et
3248 2704 3393 2763 uber
3423 2704 3606 2763 souti-

1960 2791 2068 2849 bus
2111 2797 2170 2847 et
2210 2790 2346 2846 rivis
2391 2789 2665 2862 irriguus.
2698 2790 2755 2846 in
2789 2788 2954 2847 silvis
2996 2795 3055 2848 et
3103 2792 3336 2863 pascuis
3385 2792 3606 2851 multas

1959 2879 2085 2936 suis
2136 2879 2557 2937 habitatoribus
2607 2880 2870 2949 proebens
2916 2880 3384 2949 commoditates,
3418 2881 3607 2941 ubist

1958 2968 2167 3045 priscis
2197 2969 2555 3041 temporibus
2578 2968 2763 3026 multa
2791 2969 3109 3027 traduntur
3139 2970 3320 3029 fuisse
3341 2971 3604 3032 virorum

1959 3061 2366 3131 religiosorum
2426 3059 2814 3116 monasteria:
2864 3064 2924 3117 et
2968 3076 3152 3131 usque
3221 3061 3280 3117 iu
3326 3077 3603 3133 prossus,

1879 3124 1924 3193 c
1962 3149 2145 3207 Deum
2177 3150 2506 3207 timentium
2545 3149 2668 3206 loca
2699 3149 2865 3222 plura
2890 3153 3041 3207 fovet
3068 3156 3125 3207 et
3151 3150 3334 3209 nutrit
3364 3166 3604 3210 venera-

1961 3240 2119 3298 bilia.
2170 3239 2275 3297 Per
2319 3241 2575 3296 medium
2606 3245 2801 3297 autem
2833 3240 3013 3312 hujus
3045 3241 3237 3311 vallis,
3266 3240 3505 3310 fluvius,
3532 3243 3604 3302 de

1958 3347 2073 3401 quo
2117 3346 2294 3401 supra
2339 3329 2589 3386 lecimus
2652 3332 3030 3397 mentionem,
3096 3331 3317 3388 fluenta
3365 3331 3604 3391 deducit

1958 3435 2146 3491 nsque
2175 3419 2247 3475 ad
2280 3435 2460 3475 mare.
2490 3418 2552 3475 lu
2582 3436 2716 3476 eum
2749 3429 2938 3477 tamen
2975 3426 3228 3478 montem
3260 3421 3359 3494 qui
3391 3425 3466 3477 ab
3492 3436 3602 3480 au·

1952 3514 2076 3566 stro
2106 3516 2198 3565 est
2230 3509 2410 3576 mauis
2439 3509 2663 3566 vicinus
2679 3516 2737 3566 et
2768 3511 3093 3582 proclivior.
3126 3511 3282 3566 iuter
3312 3519 3598 3579 montem,

1952 3606 2012 3657 et
2041 3598 2278 3657 fluvium
2309 3599 2512 3655 civitas
2550 3599 2864 3656 constituta
2885 3605 2998 3666 est,
3019 3600 3101 3654 ita
3130 3604 3193 3656 ut
3223 3615 3259 3654 a
3295 3599 3602 3658 sublimio·

1952 3692 2115 3746 ribus
2148 3690 2365 3746 montis
2398 3688 2663 3757 partibus
2707 3689 2857 3744 muri
2887 3694 3184 3745 sumentes
3216 3687 3470 3759 initium,
3500 3703 3601 3760 per

1950 3779 2232 3836 devexum
2266 3777 2480 3833 incutis
2523 3793 2711 3849 usque
2741 3779 2810 3832 ad
2844 3777 3062 3834 flumen
3101 3777 3360 3847 deducti,
3409 3776 3596 3834 maxi·

1950 3885 2112 3925 mum
2134 3868 2287 3924 iutra
2305 3883 2366 3924 se
2393 3868 2675 3941 spatium,
2703 3873 2821 3922 tam
2845 3865 2918 3924 de
2941 3867 3153 3922 montis
3171 3862 3394 3923 declivo
3417 3864 3598 3924 latere

1948 3974 2127 4032 quam
2175 3957 2248 4015 de
2298 3956 2489 4030 plano,
2538 3957 2689 4027 quod
2720 3974 2751 4010 a
2785 3957 2981 4014 radice
3024 3957 3240 4013 montis
3284 3971 3473 4031 usque
3518 3955 3593 4015 ad

1947 4050 2187 4106 fluvium
2223 4047 2612 4120 protenditur,
2638 4046 2987 4104 ambientes.
3012 4045 3372 4105 Clauduutur
3391 4053 3591 4108 autem

1945 4140 2100 4196 iufra
2147 4137 2298 4194 muri
2348 4137 2662 4201 ambitum.
2728 4140 2883 4193 mira
2952 4136 3312 4193 celsitudinis
3361 4142 3591 4196 montes

1942 4228 2061 4287 duo
2092 4245 2108 4297 ;
2160 4227 2217 4284 in
2275 4243 2528 4302 quorum
2595 4226 2838 4283 alterius
2902 4226 3138 4292 vertice,
3200 4225 3299 4295 qui
3360 4224 3593 4283 videtur

1944 4318 2311 4384 eminentior,
2345 4318 2523 4373 situm
2553 4323 2643 4372 est
2674 4316 3010 4387 praesidium
3043 4315 3511 4372 munitissimum
3531 4318 3594 4372 et

1942 4405 2373 4479 insuperabile;
2426 4406 2524 4478 qui
2558 4406 2672 4461 duc
2700 4407 2776 4461 ab
2808 4405 3056 4463 invicem
3104 4403 3587 4477 profundissima,

184 4500 438 4566 itinere3
467 4505 525 4553 et
546 4497 728 4554 altera
747 4515 874 4569 quoe
890 4496 1202 4553 Antiochia
1227 4496 1528 4567 proxima3
1561 4498 1652 4550 vix
1672 4497 1745 4550 ab
1763 4511 1828 4551 ea
1860 4507 1908 4570 Ι)
1938 4498 2040 4553 sed
2082 4505 2337 4568 angusta
2365 4504 2716 4568 separantur
2763 4494 2929 4560 valle,
2977 4511 3078 4568 per
3128 4510 3307 4569 quam
3356 4498 3589 4550 torrens

183 4588 539 4646 milliaribus
567 4587 747 4643 distat
784 4587 1006 4651 decem,
1027 4588 1201 4659 juxta
1233 4589 1425 4642 fauces
1454 4586 1689 4641 Orontis
1720 4584 1823 4642 ssu-

181 4679 365 4736 miuis
398 4696 417 4746 3
449 4679 549 4751 qui
581 4677 742 4733 locus
773 4679 941 4735 hodie
981 4676 1187 4733 Portus
1207 4677 1402 4735 Sancti
1432 4677 1716 4732 Simeonis
1736 4675 1824 4732 di·

178 4769 356 4826 citur.
396 4765 543 4821 Fons
569 4772 764 4822 autem
797 4769 1190 4838 supradictus,
1221 4766 1484 4837 Daphnis
1515 4768 1749 4836 dicitur,
1772 4775 1827 4824 et

177 4856 496 4916 Castalius.
536 4856 634 4912 ubi
659 4859 857 4912 fanum
884 4857 1066 4912 fuisse
1084 4857 1303 4911 dicitur
1321 4856 1575 4928 Apollini
1597 4858 1827 4914 dedica·

176 4952 330 5014 tum,
360 4948 511 5017 quod
542 4947 776 5017 gentilis
816 4945 1155 5017 superstitio
1186 4947 1550 5019 frequentare
1577 4963 1824 5004 cousue-

173 5040 362 5101 verat,
395 5040 463 5091 ut
481 5034 617 5093 iude
648 5043 962 5104 reportaret
990 5034 1222 5093 oracula
1242 5045 1300 5092 et
1328 5053 1508 5109 super
1537 5037 1823 5106 ambiguis

172 5124 604 5201 questionibus
634 5141 929 5199 respousa.
951 5127 1134 5193 Quem
1166 5125 1360 5182 locum
1390 5125 1659 5181 Julianus
1679 5128 1825 5199 Apo-

170 5221 352 5284 stata,
375 5218 684 5290 postquam
704 5232 738 5270 a
756 5216 982 5273 Christo
993 5222 1097 5272 eta
1119 5215 1346 5285 pietatis
1358 5215 1623 5272 doctrina
1636 5214 1823 5272 desci-

169 5306 283 5370 vit,
308 5305 450 5363 dum
472 5303 531 5360 in
555 5305 812 5376 partibus
835 5304 1212 5363 Antiochenis
1244 5319 1466 5362 moram
1492 5305 1731 5376 jaceret,
1748 5304 1821 5362 ad

170 5396 386 5457 Persas
418 5394 634 5461 iturus,
666 5404 729 5450 ut
756 5394 1082 5468 Apollinem
1130 5411 1308 5468 super
1334 5410 1402 5452 eo
1434 5397 1580 5452 iacto
1608 5408 1820 5452 cousu-

168 5485 339 5553 leret,
369 5483 567 5540 adibat
593 5488 887 5559 frequens,
908 5486 1232 5541 secuudum
1256 5484 1411 5560 quod
1435 5483 1819 5542 Theodoritus

166 5578 233 5639 in
263 5574 567 5636 tricesimo
590 5574 781 5649 primo
807 5575 1059 5651 capitulo
1086 5574 1419 5649 Tripartit·
1447 5572 1707 5633 historio
1732 5590 1822 5636 as-

1932 4588 2222 4644 demissus
2266 4603 2299 4642 a
2356 4587 2680 4652 montibus,
2737 4585 3078 4653 ingreditur,
3128 4593 3184 4640 et
3231 4584 3433 4639 urbem
3485 4597 3590 4652 per

1936 4677 2187 4734 mediam
2221 4675 2506 4744 defluens,
2545 4677 2761 4732 multas
2790 4676 3013 4731 civibus
3064 4677 3293 4745 praestat
3321 4685 3586 4728 commo-

1936 4765 2166 4822 ditates.
2224 4769 2369 4820 sunt
2429 4773 2702 4834 praterea
2753 4763 2812 4819 in
2862 4764 3064 4819 eadem
3114 4762 3345 4816 civitate
3391 4759 3584 4818 sontes

1937 4855 2251 4923 uounuilli,
2302 4855 2455 4911 iuter
2499 4869 2643 4923 quos
2693 4853 3019 4925 procipuus
3046 4858 3159 4920 est,
3190 4849 3290 4922 qui
3324 4849 3382 4906 iu
3418 4853 3585 4921 porta

1933 4944 2213 5003 Orientali
2244 4951 2353 5010 est,
2385 4960 2511 5014 quai
2542 4942 2756 4998 dicitur
2785 4942 2976 4997 Sancti
3009 4939 3173 4996 Pauli
3196 4960 3211 5005 ς
3235 4939 3338 4996 sed
3365 4950 3422 4999 et
3450 4940 3581 4997 fons

1936 5033 2280 5106 Daphnidis,
2346 5036 2420 5090 ab
2487 5034 2630 5088 urbe
2675 5032 2862 5088 tribus
2911 5040 3011 5087 aut
3056 5036 3315 5105 quatuor
3357 5032 3584 5089 distans

1936 5126 2303 5193 milliaribus,
2382 5122 2651 5179 formulis
2696 5131 2749 5177 et
2798 5125 3147 5194 aqueductu
3202 5119 3583 5179 artificialiter

1933 5216 2258 5272 immissus.
2323 5213 2385 5269 iu
2461 5211 2606 5269 locis
2663 5210 2928 5285 pluribus
2982 5211 3167 5270 multo
3238 5212 3581 5280 argumento

1932 5321 2117 5374 aquas
2149 5303 2446 5361 ministrat
2473 5301 2636 5361 horis
2665 5302 3022 5360 constitutis.
3054 5301 3207 5358 Sunt
3232 5304 3429 5357 autem
3459 5305 3582 5359 tam

1931 5394 2121 5469 quiin
2173 5394 2491 5462 montibus,
2539 5406 2714 5468 quam
2748 5389 2942 5464 quiin
2970 5391 3207 5455 devexo,
3256 5402 3434 5459 quam
3477 5387 3583 5464 qul

1930 5484 1991 5540 iu
2025 5483 2269 5555 planicie
2313 5501 2386 5544 ea
2429 5498 2604 5556 opere
2633 5480 2988 5539 solidissimo
3037 5480 3213 5547 muri,
3244 5478 3411 5538 densi
3440 5478 3576 5555 plu·

1931 5574 2146 5635 rimam
2176 5587 2232 5634 et
2263 5573 2816 5652 proportionabilem
2856 5571 3141 5633 habentes
3176 5570 3575 5634 altitudinem.
