3784 6000
146 217 290 277 ¹269

1149 224 1520 283 EPISTOLAE
1557 223 1645 289 ET
1682 220 2126 287 valLEGtA.
2166 254 2236 267 -
2275 224 2389 281 ΑΝ.
2433 224 2589 283 1184.

3427 229 3568 289 1270

131 343 316 400 nibus
344 347 716 419 appendiciis
739 365 969 409 eorum.
1005 351 1306 408 Decimam
1329 352 1404 408 de
1439 354 1625 409 Domo
1656 352 1788 407 Cre·
1817 349 1863 411 Δ
1900 349 2034 407 tatis
2064 349 2363 415 incursus.
2395 356 2500 408 aut
2522 366 2626 409 eas
2656 367 2691 407 a
2717 352 3027 424 proposito
3055 357 3311 417 revocet,
3346 359 3449 410 aut
3472 371 3564 412 ro-

134 434 342 488 scentii
382 434 454 489 de
498 438 765 493 BriennO.
800 440 1133 495 oratorium
1177 443 1272 497 SS.
1318 439 1552 511 Georgii
1590 442 1647 496 et
1676 440 1788 495 Na·

130 522 270 581 zai-ii
297 522 370 577 de
395 524 539 581 Hillo
560 542 699 583 cum
739 528 1025 584 omnibus
1057 529 1429 601 appendiciis
1458 529 1612 600 ejus.
1647 529 1785 584 Ora·

133 610 350 667 torium
375 612 431 668 S.
461 613 710 671 Andreae
737 616 989 687 apostoli
1017 618 1090 673 de
1120 621 1307 674 Nervo
1332 633 1467 674 cum
1497 616 1783 674 omnibus

132 701 505 772 appendiciis
529 704 677 775 ejus„
703 706 1038 763 oratorium
1069 708 1128 764 S.
1157 707 1348 764 Marioe
1387 707 1461 763 de
1488 707 1625 764 Vico
1644 719 1786 763 cum

130 788 414 845 omnibus
438 792 808 862 appendiciis
839 794 1337 865 ejus.0rat0rium
1368 797 1424 853 S.
1459 795 1684 855 Martini
1709 794 1784 851 de

132 878 359 934 Careuo
388 895 526 937 cum
555 881 838 941 omnibus
862 884 1234 955 appendiciis
1259 884 1409 957 ejus.
1442 884 1784 943 oratorium

134 967 191 1021 S.
227 969 419 1024 Marias
449 974 506 1026 et
524 971 580 1026 S.
608 971 822 1027 Fidelis
852 971 929 1029 de
949 974 1190 1030 Ciserno
1207 990 1347 1031 cum
1366 973 1652 1031 omnibus
1675 989 1785 1045 ap—

132 1055 420 1125 pendiciis
446 1058 596 1127 ejus.
630 1060 968 1117 Oratorium
1001 1063 1056 1119 S.
1088 1062 1385 1119 Ambrosii
1423 1062 1497 1118 de
1526 1062 1783 1121 Palanzo

131 1158 270 1200 cum
291 1145 577 1202 omnibus
598 1149 969 1221 appendiciis
984 1151 1134 1222 ejus.
1159 1151 1429 1209 Oratoria
1451 1152 1506 1208 S.
1520 1150 1714 1209 Mariae
1727 1154 1782 1208 et

133 1233 187 1288 S.
218 1232 534 1291 Alexandri
559 1236 633 1291 de
662 1239 921 1295 Hemena
941 1256 1078 1296 cum
1105 1240 1390 1297 omnibus
1407 1240 1782 1313 appendiciis

130 1337 359 1380 eorum.
415 1325 750 1384 oratorium
790 1329 846 1385 S.
887 1329 1217 1400 Margaritae
1260 1330 1336 1386 de
1382 1331 1596 1389 Melina
1641 1345 1781 1387 cum

127 1409 413 1467 omnibus
454 1415 826 1485 appendiciis
866 1418 1026 1490 ejus;
1072 1424 1287 1475 terram
1322 1419 1399 1476 de
1435 1420 1780 1490 Curticella3

129 1498 425 1558 decimam
452 1502 524 1559 de
553 1519 693 1561 casa
734 1506 976 1563 Ursonis
1005 1507 1079 1563 de
1118 1507 1260 1564 Pino
1291 1513 1348 1564 et
1373 1510 1618 1567 Joannis
1648 1525 1782 1581 pre·

129 1587 351 1661 sbyteri
371 1590 567 1647 fratris
589 1593 640 1664 ej
653 1610 719 1650 us
739 1611 754 1662 ;
784 1594 1083 1653 decimam
1103 1596 1179 1653 de
1197 1613 1345 1655 casa
1365 1598 1511 1655 Petri
1536 1598 1783 1671 presby-

1896 435 2030 501 bur,
2058 438 2223 510 quod
2253 439 2427 502 absit,
2459 455 2650 495 sacrae
2674 436 2977 510 religionis
3003 441 3305 512 infringat.
3340 443 3563 516 Eapro·

1893 533 2043 597 pter,
2074 526 2303 583 dilectas
2326 529 2381 583 in
2415 528 2646 584 Christo
2674 528 2830 593 filias,
2859 529 3067 584 vestris
3084 530 3266 601 justis
3295 531 3559 604 postula·

1895 613 2159 671 tionibus
2190 615 2514 672 clementer
2544 620 2871 673 annuimus
2897 621 2955 672 et
2994 618 3312 689 praet'atum
3347 635 3558 678 mona·

1895 703 2144 760 sterium
2161 706 2392 761 Sanctus
2409 704 2575 760 Juliae
2604 705 2938 772 ltrixiensiS,
2975 705 3034 761 in
3057 722 3178 779 quo
3200 706 3405 763 divino
3420 709 3558 764 estis

1891 790 2186 864 obsequio
2214 793 2592 866 mancipatae,
2627 793 2793 866 quod
2820 792 2896 849 ad
2919 795 3020 866 jus
3048 801 3103 850 et
3132 796 3560 867 proprietatem

1891 880 2053 937 beati
2084 882 2250 946 Petri,
2288 882 2451 939 nullo
2486 884 2809 953 mediante,
2838 883 3129 955 pertinere
3167 885 3557 954 dignoscitur,

1893 968 1974 1027 ad
2002 971 2311 1042 exemplar
2336 973 2852 1044 praedecessorum
2885 978 3228 1030 nostrorum
3260 973 3443 1030 felicis
3473 989 3561 1032 re-

1892 1059 2257 1116 cordationis
2273 1062 2500 1130 Catixti,
2519 1062 2864 1126 lnnocentii,
2883 1063 3128 1133 Eugenii
3146 1066 3557 1120 Romanorum

1891 1148 2268 1221 pontificum,
2304 1151 2418 1206 sub
2447 1151 2603 1207 beati
2646 1151 2790 1206 Petri
2828 1152 3009 1208 tutela
3036 1156 3096 1207 et
3128 1157 3336 1208 nostra
3366 1158 3558 1225 prote·

1891 1236 2086 1293 ctione
2126 1240 2516 1311 suscipimus,
2559 1245 2614 1296 et
2653 1241 2963 1311 praesentis
3004 1241 3209 1312 scripti
3248 1240 3559 1313 privilegio

1891 1326 2381 1394 communimus,
2426 1334 2752 1386 statuentes
2795 1335 2856 1385 ut
2884 1344 3262 1403 quascunque
3302 1329 3552 1402 praedia,

1890 1429 2287 1488 quascunque
2336 1417 2767 1489 possessiones,
2824 1433 3203 1491 quaecunque
3247 1418 3433 1485 bona.
3484 1435 3557 1477 ex

1893 1503 2301 1562 munificentia
2329 1506 2503 1562 bonae
2537 1507 2839 1564 memorias
2872 1511 3045 1563 Ansm
3077 1506 3320 1577 reginae,
3352 1523 3455 1563 seu
3482 1522 3558 1564 ex

1890 1591 2203 1664 largitione
2229 1594 2476 1651 illustris
2495 1595 2798 1653 memoriae
2813 1595 3269 1667 imperatorum,
3288 1596 3394 1669 qui
3420 1600 3557 1670 post

133 1678 236 1733 teri
275 1682 330 1734 et
370 1685 657 1752 nepotum
697 1682 865 1754 ejus3
901 1683 1203 1745 decimam
1234 1686 1308 1744 de
1343 1703 1488 1746 oasa
1520 1686 1782 1745 filiorum
1812 1688 1857 1754 R
1890 1696 2024 1738 eam
2049 1683 2215 1753 regni
2248 1684 2660 1754 gubernacula
2676 1688 3088 1757 susceperunt,
3112 1685 3205 1741 vel
3228 1683 3306 1742 ab
3335 1684 3467 1743 aliis
3492 1686 3558 1742 fi·

132 1766 414 1836 Stephani
441 1770 765 1842 presbyteri
791 1788 805 1839 ;
836 1773 1136 1831 decimam
1165 1774 1424 1833 filiorum
1450 1775 1681 1833 Martini
1705 1776 1781 1839 de

131 1854 455 1914 calcariola
482 1862 539 1914 et
565 1858 921 1918 beneficium
947 1863 1262 1922 custodiae.

203 1946 586 2003 Decernimus
598 1963 761 2018 ergo,
787 1954 852 2006 ut
862 1950 1005 2007 nulli
1017 1952 1265 2009 omnino
1279 1951 1456 2010 liceat
1468 1953 1781 2026 prael'atam

125 2031 444 2091 ecclesiam
485 2040 702 2093 temere
728 2040 1075 2111 perturbare
1099 2045 1205 2097 aut
1235 2043 1647 2114 possessiones
1674 2059 1779 2099 au·

127 2118 297 2187 ferre,
322 2122 415 2179 vel
452 2124 685 2183 ablatas
718 2128 986 2196 retinere,
1028 2129 1298 2187 minuere
1336 2146 1442 2188 seu
1470 2131 1778 2206 aliquibus

125 2210 541 2269 vexationibus
566 2213 849 2286 fatigare;
877 2218 1228 2277 sedillibata
1242 2221 1450 2277 omnia
1462 2227 1519 2276 et
1548 2222 1780 2292 integra

125 2307 570 2370 conserventur,
593 2320 824 2371 eorum,
846 2321 954 2378 pro
976 2323 1238 2381 quorum
1263 2308 1697 2381 gubernatione
1721 2316 1779 2369 et

125 2391 555 2449 sustentatione
566 2408 850 2451 concessa
866 2400 1026 2462 sunt,
1044 2396 1253 2454 usibus
1265 2396 1632 2456 omnimodis
1647 2415 1778 2472 pro-

123 2474 342 2542 futura,
386 2478 556 2537 salva
592 2481 749 2537 sedis
788 2483 1131 2554 apostolicas
1161 2487 1508 2544 auctoritate
1546 2492 1603 2545 et
1627 2486 1779 2546 dioe-

122 2564 321 2621 cesani
361 2568 624 2641 episcopi
656 2573 947 2629 canonica
975 2573 1228 2644 justitia.
1265 2575 1321 2632 Si
1360 2591 1482 2648 qua
1508 2576 1688 2647 igitur
1715 2576 1776 2634 in

121 2650 390 2710 futurum
432 2658 852 2727 ecclesiastica,
890 2663 1266 2721 saecularisve
1312 2681 1573 2738 persona
1614 2666 1775 2723 hanc

120 2747 334 2799 nostrae
399 2749 872 2807 conservationis
937 2753 1223 2824 paginam
1290 2754 1507 2822 sciens,
1565 2759 1776 2813 contra

121 2845 257 2886 eam
303 2837 520 2892 temere
558 2837 760 2894 venire
811 2842 1139 2908 tentaverit,
1201 2844 1472 2900 secundo
1530 2843 1774 2901 tertiove

120 2923 490 2988 commonita,
545 2925 661 2983 nisi
707 2930 1241 3003 praesumptionem
1296 2949 1461 2989 suam
1509 2947 1777 3006 congrua

1890 1769 2129 1826 delibus
2145 1771 2382 1837 collata,
2395 1772 2555 1828 idem
2580 1772 3012 1830 monasterium
3028 1773 3087 1828 in
3102 1773 3555 1846 praesentiarum

1885 1858 2047 1933 juste
2069 1863 2127 1917 et
2152 1861 2440 1918 canonice
2472 1860 2758 1934 possidet,
2792 1866 2896 1919 aut
2924 1861 2985 1917 in
3016 1862 3285 1918 futurum
3306 1877 3555 1920 conces-

1891 1948 2061 2005 sione
2087 1950 2457 2022 pontiflcum,
2490 1949 2803 2021 largitione
2832 1966 3043 2020 regum
3077 1950 3169 2007 vel
3190 1950 3553 2023 principum,

1889 2037 2197 2095 oblatione
2225 2038 2515 2107 fidelium,
2532 2055 2636 2094 seu
2659 2039 2793 2095 aliis
2803 2039 2980 2110 justis
3005 2038 3220 2106 modis,
3236 2044 3555 2113 praestante

1891 2127 2165 2196 Domino,
2185 2129 2400 2200 poterit
2419 2128 2692 2201 adipisci,
2710 2127 2884 2185 firma
2910 2122 3082 2184 vobis
3112 2128 3282 2185 ethis
3304 2145 3440 2201 quoe
3455 2145 3557 2189 vo·

1888 2215 1984 2273 bis
2009 2218 2420 2283 successerint,
2449 2223 2504 2274 et
2529 2218 2755 2275 illibata
2787 2223 3202 2290 permaneant.
3236 2221 3300 2275 In
3330 2218 3553 2292 quibus

1886 2303 2018 2363 haec
2047 2306 2304 2379 propriis
2329 2307 2613 2363 duximus
2645 2305 3039 2380 exprimenda
3064 2306 3377 2364 vocabulis
3411 2325 3425 2361 ε

1962 2395 2333 2453 Sermionem
2350 2412 2490 2454 cum
2501 2395 2740 2453 duabus
2753 2395 3015 2452 ecclesiis
3033 2394 3266 2453 Domini
3281 2395 3550 2455 videlicet

1888 2484 2077 2541 nostri
2108 2483 2428 2541 Salvatoris
2457 2490 2514 2540 et
2548 2484 2742 2542 Sancti
2772 2485 2877 2540 Viti
2912 2485 3225 2556 martyris3
3268 2485 3551 2543 Cervani·

1887 2587 2022 2628 cam
2048 2588 2186 2628 cum
2216 2571 2465 2630 ecclesia
2492 2574 2717 2630 Sanctae
2756 2573 2922 2629 Juliae
2952 2573 3268 2646 martyris3
3297 2572 3551 2632 Nubela-

1884 2660 2038 2718 riam
2050 2677 2189 2717 cum
2209 2660 2457 2719 ecclesia
2476 2661 2676 2719 Sancti
2702 2662 2993 2721 Laurentii
3011 2680 3024 2730 ;
3042 2661 3394 2732 Bereiagum
3412 2677 3552 2720 cum

1883 2749 2125 2807 duabus
2142 2749 2404 2807 ecclesiis
2427 2750 2626 2807 Sancti
2645 2750 2896 2807 Zenonis
2917 2755 2973 2806 et
3005 2750 3203 2808 Sancti
3230 2750 3549 2824 Stephani;

1883 2839 2376 2910 magonenvicum
2396 2856 2534 2896 cum
2549 2838 2798 2896 ecclesia
2814 2840 3009 2897 Sancti
3026 2839 3347 2895 Alexandri
3367 2856 3382 2906 ;
3414 2839 3549 2896 Thi-

1886 2928 2177 2985 molinam
2218 2944 2359 2985 cum
2400 2929 2651 2985 ecclesia
2684 2931 2913 2985 Sauctae
2963 2927 3163 2995 Juliae;
3204 2925 3544 2985 Barbadam

121 3010 526 3070 satisfactione
566 3017 905 3084 correxerit,
935 3022 1243 3091 potestatis
1282 3021 1648 3096 honorisque
1686 3021 1774 3077 di·
1810 3037 1851 3096 C
1882 3017 2547 3076 cumduabusecclesiis
2576 3021 2808 3076 Sanctae
2830 3017 3022 3076 Marioe
3040 3022 3096 3075 et
3124 3020 3357 3075 Sanctae
3375 3020 3403 3073 J
3411 3017 3545 3076 uliae

120 3098 343 3167 gnitate
359 3108 579 3168 careat,
594 3119 879 3179 reamque
892 3121 954 3164 se
974 3105 1177 3165 divino
1185 3110 1205 3179 j
1220 3108 1413 3166 udicio
1432 3111 1684 3168 existere
1697 3110 1774 3167 de

120 3195 463 3258 perpetrata
500 3191 808 3266 iniquitate
845 3202 1173 3265 cognoscat
1201 3202 1261 3254 et
1295 3214 1332 3254 a
1366 3198 1772 3256 sacratissimo

118 3292 368 3349 corpore
410 3285 466 3337 et
500 3284 795 3351 sanguine
844 3284 943 3340 Dei
978 3289 1035 3342 et
1083 3286 1314 3344 Domini
1357 3287 1770 3360 Redemptoris

117 3367 300 3422 nostri
350 3368 487 3425 Jesu
526 3371 734 3428 Christi
772 3372 968 3432 aliena
1004 3373 1111 3430 fiat
1151 3380 1330 3446 atque
1388 3376 1448 3432 in
1504 3380 1771 3435 extremo

115 3458 392 3513 examine
425 3459 643 3517 divinae
681 3461 890 3518 ultioni
923 3463 1252 3535 subjaceat.
1293 3464 1528 3522 Cunctis
1565 3470 1770 3523 autem

116 3544 314 3601 eidem
361 3547 494 3605 loco
526 3564 639 3606 sua
670 3550 809 3621 jura
851 3552 1227 3609 servantibus
1267 3553 1341 3609 sit
1378 3568 1496 3625 pax
1535 3554 1768 3612 Domini

115 3634 298 3689 nostri
322 3634 462 3693 Jesu
491 3637 727 3709 Christi,
765 3644 1065 3711 quatenus
1092 3645 1147 3697 et
1175 3641 1270 3698 hic
1292 3639 1548 3700 fructum
1590 3641 1767 3699 bonas

113 3722 361 3779 actionis
375 3725 707 3798 percipiant
734 3728 967 3801 etapud
984 3730 1312 3786 districtum
1326 3731 1353 3787 J
1361 3730 1592 3788 udicem
1619 3746 1769 3802 prm-

110 3811 235 3867 mia
257 3818 493 3871 aeternae
514 3816 681 3888 pacis
718 3818 1041 3875 inveniant.
1082 3823 1292 3885 Amen,
1321 3834 1521 3886 amen,
1562 3835 1763 3877 amen.

186 3903 398 3959 Datum
429 3906 691 3968 veronoe.
720 3922 826 3979 per
857 3921 1108 3964 manum
1140 3908 1405 3980 lingonis
1434 3908 1671 3977 notarii,
1703 3923 1764 3965 iv

113 3991 248 4044 lctus
260 3993 535 4063 Augusti,
558 3993 881 4054 indictione
902 4012 962 4061 u,
985 3996 1413 4056 incarnationis
1444 3997 1766 4057 Dominicoe

108 4094 268 4133 anno
300 4083 455 4150 1185,
485 4082 865 4154 pontificatus
887 4100 1025 4143 vero
1042 4085 1276 4144 domini
1299 4086 1462 4144 Lucii
1493 4101 1669 4160 papae
1691 4088 1763 4146 111

109 4182 378 4225 annoiu.

855 4281 1006 4340 CLV.

108 4361 545 4421 Parmenonem
566 4365 672 4424 SS.
698 4367 1037 4428 Salvator-is
1060 4375 1111 4426 ct
1142 4370 1321 4427 Juliae
1350 4370 1624 4429 Bn'oeiem
1652 4372 1760 4428 sub
1790 4390 1836 4448 D

174 4441 396 4492 saneeae
409 4437 688 4496 Romanae
702 4439 986 4502 Ecclesia
997 4442 1366 4509 protectione
1375 4458 1509 4500 cum
1522 4444 1644 4500 suis
1659 4443 1756 4501 bo-

177 4506 283 4569 nis,
307 4506 552 4576 juribus
577 4516 632 4565 et
642 4511 1163 4582 jurisdictionibus
1189 4514 1525 4584 confirmat.

621 4597 909 4671 (Veronae,
944 4604 1093 4672 Aug.
1131 4601 1239 4675 18.)

347 4684 705 4757 [ΜΑιιοΑκικι,
739 4687 980 4745 Bullar.
1013 4689 1234 4756 Oasin..
1272 4690 1336 4757 ll,
1365 4691 1515 4764 205]

173 4789 372 4850 Lucius
402 4792 724 4864 episcopus
764 4809 971 4850 servus
1010 4811 1323 4856 servorum
1365 4796 1489 4866 Dei,
1528 4796 1759 4854 dilectis

101 4878 163 4934 in
211 4879 441 4938 Christo
487 4880 728 4940 filiabus
767 4885 992 4942 cunm
1039 4883 1360 4944 abbatissae
1410 4885 1760 4945 monasterii

103 4968 370 5027 SanctoeJ
380 4968 511 5028 uliae
526 4971 919 5046 Brixiensis‚ej
930 4988 1117 5044 usque
1129 4974 1451 5041 sororibus„
1467 4979 1592 5034 tam
1609 4991 1759 5048 prae-

102 5056 368 5114 sentibus
387 5074 578 5134 quam
607 5059 838 5126 futuris,
868 5060 1203 5134 regularem
1229 5062 1411 5124 vitam
1443 5063 1754 5137 professis,

103 5144 164 5202 in
191 5151 572 5218 perpetuum.

174 5234 1056 5311 prudentibusvirginibusquoe
1070 5239 1184 5298 sub
1210 5239 1421 5299 habitu
1433 5240 1754 5313 religionis,

103 5324 370 5377 accensis
384 5322 788 5398 lampadibus,
804 5343 907 5400 per
920 5344 1103 5400 opera
1118 5329 1678 5404 sanctitatisjugiter
1693 5345 1756 5387 se

102 5417 445 5483 praeparant
468 5413 550 5470 ire
569 5415 808 5474 obviam
836 5419 1093 5490 Sponso,
1117 5417 1289 5476 sedes
1309 5418 1640 5491 apostolica
1655 5417 1755 5478 de·

100 5501 205 5561 bet
229 5501 582 5582 proesidium
590 5501 906 5584 impertiri,
932 5521 1007 5566 ne
1021 5505 1175 5572 torto
1192 5506 1512 5590 cinnamoni
1527 5507 1756 5570 temeri-

1882 3112 1940 3163 et
1969 3107 2167 3164 Sancti
2190 3108 2373 3174 Petri;
2417 3107 2812 3164 Monticellum
2852 3123 2992 3163 cum
3022 3108 3275 3164 ecclesia
3306 3108 3541 3165 Sanctoe

1881 3197 2108 3262 Marioe3
2142 3197 2329 3253 voum
2362 3212 2498 3253 cum
2535 3196 2797 3253 ecclesiis
2838 3196 3033 3252 Sancti
3068 3196 3212 3252 Petri
3241 3199 3299 3253 et
3338 3196 3540 3254 Sancti

1885 3285 2175 3342 Laurentii
2192 3301 2206 3351 ;
2230 3286 2617 3342 calvatonem
2633 3301 2774 3341 cum
2785 3284 3049 3341 ecclesiis
3067 3286 3301 3342 Sanctae
3322 3285 3542 3352 Mariae,

1881 3374 2111 3430 Sanctoe
2135 3373 2303 3430 Julioe
2334 3378 2391 3430 et
2428 3375 2623 3431 Sancti
2667 3373 2837 3430 Blasii
2847 3392 2867 3444 ;
2912 3374 3363 3432 scandolariam
3400 3388 3540 3432 cum

1877 3462 2130 3519 ccclesia
2160 3463 2355 3519 Sancti
2395 3461 2723 3528 Michaelis,
2766 3462 3158 3518 cicomariam
3185 3479 3324 3518 cum
3350 3463 3538 3519 eccle-

1877 3549 1968 3605 sia
1994 3552 2225 3607 Sanctae
2254 3550 2442 3606 Mariae
2467 3566 2481 3617 ;
2523 3551 2905 3621 Gosenagum
2948 3564 3088 3605 cum
3113 3549 3365 3606 ecclesia
3392 3550 3540 3607 San·

1875 3639 1950 3696 cti
1975 3639 2233 3708 Martium
2267 3638 2612 3697 miliarinam
2638 3653 2778 3694 cum
2800 3636 3052 3692 ecclesia
3071 3637 3302 3693 Sanctae
3330 3636 3358 3689 J
3366 3635 3535 3709 uliaeg

1878 3728 2213 3786 Sermidam
2239 3744 2378 3784 cum
2405 3726 2659 3783 ecclesia
2698 3726 2899 3783 Sancti
2930 3724 3078 3781 Petri
3116 3724 3177 3782 in
3212 3724 3451 3793 Solado,
3478 3729 3537 3784 et

1875 3817 2169 3890 capellam
2202 3820 2432 3875 Sanctoe
2443 3817 2470 3873 J
2477 3815 2608 3872 uliae
2621 3815 2697 3872 de
2719 3814 3324 3874 Pradellis.Proeterea
3351 3829 3537 3889 quas·

1873 3922 2115 3981 cunque
2136 3905 2286 3964 alias
2311 3911 2528 3978 curtes,
2553 3904 2743 3970 villas,
2767 3904 3030 3969 castella,
3055 3903 3359 3972 ecclesias,
3391 3919 3531 3978 por-

1874 4000 2004 4053 tum
2051 3995 2479 4062 Placentinum,
2517 3999 2575 4050 et
2627 3994 2948 4066 ripaticum
3000 3994 3051 4065 ej
3064 4010 3151 4059 us,
3198 3992 3534 4052 districtum

1873 4099 2181 4142 servorum
2200 4090 2257 4142 et
2283 4082 2611 4141 liberorum
2633 4082 2714 4140 ad
2739 4086 2998 4139 vestrum
3022 4082 3371 4139 coenobium
3397 4096 3530 4155 per·

1872 4174 2212 4241 tinentium,
2240 4178 2298 4231 et
2334 4173 2541 4231 omnia
2569 4172 2648 4229 ad
2679 4171 2838 4230 idem
2880 4171 3311 4229 monasterium
3351 4170 3532 4246 perti-

1869 4264 2076 4322 nentia
2105 4262 2493 4320 nihilominus
2531 4262 2991 4319 confirmamus.
3033 4262 3186 4318 Sane
3219 4260 3530 4318 novalium

1870 4356 2205 4408 vestrorum
2223 4367 2361 4425 quae
2383 4350 2637 4424 propriis
2651 4349 2935 4406 manibus
2957 4348 3419 4423 autsumptibus
3435 4364 3531 4407 co·

1867 4440 1985 4498 litis
1998 4440 2124 4497 sive
2150 4439 2224 4496 de
2249 4438 2628 4497 nutrimentis
2653 4437 3010 4496 animalium
3034 4444 3367 4495 vestrorum
3392 4436 3530 4496 nul-

1866 4530 1965 4587 lus
1993 4545 2030 4587 a
2059 4528 2231 4586 vobis
2256 4528 2523 4586 decimas
2545 4528 2779 4602 exigere
2804 4532 2912 4584 aut
2934 4531 3284 4600 extorquere
3308 4543 3533 4600 praesu-

1869 4623 2013 4675 mat.
2028 4618 2302 4675 Decimas
2315 4618 2495 4674 etiam
2514 4632 2668 4690 quas
2681 4617 2842 4672 idem
2858 4614 3288 4672 monasterium
3317 4630 3354 4672 a
3374 4629 3529 4687 qua-

1868 4705 2697 4779 dragintaannisinconcusse
2720 4703 2988 4777 possedit
3015 4707 3071 4761 et
3100 4704 3160 4760 in
3184 4703 3530 4776 proesentia-

1867 4812 2004 4854 rum
2042 4795 2167 4852 sine
2209 4793 2619 4852 controversia
2651 4792 2938 4867 possidet,
2983 4792 3154 4849 vobis
3184 4797 3240 4849 et
3273 4807 3381 4865 per
3417 4808 3528 4849 vos

1866 4884 2063 4943 eidem
2079 4885 2443 4942 monasterio
2471 4883 2821 4940 auctoritate
2841 4880 3176 4955 apostolica
3205 4880 3526 4940 confirma-

1866 4990 2027 5031 mus.
2057 4973 2339 5031 Proesenti
2366 4987 2611 5047 quoque
2648 4971 2885 5028 decreto
2916 4970 3242 5037 sancimus,
3276 4973 3337 5027 ut
3375 4985 3529 5044 proe·

1866 5062 2095 5119 dictum
2109 5062 2537 5119 monasterium
2552 5060 2895 5133 apostolicis
2910 5059 3067 5117 sedis
3091 5058 3275 5116 tutela
3286 5063 3345 5115 et
3356 5058 3526 5131 regia

1865 5151 2213 5209 defensione
2232 5150 2549 5216 munitum.
2582 5151 2695 5206 sub
2721 5150 2942 5205 nullius
2973 5164 3247 5222 unquam
3272 5147 3521 5206 alterius

1865 5245 2155 5314 potestate
2196 5238 2286 5296 vel
2318 5238 2831 5311 iurisdictionibus
2875 5236 3224 5310 redigatur;
3267 5236 3417 5295 adeo
3455 5241 3524 5294 ut

1863 5329 2121 5405 quisque
2146 5328 2549 5395 sacerdotum,
2581 5326 2694 5383 nisi
2723 5326 2802 5383 ab
2841 5327 3028 5399 ipsius
3065 5325 3177 5383 loci
3211 5325 3525 5385 abbatissa

1865 5417 2041 5477 fuerit
2071 5418 2374 5490 invitatus,
2418 5416 2742 5473 missarum
2778 5414 2861 5473 ibi
2900 5415 3190 5472 solemnia
3218 5413 3521 5474 celebrare

1862 5513 2210 5587 praesumat.
2226 5510 2511 5565 Praeterea
2527 5504 2718 5584 ipsius
2732 5504 2849 5563 loci
2876 5503 3199 5564 abbatissae
3212 5503 3519 5564 licentiam
