3784 6000
85 191 232 251 ¹8⁴5

783 314 1048 373 ccxxiv,

87 421 705 485 Romanimonasterii
715 423 1132 492 protectionem
1142 420 1540 495 suscipimmm
1548 422 1744 478 unita·

166 502 389 568 temque
419 494 738 551 talliarum
748 508 846 550 seu
859 493 1127 551 aliarum
1140 509 1436 551 novarum
1451 502 1505 551 et
1512 492 1740 550 indebi-

167 573 368 625 tarum
405 564 770 623 exactionem
819 566 1158 634 confirmat.

594 655 883 724 (Veronae,
922 654 1086 711 Mart.
1135 652 1250 725 23.)

90 741 299 820 [Mem.
330 750 386 801 et
415 743 659 800 Dorum.
690 741 857 886 (ξειιιιιι
890 741 1203 905 ῗεέέεεὲῗε
1232 742 1295 799 la
1327 741 1528 801 Suissa
1555 741 1746 807 Rom„

171 941 372 996 Lucius
401 937 746 1010 episcopus,
778 952 988 994 servus
1017 952 1328 994 servorum
1365 936 1488 1004 Dei,
1519 936 1748 994 dilectis

96 1028 264 1096 filiis,
295 1025 477 1101 priori
518 1029 578 1083 et.
613 1025 930 1083 conventui
968 1027 1214 1082 Romani
1263 1024 1629 1092 monasterii,
1662 1042 1753 1083 sa·

96 1117 288 1175 lutem
317 1122 373 1173 et
398 1114 790 1187 apostolicam
831 1113 1334 1173 benedictionem.

166 1203 355 1263 Officii
383 1204 572 1261 nostri
604 1219 716 1260 nos
740 1203 1010 1261 hortatur
1031 1203 1360 1263 auctoritas
1384 1218 1493 1277 pro
1521 1201 1756 1273 religio·

102 1309 311 1351 sorum
343 1292 613 1350 locorum
659 1296 818 1348 statu
863 1295 1134 1363 satagere
1162 1297 1220 1349 et
1261 1307 1469 1349 eorum
1519 1292 1652 1364 paci
1699 1295 1757 1349 et

102 1380 516 1457 tranquillitati
568 1381 887 1439 salubriter
922 1381 985 1438 in
1044 1386 1377 1454 posterum,
1430 1381 1756 1442 auxiliante
1786 1437 1794 1444 ,

104 1470 384 1535 Domino,
407 1469 738 1543 providere.
771 1471 1114 1544 Eapropter,
1145 1470 1345 1526 dilecti
1386 1470 1446 1526 iu
1492 1469 1756 1527 Domino

102 1559 232 1626 filii,
260 1557 472 1616 vestris
489 1558 666 1631 justis
679 1557 1187 1632 postulationibus
1214 1564 1385 1632 grato
1403 1574 1755 1617 concurren-

1087 182 1456 247 EPISTOLAE
1493 186 1582 245 ΕΤ
1620 181 2062 245 PRIVILEGIA.
2102 215 2173 231 —
2209 184 2327 242 AN.
2368 182 2526 242 ¹185.

1770 316 1818 368 A
1850 312 2087 386 tuisque
2139 313 2617 377 successoribus,
2645 317 2702 370 et
2742 312 2971 373 illibata
3023 321 3420 390 permaneant
3491 332 3506 383 ;

3376 188 3518 247 ¹³46

1850 400 1907 456 in
1941 400 2167 473 quibus
2189 400 2316 457 haec
2342 401 2599 474 propriis
2617 400 2899 459 duximus
2916 405 3310 477 exprimenda
3334 420 3508 461 voca-

1984 506 2011 544 s
2042 507 2056 545 ε

1850 490 2147 634 bulllooum
2178 579 2373 651 ipsum
2408 577 2467 635 in
2498 594 2620 652 quo
2644 587 2976 638 memorata
3005 582 3256 639 ecclesia
3280 583 3394 638 sita
3424 586 3514 640 est

1853 682 1995 725 cnm
2024 666 2307 723 omnihus
2338 666 2694 738 adjacentiis
2723 676 2780 724 et
2805 671 3174 741 pertinentiis
3202 671 3328 728 suis
3369 687 3385 738 ;
3417 686 3516 728 ec-

1855 755 2099 812 clesiam
2132 755 2329 812 Sancti
2372 756 2592 812 Nicolai
2636 773 2772 813 cum
2828 759 3142 832 adjacente
3197 759 3510 833 parochia,

1856 847 2009 902 sicut
2034 859 2170 900 eam
2183 842 2346 916 juste
2369 850 2424 902 et
2451 847 2578 901 sine
2630 849 3033 904 controversia
3084 849 3430 922 possidetis,
3474 864 3511 906 a

1857 933 1987 991 rivo
2018 932 2499 990 scilicetCorbuli
2535 949 2842 1007 nsque.....
2874 954 3055 1010 super
3106 945 3332 994 Arnum
3374 955 3390 1005 ;
3421 953 3517 994 ec·

1859 1020 2103 1079 alesiam
2132 1020 2332 1078 Sancti
2362 1023 2508 1079 Petri
2536 1023 2709 1093 iuxta
2729 1023 2921 1081 lmam
2951 1042 3087 1082 cum
3112 1032 3277 1085 curte
3298 1032 3353 1084 et
3382 1040 3512 1099 per·

1861 1109 2122 1167 tinentiis
2177 1109 2300 1165 suis
2305 1148 2415 1165 .....
2466 1109 2542 1166 de
2596 1113 2901 1169 musciano
2955 1130 3095 1171 cum
3146 1114 3517 1188 pertinentiis

1862 1198 1987 1255 suis
1991 1235 2125 1256 ......
2150 1196 2610 1255 decimationem
2620 1240 2750 1257 ......
2781 1217 2971 1275 qnam
2997 1203 3230 1261 habetis
3258 1205 3319 1261 in

1861 1287 1939 1345 de
1968 1286 2268 1343 latinnula
2297 1328 2429 1345 ......
2459 1292 2516 1344 et
2536 1304 2696 1345 nunc
2727 1291 2972 1361 pacifice
3004 1293 3352 1364 possidetis;
3379 1313 3518 1357 eam

1863 1376 2040 1435 etiam
2071 1390 2258 1450 qnam
2283 1376 2515 1433 habetis
2543 1378 2602 1433 in
2629 1377 2804 1451 plebe
2830 1381 3031 1437 Sancti
3062 1381 3213 1439 Petri
3219 1424 3329 1442 .....
3364 1391 3426 1443 to
3456 1387 3519 1446 in

1865 1464 2156 1523 territorio
2188 1463 2379 1536 plebis
2410 1467 2642 1524 Sanctae
2673 1467 2867 1524 Marini
2915 1468 2992 1525 de
3044 1471 3240 1528 Pineta
3282 1489 3296 1539 ;
3329 1476 3520 1533 eccle—

1865 1555 2019 1611 siam
2051 1555 2283 1611 Sancta!
2306 1554 2497 1611 Marioe
2523 1554 2599 1612 de
2628 1555 2846 1621 Quinto
2873 1572 3013 1614 cum
3043 1565 3209 1616 curte
3249 1568 3309 1618 et
3347 1565 3523 1637 perti-

105 1653 195 1707 tes
213 1664 489 1720 assensu,
511 1647 856 1705 coenobinm
877 1652 1140 1706 vestrum
1161 1664 1301 1706 cum
1323 1648 1758 1721 omnibusque
1789 1652 1832 1708 Β
1868 1644 2082 1700 nentiis
2108 1643 2256 1707 suis,
2283 1641 2746 1700 decimationem
2775 1659 2963 1716 quam
2991 1647 3226 1705 habetis
3252 1651 3313 1707 in
3346 1652 3522 1726 plebe

107 1737 172 1796 in
202 1737 657 1811 pressentiarum
686 1735 1118 1794 rationabiliter
1139 1736 1430 1810 possidet,
1459 1736 1551 1794 vel
1582 1737 1641 1793 in
1670 1737 1762 1793 tu-

108 1832 315 1885 turum
366 1826 546 1898 ,iustis
592 1825 810 1893 modis,
863 1831 1181 1899 praestante
1233 1827 1502 1894 Domino,
1547 1827 1763 1899 poterit

106 1915 378 1990 adipisci.
414 1915 528 1972 sub
545 1915 703 1972 beati
731 1915 878 1972 Petri
904 1919 961 1971 et
1003 1920 1209 1972 nostra
1255 1915 1619 1989 protectione
1667 1932 1764 1972 su·

111 2006 402 2081 scipimus
425 2010 483 2062 et
501 2005 810 2077 presentis
835 2004 1033 2077 scripti
1066 2003 1400 2077 patrocinio
1429 2005 1764 2061 communi·

115 2111 275 2160 mus,
289 2093 962 2151 districtiusinhibentes
985 2109 1060 2150 ne
1092 2092 1240 2150 tales
1261 2109 1368 2150 seu
1398 2092 1552 2153 alias
1575 2108 1762 2152 novas

113 2191 171 2243 et
201 2182 501 2241 indebitas
523 2181 864 2239 exactiones
886 2182 1338 2256 archiepiscopi,
1365 2182 1652 2255 episcopi,
1676 2198 1764 2240 ar-

114 2271 452 2330 chidiaconi
474 2270 566 2327 vel
583 2270 715 2327 alioe
737 2269 1015 2343 quaslibet
1033 2271 1453 2329 ecclesiasticoe
1470 2285 1762 2344 personoe,

116 2377 156 2420 a
170 2360 344 2418 vobis
366 2359 457 2417 vel
471 2375 507 2417 a
523 2359 882 2434 presbyteris
896 2359 1104 2415 vestris
1120 2364 1330 2417 contra
1352 2359 1764 2417 Lateranensis

116 2454 335 2509 statuta
383 2446 617 2506 concilii
676 2446 917 2504 ulterius
964 2452 1318 2520 extorquere
1378 2453 1763 2522 praesumant.

113 2538 267 2598 Nulli
286 2553 429 2609 ergo
458 2536 709 2595 omnino
739 2535 1055 2593 hominum
1093 2535 1275 2593 liceat
1299 2537 1458 2594 hanc
1480 2537 1767 2609 paginam

117 2633 340 2686 nostrie
368 2624 758 2700 protectionis
789 2629 847 2683 et
873 2625 1313 2683 constitutionis
1337 2625 1660 2697 infringere
1677 2622 1770 2683 vel

118 2716 174 2775 ei
199 2732 355 2774 ausu
400 2715 719 2772 temerario
759 2714 1076 2771 contraire.
1112 2713 1168 2770 Si
1219 2715 1357 2787 quis
1409 2720 1612 2772 autem
1655 2714 1770 2772 hoc

121 2809 412 2865 attentare
437 2803 888 2878 praesumpserit
916 2802 1326 2875 indignatione
1345 2803 1771 2876 omnipotentis

119 2895 223 2951 Dei
253 2898 308 2951 et
329 2893 644 2950 beatorum
669 2891 815 2949 Petri
843 2898 902 2949 et
927 2890 1089 2950 Pauli
1116 2892 1533 2965 apostolorum
1553 2892 1680 2966 ejus
1709 2907 1772 2950 se

121 2982 356 3042 noverit
380 2982 783 3039 incursurum.

201 3075 413 3129 Datum
428 3071 698 3138 Verona,
728 3086 769 3128 x
793 3068 1094 3128 Kalendas
1127 3070 1364 3142 Aprilis.

829 3177 1065 3233 CCXXV.

125 3266 521 3339 Privileqium
547 3280 661 3336 pro
687 3263 1130 3392 monaert'cgoms.
1160 3263 1427 3322 Miniatis
1441 3266 1633 3336 juxta
1651 3264 1778 3322 Flo-

705 3426 996 3493 (Veronas‚
1023 3424 1214 3497 Mart.)

485 3514 734 3589 [Amal.
769 3512 1130 3581 camaldul„
1155 3515 1246 3581 lv,
1280 3511 1427 3587 ¹26]

198 3605 393 3663 Lucius
422 3604 765 3678 episcopus.
800 3618 1011 3658 servus
1045 3617 1358 3659 servorum
1400 3601 1523 3670 Dei,
1553 3601 1782 3660 dilectis

125 3693 266 3750 filiis
293 3697 552 3749 Ausa-ro
582 3691 780 3749 Sancti
803 3690 1054 3748 miniatis
1073 3690 1326 3765 ejusque
1353 3689 1634 3748 tratribus
1659 3696 1781 3748 tam

124 3779 531 3855 proesentibus
550 3795 736 3852 quam
757 3778 968 3835 futuris
988 3777 1326 3850 regularem
1351 3777 1536 3836 vitam
1561 3777 1786 3852 prote·-

128 3872 234 3938 εἰς,
271 3870 332 3926 in
366 3872 744 3941 perpetuum.

201 3960 562 4030 Religiosam
595 3958 778 4016 vitam
812 3955 1167 4028 eligentibus
1212 3955 1610 4030 apostolicum
1647 3972 1787 4014 con·

128 4049 292 4107 venit
315 4047 532 4105 adesse
561 4046 927 4119 prassidium.
949 4062 1024 4103 ne
1054 4046 1202 4104 forte
1221 4046 1539 4119 cujuslibet
1560 4047 1785 4104 temeri·

133 4139 270 4196 tatis
293 4137 565 4193 incursus
592 4142 695 4191 aut
720 4151 823 4192 eos
853 4151 889 4192 a
911 4134 1222 4208 proposito
1251 4140 1509 4202 revocet,
1544 4140 1651 4193 aut
1692 4150 1791 4193 ro-

133 4228 270 4292 bur,
301 4225 468 4300 quod
492 4222 649 4281 absit
679 4224 692 4279 l
717 4239 903 4282 sacrae
919 4222 1219 4294 religionis
1243 4224 1549 4295 infringat.
1573 4225 1791 4296 Eapro-

1870 1732 2070 1790 Sancti
2092 1730 2320 1789 Hartini
2349 1731 2426 1788 de
2448 1733 2623 1788 Sexto
2653 1747 2671 1799 ;
2716 1733 3032 1792 ecelesiam
3073 1738 3304 1796 Sanctoe
3330 1742 3525 1800 Harioe

1868 1819 1945 1876 de
1965 1819 2190 1877 Novule
2217 1833 2359 1875 cum
2386 1827 2549 1876 curte
2575 1825 2631 1876 et
2661 1821 3029 1894 pertinentiis
3055 1827 3177 1882 suis
3201 1846 3220 1900 3
3254 1827 3515 1888 decima·

1869 1909 2094 1967 tionem
2111 1924 2298 1983 quam
2317 1908 2553 1965 habetis
2575 1909 2635 1965 in
2659 1915 2778 1967 toto
2809 1910 3049 1984 plebatu
3077 1916 3276 1972 Sancti
3289 1918 3523 1976 Martini

1869 1997 1946 2056 de
1975 1995 2202 2056 corella
2229 2012 2369 2054 cum
2398 2003 2565 2054 curte
2584 1999 2937 2056 etomnibus
2948 2002 3448 2063 decimationibus
3468 2012 3528 2065 et

1871 2085 2243 2162 pertinentiis
2289 2085 2449 2152 suis;
2478 2085 2792 2145 ecclesiam
2836 2089 3066 2147 sanctas
3108 2093 3303 2150 uerita
3331 2095 3408 2152 de
3437 2095 3530 2153 Al-

1869 2177 2059 2233 buino
2086 2191 2223 2232 cum
2247 2175 2619 2249 pertinentiis
2647 2177 2770 2235 suis
2794 2194 2810 2245 ;
2834 2179 3154 2238 eeclesiam
3189 2185 3390 2242 Sancti
3415 2187 3532 2243 Do·

1872 2266 1997 2322 nati
2021 2265 2082 2321 in
2106 2264 2290 2337 plano
2322 2266 2587 2339 major03
2627 2272 2895 2324 castrum
2925 2270 3343 2330 Montis-Acuti
3382 2289 3524 2332 cum

1872 2353 2123 2412 ecclesia
2163 2359 2219 2410 et
2269 2355 2636 2427 pertinentiis
2673 2357 2797 2412 suis
2823 2375 2837 2426 ;
2862 2363 3124 2415 castrum
3176 2361 3530 2420 Montis-alti

1873 2458 2015 2501 cum
2044 2441 2317 2509 ecclesia,
2348 2448 2512 2499 curte
2546 2449 2602 2501 et
2639 2445 3008 2519 pertinentiis
3049 2451 3173 2505 suis
3193 2468 3212 2523 3
3248 2457 3530 2525 patrona-

1877 2536 2005 2591 tum
2034 2546 2217 2604 quem
2242 2530 2477 2589 habetis
2518 2532 2579 2588 in
2622 2532 2873 2592 ecclesia
2921 2537 3121 2594 Sancti
3163 2540 3412 2597 Andreas
3455 2540 3532 2598 de

1880 2622 2092 2677 Doccia
2117 2637 2135 2688 ;
2168 2621 2622 2694 possessionem
2649 2621 2725 2678 de
2742 2623 2950 2695 Campi
2983 2648 2995 2691 ς
3020 2625 3322 2685 decimam
3345 2645 3533 2703 qnam

1877 2708 2115 2767 habetis
2143 2711 2204 2765 in
2230 2709 2473 2782 plebatu
2491 2711 2689 2767 Sancti
2709 2712 2991 2785 Stephani
3016 2715 3091 2771 de
3113 2721 3253 2774 Cam
3262 2719 3321 2790 pi
3341 2737 3360 2789 3
3378 2718 3540 2777 deci·

1878 2814 2047 2856 mam
2079 2814 2264 2871 qnam
2289 2798 2603 2855 habetisin
2635 2800 2808 2873 plebe
2837 2800 2911 2857 de
2951 2804 3186 2876 Empnli
3214 2822 3229 2873 ;
3262 2806 3534 2865 decimas

1879 2888 1956 2945 de
2009 2893 2213 2945 monte
2260 2887 2461 2945 Crucis
2491 2893 2549 2945 et
2598 2890 2674 2945 de
2726 2896 2929 2947 monte
2981 2893 3194 2961 Fesuli,
3217 2895 3530 2953 ecclesiam

1804 3004 1846 3062 c
1883 2976 2086 3034 Sancti
2116 2975 2352 3035 Petride
2377 2977 2625 3035 Camilia
2645 2992 2784 3036 cum
2808 2981 3174 3054 pertinentiis
3201 2984 3324 3041 suis
3354 3003 3370 3055 ς
3398 2999 3534 3043 om·

1885 3081 2026 3123 nem
2049 3065 2511 3125 decimationem
2539 3082 2726 3141 quam
2752 3069 2984 3126 habetis
3014 3072 3071 3128 in
3108 3072 3296 3145 podio
3337 3076 3539 3133 Sancti

1885 3154 2136 3211 liniatis
2160 3156 2300 3211 etin
2338 3154 2513 3228 plebe
2540 3157 2772 3214 Sanctae
2804 3159 3131 3231 Reparatae,
3154 3164 3307 3220 sicut
3337 3164 3537 3221 hacte-

1884 3258 2004 3299 nus
2025 3259 2162 3301 eam
2200 3245 2487 3301 canonice
2517 3246 2804 3313 tenuistis,
2833 3254 2890 3305 et
2923 3265 3084 3307 nnnc
3131 3251 3258 3308 sine
3300 3258 3539 3311 contro-

1888 3333 2086 3390 versia
2109 3331 2452 3404 possidetis.
2480 3333 2677 3391 Liceat
2708 3336 2877 3393 vobis
2905 3352 3149 3412 quoqne
3201 3339 3448 3398 clericos
3490 3347 3550 3398 et

1886 3422 2076 3479 laicos
2083 3459 2191 3477 .....
2228 3420 2449 3478 liberos
2503 3426 2563 3477 et
2612 3422 2920 3480 absolutos
2962 3427 3042 3483 ad
3091 3430 3547 3488 conversionem

1887 3510 2178 3583 recipere,
2205 3515 2266 3566 et.
2288 3524 2391 3568 eos
2422 3511 2551 3566 sine
2584 3510 3054 3571 contradictione
3091 3517 3364 3574 retinere.
3396 3520 3546 3575 Cum

1889 3602 2094 3658 autem
2121 3598 2397 3669 generale
2424 3598 2807 3657 interdictum
2835 3607 3002 3659 terrai
3032 3602 3207 3661 fuerit
3242 3604 3420 3664 liceat
3445 3619 3548 3662 vo-

1889 3689 1986 3746 bis
2008 3702 2130 3744 non
2161 3687 2409 3760 pulsatis
2437 3690 2771 3762 campanis,
2799 3689 3017 3747 clausis
3040 3692 3264 3763 ianuis,
3285 3693 3549 3751 exclusis
3583 3719 3598 3738 ·

1891 3776 3175 3854 excommunicatisetinterdictis,suppressa
3188 3781 3553 3839 vocedivina

1891 3865 2093 3925 officia
2106 3866 2427 3923 celebrare.
2452 3868 2743 3939 antiquas
2756 3875 2815 3924 et
2825 3869 3209 3927 rationabiles
3231 3878 3553 3929 consuetu·

1893 3955 2069 4013 dines
2098 3955 2362 4013 ecclesias
2393 3963 2600 4012 vestrae
2632 3958 2915 4029 usquead
2939 3960 3260 4030 proesentia
3280 3965 3552 4033 tempora

1895 4046 2246 4103 observatas
2269 4048 2326 4101 et
2348 4045 2614 4102 decimas
2638 4061 2793 4118 quas
2836 4061 2872 4102 a
2910 4046 3316 4120 quadraginta
3375 4048 3554 4105 annis

1901 4149 2093 4208 usque
2118 4147 2279 4190 nunc
2328 4132 2574 4206 pacifice
2623 4134 2965 4206 possidetis,
2990 4135 3159 4192 vobis
3205 4137 3555 4195 auctoritate

1900 4222 2233 4294 apostolica
2252 4222 2532 4279 roborem
2541 4239 2610 4278 us
2623 4227 2679 4280 et
2694 4223 3048 4282 confirmem
3059 4242 3149 4282 us.
3175 4227 3554 4300 sepulturam

134 4321 287 4391 pter,
313 4313 511 4371 dilecti
541 4313 602 4369 in
633 4313 883 4369 Domino
913 4313 1034 4380 filii,
1065 4313 1278 4371 vestris
1303 4312 1482 4385 justis
1527 4312 1789 4386 postula·
1826 4354 1870 4409 Β
1898 4327 2043 4370 vero
2068 4312 2259 4386 ipsius
2279 4310 2659 4369 lociliberam
2677 4328 2808 4370 esse
2827 4316 3239 4383 concedimus,
3261 4322 3555 4374 uteorum

136 4402 404 4463 tionibus
429 4402 751 4460 clementer
777 4403 1126 4469 annuimus,
1151 4407 1211 4461 et
1232 4401 1545 4472 abbatiam
1592 4402 1793 4459 Sancti
1901 4401 2223 4467 devotioni,
2249 4400 2553 4474 quiscillic
2583 4404 2814 4476 sepeliri
2831 4404 3357 4475 deliberavenrint,
3380 4412 3438 4464 et
3453 4421 3558 4464 ex·

139 4491 492 4556 miniatis,in
516 4505 640 4563 quo
652 4488 857 4547 divino
872 4490 1195 4563 mancipati
1209 4490 1348 4547 estis
1361 4489 1655 4564 obsequio
1678 4490 1792 4547 sub

142 4580 303 4640 beati
358 4579 508 4636 Petri
559 4583 617 4635 et
659 4584 863 4636 nostra
906 4580 1272 4650 protectione
1319 4578 1699 4652 suscipimus,
1738 4584 1795 4638 et

144 4668 456 4744 praesentis
515 4665 717 4738 scripti
769 4666 1080 4739 privilegio
1148 4667 1454 4724 communi
1503 4681 1520 4733 ;
1580 4666 1795 4738 impri-

144 4759 260 4818 mis
289 4756 588 4831 siquidem
614 4759 962 4823 statuentes,
995 4758 1060 4811 ut.
1083 4754 1234 4812 ordo
1270 4753 1664 4822 monasticus,
1691 4751 1796 4827 qdi

144 4847 480 4907 seeundum
513 4847 697 4901 Deum
726 4849 784 4901 et
805 4844 964 4902 beati
980 4843 1284 4902 Benedicti
1302 4842 1590 4915 Regulam
1615 4843 1678 4900 in
1702 4859 1799 4901 eo·

144 4937 429 4997 demloco
444 4934 748 4992 institutus
768 4948 897 4990 esse
918 4932 1307 5005 dignoscitur,
1321 4931 1628 5007 perpetuis
1649 4932 1710 4989 in
1725 4949 1799 4992 eo

145 5022 939 5099 temporibusinviolabiliter
951 5022 1802 5095 observetur.Praetereaquas·

146 5130 383 5188 cunque
410 5115 843 5188 possessiones,
875 5126 1255 5186 quascunque
1272 5110 1438 5168 bona
1457 5112 1803 5184 impraesen-

149 5204 364 5261 tiarum
400 5202 560 5275 juste
617 5207 675 5259 et
733 5200 1022 5259 canonice
1080 5198 1366 5272 possidet,
1396 5203 1504 5256 aut
1551 5200 1613 5256 in
1647 5198 1805 5257 tutu-

147 5308 285 5350 rum
314 5291 702 5348 concessione
732 5288 1105 5364 pontificum,
1132 5287 1444 5359 largitione
1477 5302 1691 5359 regum
1710 5287 1804 5347 vel

148 5379 514 5455 principum,
535 5377 839 5437 oblatione
865 5377 1159 5438 fidelium.
1191 5392 1300 5435 seu
1327 5376 1459 5435 aliis
1481 5377 1662 5451 iustis
1682 5393 1808 5436 mo·

151 5470 268 5540 dis,
313 5466 433 5527 Deo
476 5472 816 5542 praestante,
861 5470 1077 5544 poterit
1129 5466 1406 5543 adipisci,
1453 5466 1632 5527 firma
1676 5467 1802 5537 tibi,

1905 4495 2107 4549 tremae
2133 4488 2444 4559 voluntati,
2473 4491 2588 4547 nisi
2613 4494 3121 4549 excommunicati
3145 4493 3233 4551 vel
3259 4494 3560 4552 interdicti

1904 4580 2042 4645 sint,
2081 4578 2277 4636 nullus
2310 4579 2580 4644 obsistat,
2613 4580 2780 4637 salva
2803 4587 3003 4637 tamen
3044 4583 3279 4654 justitia
3322 4582 3560 4639 illarum

1904 4668 2294 4725 ecclesiarum
2325 4683 2362 4724 a
2399 4668 2620 4740 quibus
2668 4674 3039 4728 mortuorum
3098 4685 3351 4743 corpora
3390 4685 3560 4728 assu·

1908 4760 2174 4812 mnntur.

1980 4845 2365 4901 Decernimns
2384 4859 2527 4915 ergo
2542 4848 2606 4901 ut
2619 4843 2763 4901 nulli
2783 4848 3034 4903 omnino
3047 4847 3360 4906 hominum
3386 4847 3564 4905 liceat

1909 4931 2225 5006 proetatnm
2244 4933 2675 4990 monasterium
2688 4936 2911 4991 temere
2924 4935 3293 5007 perturbare,
3316 4941 3420 4993 aut
3436 4934 3488 5007 ej
3497 4950 3568 4991 us

1911 5020 2321 5093 possessiones
2345 5021 2599 5087 auterre,
2618 5019 2713 5078 vel
2726 5019 2961 5080 ablatas
2979 5022 3255 5092 retinere,
3274 5026 3566 5092 minuere,

1915 5125 2019 5167 seu
2050 5109 2420 5182 quibuslibet
2451 5111 2866 5168 vexationibus
2903 5111 3171 5183 fatigare,
3201 5113 3305 5171 sed
3359 5113 3568 5170 omnia

1914 5198 2146 5270 integra
2169 5204 2599 5256 conserventur
2624 5215 2857 5266 eorum,
2886 5215 2995 5273 pro
3046 5216 3310 5274 quornm
3354 5199 3573 5274 gnber-

1915 5287 2157 5345 natione
2168 5303 2240 5345 ac
2256 5294 2458 5344 susten
2466 5290 2687 5348 tatione
2703 5303 2994 5347 concessa
3006 5295 3144 5347 sunt
3155 5291 3367 5348 usibus
3379 5289 3568 5348 omni-

1915 5377 2116 5435 modis
2146 5376 2479 5451 protutura,
2509 5377 2681 5436 salva
2720 5378 2880 5436 sedis
2933 5380 3280 5452 apostolico
3315 5379 3573 5438 auctori·

1916 5468 2039 5526 tate
2080 5469 2140 5525 et
2191 5466 2520 5527 dioecesani
2565 5466 2835 5543 episcopi
2892 5468 3186 5527 canonica
3224 5469 3478 5544 justitia.
3512 5467 3575 5530 Si
