3784 6000
540 231 725 289 HIST.
766 232 1025 291 RERUM
1063 233 1555 292 TRANSMARIN.
1594 262 1665 277 —
1702 231 1840 291 LIB.
1881 235 2055 291 xxn.
2096 232 2505 294 BALDUINUS
2544 236 2621 295 1v
2661 236 2827 294 REX.

3255 232 3365 295 858

137 371 248 413 onc
277 356 445 426 regni
496 358 722 413 aditum
756 359 807 414 ei
856 358 1187 416 inconsulte
1217 359 1395 415 nimis
1425 359 1601 415 inter·
1632 358 1679 414 A
1711 374 2099 431 praesumens,
2127 365 2184 418 et
2239 361 2480 419 viribus.
2538 364 2606 419 Et
2649 361 2937 436 quoniam
2996 360 3159 435 apud
3223 377 3361 419 eum

147 447 275 512 Quo
301 445 476 511 lactc,
506 463 731 516 comeS‚
761 447 853 502 cui
888 455 1099 520 praeter
1130 449 1407 505 meritum
1436 454 1599 505 tanta

137 541 209 590 ita
229 541 352 591 erat
378 535 614 607 injuria,
645 536 931 592 confusus
977 543 1032 593 et
1065 539 1227 609 justa
1273 554 1596 594 succensus

137 624 373 690 tatione,
406 624 700 680 desistens
734 642 769 682 a
795 627 1126 699 proposito,
1189 628 1320 683 licet
1349 627 1592 693 invitus,

137 712 290 768 tibus
346 713 678 770 innumeris
739 714 909 771 factis
961 716 1263 788 inutiliter,
1314 715 1595 789 Tripolim

137 819 219 858 ius
245 808 349 858 est.
389 805 519 858 Erat
547 810 749 860 autem
785 805 1205 876 praedictorum
1244 822 1315 863 ea
1350 806 1594 863 intentio

137 896 354 955 torum.
379 897 461 958 ut,
490 892 736 948 absente
765 894 1006 962 comite,
1035 895 1137 967 qui
1166 895 1595 951 virindustrius

137 987 175 1037 et
205 981 501 1038 adomnia
518 982 1004 1054 circumspectus,
1037 984 1147 1057 ipsi
1177 985 1341 1055 regia
1359 985 1596 1054 negotia

137 1086 262 1127 >ero
304 1076 623 1127 tractarent
649 1071 891 1128 arbitrio
922 1077 980 1128 et
1008 1072 1163 1143 regis
1195 1073 1596 1130 infirmitatem

138 1175 224 1214 im
255 1158 552 1215 traherent
580 1161 1026 1232 compendium.
1058 1160 1211 1217 lnter
1239 1178 1394 1235 quos
1443 1160 1599 1231 regis

139 1286 155 1312 ,
171 1248 385 1304 mulier
400 1246 571 1319 plane
603 1249 723 1304 Deo
736 1249 998 1315 odibilis,
1019 1255 1075 1306 et
1102 1250 1162 1305 in
1185 1250 1598 1323 extorquendo

141 1341 284 1392 tuna
317 1354 331 1403 ;
364 1344 420 1392 et
450 1336 718 1407 eJ'usdem
749 1338 943 1404 frater,
972 1339 1170 1410 regius
1195 1338 1594 1405 senescalcus,

137 1425 315 1481 »aucis
340 1441 550 1481 eorum
571 1426 950 1498 sequacibus,
979 1427 1120 1482 viris
1145 1427 1364 1500 impiis,
1392 1442 1596 1498 regem

137 1531 163 1570 c
196 1514 531 1586 protervius
566 1515 972 1586 impellebant.
994 1517 1156 1583 Quod
1186 1517 1410 1573 factum
1431 1521 1594 1588 post·

159 1605 324 1673 regni
353 1604 1233 1676 principibusinnotuit,eorum
1259 1607 1591 1679 quisensus

1707 448 2571 521 optimebabebantur,eterga
2601 467 2704 508 eos
2736 451 2984 524 profusa
3011 451 3362 509 liberalitate

1708 537 2086 603 abundabat,
2110 555 2179 594 ex
2212 540 2374 595 omni
2396 540 2560 607 orbe,
2578 541 2652 596 ad
2680 557 2843 606 eum,
2873 542 3049 614 quasi
3081 541 3156 598 ad
3184 541 3363 598 bene·

1705 625 1991 682 factorem
2019 629 2416 701 praecipuum,
2450 635 2570 686 tam
2597 630 2826 687 nobiles
2850 647 3031 704 quam
3064 629 3361 701 ignobiles

1706 715 2141 773 concurrebant
2172 719 2463 775 certatim.
2499 721 2762 785 Quorum
2794 719 3174 790 exigentibus
3189 719 3362 776 obse·

1704 805 1859 877 quiis
1887 806 2077 875 magis
2109 811 2164 862 et
2194 807 2383 880 magis
2433 808 2493 863 in
2545 814 2884 864 nostrorum
2918 807 3363 865 accendebatur

1704 909 1996 959 amore-m,
2021 901 2080 951 et
2102 912 2314 953 omnes
2346 898 2607 970 amplius
2630 899 2685 953 in
2719 901 2939 954 statum
2973 897 3363 970 promovebat

1705 981 2033 1038 meliorem.
2064 984 2227 1040 Unde
2241 986 2579 1041 Graecorum
2609 985 2857 1053 nobiles,
2878 985 3199 1041 etmaxime
3229 985 3361 1057 ejus

1708 1072 2166 1142 consanguinei,
2186 1073 2291 1129 sed
2318 1079 2375 1130 et
2398 1074 2663 1147 reliquus
2697 1074 2954 1147 populus
2970 1074 3176 1131 odium
3200 1074 3359 1130 insa·

1710 1158 1908 1216 tiabile
1933 1161 2221 1217 adversus
2278 1165 2511 1219 nostros
2559 1167 2955 1236 conceperant
2993 1180 3007 1230 ;
3040 1163 3361 1219 accedente

1708 1249 1879 1305 etiam
1897 1249 1971 1305 ad
1988 1249 2416 1321 indignationis
2429 1252 2803 1317 cumulum,et
2818 1251 3090 1308 odiorum
3103 1250 3352 1308 fomitem

1708 1343 1766 1393 et
1793 1338 2157 1395 incentivum
2208 1339 2601 1410 ministrante,
2647 1345 3164 1397 sacramentorum
3207 1338 3362 1395 inter

1708 1441 1818 1483 nos
1848 1433 1907 1483 et
1936 1442 2039 1484 eos
2067 1427 2423 1485 differentia.
2451 1432 2813 1499 Arrogantes
2837 1429 2997 1486 enim
3021 1446 3087 1484 su
3098 1444 3205 1502 pra
3237 1442 3363 1485 mo·

1705 1514 1876 1586 dum,
1907 1522 1964 1573 et
1987 1533 2024 1572 a
2062 1519 2333 1574 Romana
2365 1519 2619 1575 Ecclesia
2641 1535 2747 1591 per
2769 1519 3152 1576 insolentiam
3186 1531 3365 1588 sepa·

1703 1605 1835 1671 rati,
1867 1604 2209 1662 haereticum
2232 1623 2476 1663 omnem
2506 1624 2639 1663 eum
2671 1614 2967 1681 reputant,
2999 1608 3103 1681 qui
3146 1621 3356 1664 eorum

137 1690 1109 1761 .habebantexercitatos,maxime
1123 1695 1306 1751 corda
1322 1695 1595 1752 molesta-
1626 1713 1672 1770 Β
1705 1694 1946 1752 frivolas
1972 1712 2091 1751 non
2121 1698 2388 1770 sequitur
2423 1697 2766 1755 traditiones
2798 1715 2814 1763 ;
2848 1713 2986 1753 cum
3022 1697 3138 1770 ipsi
3158 1695 3351 1767 magis

137 1781 377 1838 mebant
427 1783 586 1838 enim
637 1798 700 1838 ne
743 1784 890 1839 tanti
946 1784 1231 1856 principis
1263 1785 1592 1857 patrocinio

138 1887 197 1926 m
227 1871 573 1927 destitutum
601 1872 659 1927 in
680 1887 943 1945 proeceps
971 1878 1185 1940 rueret,
1214 1879 1269 1929 et
1294 1874 1461 1945 juxta
1485 1873 1594 1930 Do—

137 1958 1589 2033 erbum,inseipsumdivisumdesolaretur(Mattlt.

137 2056 149 2115 t
182 2064 196 2115 ;
221 2048 603 2122 maximeque
625 2066 761 2106 cum
779 2066 900 2116 rex,
922 2050 1318 2107 invalescente
1338 2051 1592 2121 singulis

137 2155 152 2192 t
178 2138 550 2208 aegritudine,
584 2138 947 2196 reddebatur
970 2139 1374 2212 impotentior,
1430 2146 1487 2196 et
1513 2139 1592 2197 ad

137 2227 316 2282 randa
348 2227 767 2298 regninegotia
817 2229 1014 2283 minus
1053 2230 1376 2301 minusque
1429 2229 1595 2287 fleret

138 2330 191 2370 is
217 2331 231 2382 ;
266 2315 387 2372 imo
422 2316 590 2372 vixin
618 2316 824 2387 seipso
840 2322 1049 2388 potens
1075 2317 1414 2384 subsistere,
1435 2322 1590 2374 totus

137 2410 373 2460 veretur.
409 2404 682 2460 Videntes
706 2421 846 2476 ergo
879 2407 1044 2476 regni
1080 2407 1339 2477 majores
1367 2407 1584 2478 pericu·

137 2492 357 2565 [uodex
373 2494 656 2564 proedicto
690 2494 845 2550 facto
863 2501 1089 2550 certum
1118 2501 1241 2551 erat
1272 2495 1589 2551 imminere

137 2582 436 2638 ocandnm
450 2584 751 2652 comitem,
775 2588 832 2639 et
861 2584 988 2654 ejus
1021 2583 1415 2652 mitigandam
1436 2583 1588 2640 indi·

140 2685 298 2737 nem,
331 2671 749 2728 omnimodam
795 2672 1151 2744 impendunt
1201 2689 1450 2745 operam
1484 2691 1495 2729 :
1531 2678 1590 2729 et

138 2776 178 2815 n
211 2765 347 2832 post
377 2761 594 2817 multos
620 2762 899 2817 circuitus
942 2767 1000 2816 et
1029 2760 1265 2818 diversa
1313 2761 1583 2831 consilia,

137 2850 309 2917 avito,
340 2850 445 2906 sed
480 2856 676 2907 tamen
721 2852 1108 2923 permittente,
1138 2852 1489 2924 praedictum
1523 2851 1585 2907 il·

136 2955 180 2994 n
212 2939 428 3007 virum,
448 2939 700 3011 injurias
727 2939 839 2995 sibi
864 2940 1055 2996 illatas
1077 2939 1395 3013 prudenter
1414 2941 1584 2997 dissi-

1704 1785 2119 1841 lioereticorum
2142 1786 2491 1842 sibinomen
2524 1786 2991 1859 adaptent,dum
3017 1787 3358 1844 contraRo-

1702 1890 1946 1930 manam
1980 1874 2296 1931 Ecclesiam
2328 1882 2383 1931 et
2410 1877 2820 1948 apostolorum
2879 1876 3023 1932 Petri
3085 1880 3144 1932 et
3184 1875 3353 1932 Pauli

1697 1962 1898 2032 fidem,
1928 1962 2212 2020 adversus
2231 1980 2412 2037 quam
2463 1973 2643 2034 portae
2691 1964 2874 2034 inferi
2922 1980 3043 2021 non
3104 1968 3352 2036 possunt

1699 2055 2018 2123 praevalere
2042 2054 2281 2124 (Mami.
2313 2056 2455 2126 xvi),
2488 2070 2676 2111 novas
2695 2053 3103 2126 etpestilentes
3123 2053 3355 2125 opinio·

1702 2157 1806 2196 nes
1837 2146 1942 2197 aut
1967 2143 2240 2212 gignunt,
2274 2148 2372 2200 aut
2439 2148 2791 2215 sequuntur.
2847 2142 3131 2214 Denique,
3176 2140 3267 2198 his
3293 2143 3353 2197 et

1700 2228 2070 2300 hujusmodi,
2103 2247 2140 2287 a
2177 2232 2363 2288 multo
2421 2237 2577 2288 retro
2637 2237 2924 2304 tempore,
2987 2229 3349 2287 simultatem

1699 2319 1857 2375 banc
1886 2322 2050 2392 apud
2074 2337 2135 2376 se
2163 2327 2589 2394 conceperant,
2633 2321 3142 2393 opportunitatem
3188 2334 3356 2391 quoe-

1699 2414 1915 2476 rentes,
1949 2415 2011 2465 ut
2034 2409 2246 2467 saltem
2269 2415 2402 2483 post
2427 2411 2804 2482 imperatoris
2817 2409 3071 2476 obitum,
3089 2409 3349 2464 invisum

1699 2497 2047 2554 Latinorum
2078 2501 2393 2571 populum,
2427 2504 2549 2556 tam
2576 2500 2634 2555 in
2666 2499 2811 2555 urbe
2831 2514 3019 2572 quam
3042 2495 3352 2567 inimperii

1696 2584 1920 2642 finibus
1945 2594 2444 2652 commorantem,
2508 2588 2773 2644 delerent
2822 2588 3084 2658 penitus,
3143 2585 3354 2642 odium

1696 2674 2057 2733 inexorabile
2087 2678 2395 2734 satiantes.

2348 2765 2575 2823 CAPUT
2603 2767 2688 2822 Xl.

1836 2854 2047 2912 Causae
2073 2855 2364 2911 tumultus
2387 2861 2443 2912 et
2468 2855 2845 2913 dissensionis
2866 2854 3275 2927 assignantur.

1765 2942 2048 3002 Proedicto
2113 2944 2290 3015 igitur
2369 2945 2728 3018 imperatore
2799 2944 2979 3002 rebus
3055 2940 3352 3000 humanis

146 3033 282 3094 tem,
318 3030 378 3085 in
418 3044 670 3100 regnum
703 3029 1219 3095 introdauxerunt,
1254 3045 1400 3103 pace
1432 3031 1584 3088 inter
1624 3071 1664 3128 C
1692 3039 1991 3106 exempt0,
2021 3033 2191 3101 dum,
2226 3040 2287 3090 ut
2316 3034 2724 3106 praediximuS,
2785 3034 3020 3091 Alexius
3090 3037 3352 3090 Protose·

137 3117 494 3175 tdominum
526 3134 727 3190 regem
759 3118 995 3191 plenius
1029 3119 1366 3176 reformata.

598 3226 822 3282 CAPUT
844 3228 905 3282 X.

144 3333 439 3403 ntinopoli
463 3334 753 3389 tumultus
818 3334 1060 3400 oritur,·
1105 3337 1159 3390 et
1215 3334 1581 3402 praevalente

137 3420 448 3533 ενὶιαειιιαιινιιοηι
503 3406 870 3470 Andr-onice,
924 3405 1274 3461 Latinorum
1327 3407 1578 3476 populus

137 3582 150 3620 ι
178 3566 297 3622 haec
321 3567 521 3639 itaque
546 3566 604 3622 in
640 3573 842 3622 nostro
875 3567 959 3621 sic
987 3571 1275 3636 geruntur
1318 3565 1574 3632 Oriente,

137 3656 711 3727 Constantinopolim
761 3655 1006 3726 grandis
1064 3656 1221 3712 circa
1261 3654 1576 3726 imperium

140 3749 189 3799 st
212 3747 591 3815 permutatim
625 3749 682 3799 et
705 3761 878 3799 casus
909 3743 1123 3800 accidit
1147 3742 1436 3800 universae
1474 3743 1577 3799 La·

138 3832 446 3902 lugubris,
471 3834 857 3889 etinauditam
883 3833 1173 3903 irrogans,
1194 3848 1330 3887 cum
1345 3832 1576 3887 enormi

137 3936 176 3990 ),
198 3922 649 3977 contumeliam.
681 3921 860 3977 Dolor
885 3922 1068 3987 enim,
1117 3937 1301 3992 quem
1344 3921 1576 3993 pridem

137 4013 176 4066 it
189 4011 650 4082 perlidaGraecia
668 4016 1044 4083 conceperat,
1062 4009 1248 4066 edidit
1272 4015 1329 4065 et
1351 4011 1576 4082 peperit

140 4104 317 4155 atem.
356 4100 637 4156 Defuncto
669 4100 827 4155 enim
859 4099 1107 4155 domino
1158 4098 1444 4169 manuele,
1490 4100 1575 4155 in-

137 4187 527 4244 ecordationis
542 4190 896 4261 imperatore
912 4186 1274 4252 felicissimo,
1291 4189 1577 4244 successit

137 4292 152 4330 i
185 4292 256 4331 ex
290 4282 643 4334 testamento
667 4279 875 4349 patris,
903 4282 1027 4333 tum
1060 4293 1131 4332 ex
1152 4276 1285 4348 jure
1330 4276 1576 4332 haeredi·

137 4365 1114 4437 mpubesfilius,Alexiusnomine,
1152 4366 1248 4420 vix
1274 4380 1574 4421 annorum

146 4469 226 4509 m.
243 4456 371 4520 Quo
386 4457 497 4510 sub
524 4456 731 4512 matris
749 4455 925 4510 tutela
947 4454 1451 4521 constitut0,dum
1470 4469 1575 4526 per

137 4558 189 4597 m
214 4543 883 4607 protosevasto‚domini
917 4544 1294 4614 imperatoris
1324 4542 1574 4600 senioris

145 4648 200 4688 m
233 4648 305 4688 ex
336 4632 512 4689 fratre
544 4650 608 4689 se
657 4634 846 4705 priore
873 4638 1040 4702 natu,
1074 4632 1410 4705 imperialia
1440 4647 1574 4705 pro·

137 4724 269 4777 ntur
290 4722 550 4792 negotia,
573 4722 768 4778 visum
795 4727 1016 4779 esttam
1049 4721 1573 4794 maJ’oribusquam

137 4810 417 4867 »civitatis
435 4812 620 4879 illius,
635 4813 1143 4885 opportunitatem
1169 4812 1497 4876 invenisse,
1512 4818 1575 4869 ut

137 4898 395 4956 ‚dversus
419 4907 654 4956 nostros
681 4902 944 4973 maligne
975 4904 1401 4972 conceperant,
1434 4915 1571 4973 pos·

137 4988 290 5045 'ectui
306 4990 668 5062 mancipare.
690 4990 992 5060 Regnante
1006 4990 1165 5045 enim
1181 4988 1300 5045 Deo
1327 4988 1575 5046 amabili

142 5081 202 5133 to
224 5078 606 5151 imperatore,
650 5078 863 5135 merito
913 5078 1049 5134 fidei
1096 5083 1152 5134 et
1213 5078 1574 5134 strenuitatis

137 5170 325 5222 intam
359 5167 595 5223 Latinus
618 5167 877 5239 populus
900 5167 1062 5239 apud
1085 5182 1224 5223 eum
1273 5172 1574 5238 repererat

137 5272 190 5320 n,
227 5261 291 5311 ut
317 5257 599 5327 neglectis
624 5256 905 5313 Graeculis
937 5257 1058 5311 suis
1116 5259 1405 5329 tanquam
1435 5255 1571 5311 viris

137 5360 198 5400 is
230 5344 682 5412 eteffeminatis,
722 5347 846 5419 ipse
890 5352 1177 5418 tanquam
1210 5344 1299 5399 vir
1323 5358 1572 5414 magna·

1692 3128 1859 3178 vasto
1885 3123 2206 3194 imperium
2239 3130 2604 3195 procuraret,
2639 3125 2836 3180 visum
2887 3128 2979 3180 est
3028 3138 3150 3180 non
3206 3121 3351 3178 satis

1689 3210 2079 3268 commodam
2105 3212 2305 3268 adhuc
2324 3211 2402 3269 ad
2415 3212 2838 3285 complendam
2868 3211 3158 3269 malitiam
3173 3225 3348 3267 suam

1686 3300 1974 3372 reperisse
1988 3301 2494 3374 opportunitatem
2513 3317 2685 3368 ;nam
2711 3301 2930 3374 etipse,
2971 3299 3349 3374 imperatoris

1686 3388 1981 3461 exemplo,
2017 3395 2356 3446 nostrorum
2383 3391 2632 3447 consilio
2696 3391 2973 3447 utebatur
3002 3395 3059 3447 et
3100 3389 3347 3458 auxili0,

1685 3492 1913 3549 eosque
1935 3477 2049 3534 sibi
2074 3485 2369 3550 quantum
2400 3485 2645 3552 poterat,
2674 3479 2956 3536 reddebat
3005 3478 3351 3536 familiario·

1685 3581 1812 3635 res;
1842 3567 1901 3622 in
1918 3573 2248 3624 unotamen
2266 3575 2387 3624 tam
2404 3570 2620 3624 nostris
2652 3584 2835 3641 quam
2863 3567 3145 3624 omnibus
3170 3583 3347 3638 gene·

1686 3655 1903 3722 raliter,
1933 3672 1993 3711 se
2019 3657 2245 3728 penitus
2277 3656 2600 3714 exhibebat
2641 3657 2946 3713 odiosum.
2978 3656 3165 3722 Quod,
3211 3655 3347 3712 licet

1687 3746 2023 3801 Graecorum
2052 3761 2217 3801 more
2232 3744 2426 3802 mollis
2452 3750 2607 3802 esset
2634 3745 3110 3820 supramodum,
3145 3750 3203 3802 et
3218 3760 3348 3802 car-

1686 3835 1780 3890 nis
1807 3850 2013 3891 curam
2048 3840 2169 3891 toto
2199 3835 2397 3891 studio
2419 3837 2478 3892 in
2518 3836 2847 3892 immundis
2880 3835 3161 3908 perficere
3184 3838 3346 3893 sata·

1687 3923 2191 3993 geretdesideriis,
2209 3940 2425 3982 avarus
2446 3932 2644 3982 tamen
2659 3932 2783 3981 erat
2798 3931 2853 3981 et
2877 3925 3174 3982 thesauris
3208 3940 3345 3998 par·

1685 4013 1861 4069 cebat
1888 4012 2322 4083 imperialibus,
2351 4020 2637 4086 tanquam
2669 4014 2719 4069 si
2739 4030 2843 4071 eos
2860 4015 3102 4088 proprio
3123 4014 3345 4071 sudore

1685 4107 2141 4172 comportasset.
2165 4101 2479 4159 Dicebatur
2495 4102 2697 4166 etiam,
2737 4105 3055 4177 quodcum
3084 4104 3342 4177 impera-

1687 4190 1847 4259 trice,
1878 4189 2013 4246 licet
2036 4192 2266 4247 vivente
2296 4191 2496 4248 adbuc
2529 4193 2761 4259 marito,
2795 4194 2899 4249 sed
2939 4193 3000 4248 in
3052 4191 3342 4249 extremis

1682 4278 2019 4344 laborante,
2055 4280 2236 4336 vitam
2281 4280 2803 4338 sanctimonialem
2849 4286 3005 4339 esset
3046 4281 3341 4354 professa,

1684 4367 1871 4439 stupri
1888 4367 2110 4425 habere
2138 4369 2658 4427 consuetudinem.
2687 4374 2987 4442 Arrogans
3030 4376 3341 4444 praeterea,

1683 4462 1738 4513 et
1770 4457 2070 4512 neminem
2099 4473 2220 4530 prae
2238 4473 2301 4515 se
2338 4459 2567 4515 ducens
2607 4460 2939 4526 hominem,
2971 4460 3103 4516 aliis
3134 4461 3341 4516 incon·

1682 4546 1851 4603 sultis
1880 4546 2509 4619 principibus,cuncta
2537 4563 2643 4621 pro
2665 4565 2775 4604 suo
2806 4548 3166 4622 disponebat
3186 4547 3344 4604 arbi·

1681 4634 1814 4702 trio,
1845 4635 1928 4691 ita
1957 4639 2023 4691 ut
2047 4635 2121 4691 de
2141 4637 2387 4702 coeteris,
2416 4652 2588 4709 oeque
2614 4636 2916 4693 nobilibus
2956 4642 3013 4693 et
3045 4635 3187 4692 viris
3218 4651 3345 4692 ma·

1681 4723 1933 4795 gnificis,
1961 4723 2106 4779 nihil
2139 4725 2434 4781 videretur
2459 4741 2688 4781 curare.
2746 4727 2910 4784 Unde
2958 4725 3183 4783 sactum
3228 4729 3341 4793 est,

1681 4812 1847 4885 quod
1866 4813 2248 4884 perstudium
2276 4819 2330 4870 et
2359 4829 2603 4885 operam
2635 4814 2975 4887 principum
2995 4814 3342 4888 palatii,qui

1681 4902 1735 4957 ei
1766 4900 2091 4973 plurimum
2114 4902 2194 4958 ob
2223 4918 2293 4957 ea
2317 4918 2454 4976 quoe
2504 4904 2908 4976 praemisimus
2963 4903 3336 4971 invidebant,

1681 4993 1966 5047 evocatus
1990 4998 2076 5046 est
2106 5006 2178 5047 ex
2208 4993 2408 5057 Ponto,
2437 4992 2533 5047 cui
2561 4998 2812 5063 proeerat
2839 4991 3219 5050 Andronicus
3252 5008 3343 5049 se·

1681 5079 1833 5145 nior,
1857 5078 2087 5135 domini
2110 5079 2490 5152 imperatoris
2529 5080 2915 5154 praedefuncti
2944 5082 3252 5155 patruelis,
3274 5084 3341 5138 ut

1681 5167 1762 5224 ad
1791 5167 2213 5240 complendam
2243 5184 2453 5225 eorum
2486 5169 2772 5227 malitiam
2800 5177 3151 5243 cooperator
3176 5185 3340 5227 acce·

1680 5256 1862 5322 deret,
1890 5256 2242 5314 etAlexium
2273 5256 2681 5315 protosevasto
2706 5259 3026 5332 depelleret
3056 5261 3135 5317 ab
3148 5260 3335 5317 admi·

1680 5344 2032 5402 nisti-atione
2056 5361 2244 5418 quam
2264 5347 2553 5419 gestabat.
2585 5350 2720 5403 Erat
2766 5354 2967 5405 autem
3017 5348 3338 5421 praedictus

150 5439 204 5490 et
236 5436 582 5491 strenuitate
615 5435 1126 5508 incomparabilis,
1175 5433 1317 5489 solis
1345 5432 1569 5490 Latinis
1677 5433 2076 5500 Andronicus,
2100 5434 2719 5506 dominiimperatoris
2735 5437 3000 5494 defuncti
3024 5437 3334 5511 patruelis,

137 5539 171 5579 a
200 5523 957 5595 committeretnegotia,de
989 5537 1200 5581 eorum
1221 5521 1336 5578 fide
1355 5522 1568 5581 merito

1681 5523 1768 5581 vir
1783 5522 2052 5598 perfidus
2074 5529 2427 5600 etnequam,
2443 5525 2957 5600 conspirationum
2985 5525 3335 5595 seminator,
