3784 6000
261 306 370 369 69¹

1331 300 1757 366 GUILLELMI
1802 297 2188 364 TYRENSIS
2231 298 2599 363 ARCHIEP.

3559 296 3681 357 592

262 439 422 498 illam
469 441 846 514 impotentem
896 437 1336 496 multitudinem
1383 438 1726 509 adduxerat,
1775 454 1908 494 cum
1944 438 1997 506 Α
2028 434 2264 492 tandem
2297 430 2420 493 sole
2442 436 2564 508 jam
2597 435 2668 493 ad
2702 450 2976 493 occasum
3007 432 3361 503 declinante,
3389 431 3559 491 Turci
3593 448 3684 490 se-

262 546 395 587 ecce
439 531 768 588 Noradinus
812 529 1143 586 universam
1192 527 1489 601 regionem
1552 529 1676 585 suis
1721 526 1904 599 reple-

260 622 423 675 verat
449 617 796 690 legionibus.
821 618 954 673 Erat
982 620 1177 673 autem
1199 621 1457 675 castrum
1487 616 1603 673 illis
1624 614 1901 673 victuum.

261 707 510 763 namtab
539 705 796 774 nomine,
847 722 950 779 per
979 706 1134 778 quod
1167 707 1274 764 iter
1320 706 1404 764 eis
1430 708 1554 764 erat
1592 706 1852 763 futurum
1885 718 1901 761 t

260 794 402 852 illuc
433 795 615 852 nostri
646 811 955 867 properare
981 795 1264 864 volentes,
1298 795 1556 853 videntes
1599 794 1906 852 imminere

261 882 613 955 periculum,
646 883 1104 953 aciesinstrunt,
1158 884 1431 941 ordinant
1484 882 1739 958 agmina,
1775 892 1907 940 tan-

264 987 438 1044 quam
491 988 627 1029 mox
674 988 806 1029 cum
857 970 1124 1029 hostibus
1182 972 1572 1029 commissuri.
1631 972 1722 1028 Illi
1771 988 1905 1028 vero

261 1060 566 1117 instructis
597 1061 862 1129 catervis,
899 1066 1230 1118 nostrorum
1264 1062 1600 1132 adventum,
1623 1064 1906 1132 tanquam

260 1150 332 1205 de
364 1151 602 1206 victoria
633 1150 848 1220 securi,
880 1151 1044 1207 avide
1090 1150 1266 1207 nimis
1324 1148 1756 1222 exspectabant.
1789 1151 1910 1206 Ac·

260 1236 400 1295 cidit
438 1243 657 1308 tamen,
691 1242 893 1295 contra
925 1256 1087 1310 spem
1119 1241 1513 1311 eorum‚quod
1535 1243 1732 1296 noster
1750 1254 1910 1295 exer-

260 1326 414 1382 citus
442 1328 512 1384 ad
547 1327 885 1399 praedictum
913 1328 1446 1400 oppidum‚praevia
1481 1327 1705 1384 Domini
1731 1329 1904 1385 mise-

260 1412 528 1484 ricordia,
561 1415 820 1487 pervenit
844 1417 1175 1487 indemnis;
1209 1418 1305 1473 ubi
1351 1426 1516 1474 nocte
1567 1421 1688 1474 tota
1734 1418 1905 1474 fessis

261 1508 384 1561 tam
409 1506 695 1576 jumentis
728 1521 902 1578 quam
936 1505 1296 1576 hominibus,
1342 1506 1413 1563 ad
1474 1508 1735 1580 requiem
1767 1524 1903 1564 con-

258 1609 425 1651 cessa
454 1600 768 1653 convocato
799 1614 1107 1669 procerum
1166 1604 1338 1665 coetu,
1397 1602 1454 1654 et
1509 1599 1579 1654 de
1628 1599 1903 1657 l'uturoin

257 1682 578 1741 crastinum
607 1684 812 1742 itinere
842 1685 1251 1754 deliberantes,
1277 1686 1810 1744 fueruutmonnulli
1832 1689 1904 1746 de

259 1776 660 1847 magnatibus,
678 1776 778 1848 qui
810 1776 1154 1848 praedictum
1176 1776 1510 1849 praesidium
1528 1782 1905 1849 exposcerent
1936 1816 1981 1882 B

259 1864 373 1922 sibi
429 1866 578 1935 dari,
636 1866 990 1926 arbitrantes
1039 1868 1365 1943 opitulante
1423 1868 1670 1926 Domino
1702 1876 1904 1927 contra

258 1954 582 2012 Turcorum
612 1955 981 2015 incursiones
1011 1957 1232 2014 viribus
1251 1958 1499 2030 propriis
1520 1957 1711 2015 locum
1731 1974 1903 2031 posse

257 2059 637 2112 conservare3
670 2061 917 2117 quorum
955 2063 1106 2103 unus
1137 2047 1208 2102 de
1239 2063 1418 2118 regno
1438 2048 1904 2103 eratHenlredus

257 2132 330 2190 de
354 2133 605 2201 Torone,
635 2134 722 2189 vir
753 2134 1102 2207 magnificus
1145 2133 1342 2206 regius
1389 2135 1853 2192 constabularius
1885 2153 1900 2207 ;

256 2220 403 2280 alter
433 2227 557 2278 erat
584 2223 668 2278 vir
700 2222 907 2280 nobilis
937 2232 990 2279 et
1037 2227 1261 2295 potens.
1307 2223 1378 2280 de
1431 2224 1756 2296 principatu
1786 2227 1902 2281 An·

255 2310 552 2377 tiocbeno,
578 2311 866 2368 Robertus
926 2310 1186 2368 videlicet
1225 2313 1297 2368 de
1348 2314 1533 2368 Surda
1590 2311 1755 2370 valle.
1789 2312 1899 2370 Sed

254 2399 459 2457 videns
489 2400 765 2456 dominus
794 2416 893 2457 rex
922 2400 1189 2457 neutrius
1218 2400 1371 2457 vires
1422 2405 1524 2459 aut
1581 2402 1904 2475 potentiam

256 2489 329 2546 ad
362 2492 703 2562 praedictum
735 2491 1186 2563 opussul'licere,
1207 2496 1396 2563 spreto
1414 2493 1902 2564 utriusqueverbo

252 2583 539 2651 tanquam
568 2578 786 2648 inutili,
829 2582 1016 2652 pactis
1041 2580 1254 2637 insistit
1286 2597 1659 2654 perseverans
1684 2601 1699 2652 ;
1722 2586 1905 2638 ettra-

258 2666 380 2724 dito
410 2666 630 2724 Graecis
658 2668 997 2741 municipio,
1058 2669 1340 2741 populum
1395 2670 1656 2742 praecipit
1692 2670 1761 2726 ad
1793 2669 1905 2726 iter

260 2757 506 2829 accingi.
539 2757 746 2816 Videre
775 2765 901 2816 erat
929 2760 1009 2815 ibi
1040 2759 1195 2817 viros
1254 2758 1500 2826 nobiles,
1543 2766 1600 2816 et
1654 2761 1902 2834 inclytas

256 2863 392 2905 cum
422 2847 694 2920 ingenuis
716 2849 1042 2923 virginibus
1072 2854 1130 2905 et
1148 2849 1339 2922 parvis
1362 2849 1554 2921 pueris
1578 2853 1900 2919 matronas,

259 2934 450 2992 natale
504 2935 716 3008 solum,
768 2938 919 2993 avila
970 2935 1286 3009 domicilia,
1335 2942 1643 3010 cognatam
1705 2939 1902 3011 regio-

258 3042 417 3097 nem,
446 3025 805 3099 singultibus
819 3027 1230 3099 etlacrymosis
1245 3027 1510 3084 deserere
1531 3028 1826 3101 suspiriis,
1842 3034 1902 3086 et

254 3117 822 3187 transmigrationem
861 3116 935 3172 ad
966 3115 1247 3189 populum
1278 3117 1523 3174 alterum
1566 3134 1698 3173 cum
1755 3118 1900 3174 fleti-

257 3204 371 3261 bus
401 3204 745 3262 etlamentis
775 3206 944 3263 inire.
968 3206 1093 3263 Non
1124 3212 1250 3264 erat
1280 3212 1483 3279 pectus
1515 3207 1597 3263 ita
1627 3205 1902 3280 ferreum,
1929 3179 1974 3250 C

258 3297 427 3366 cujus
456 3297 730 3353 interiora
759 3314 874 3354 non
899 3304 1195 3356 moverent
1222 3300 1396 3355 fletus
1422 3308 1477 3355 et
1522 3301 1811 3372 lacrymas,
1845 3308 1904 3359 et

258 3384 516 3459 querulas
547 3400 718 3443 voces
746 3387 948 3460 populi
993 3387 1487 3460 transmigrantis.
1547 3386 1695 3444 Luce
1725 3389 1904 3462 igitur

260 3475 434 3531 terris
482 3474 735 3543 reddita,
793 3477 1136 3547 compositis
1192 3476 1460 3545 sarcinis,
1512 3492 1741 3534 rursum
1797 3477 1904 3535 iter

258 3562 592 3633 arripiunt;
621 3567 677 3620 et
701 3577 831 3621 ecce
860 3580 929 3620 ex
959 3570 1210 3637 utroque
1236 3563 1413 3621 latere
1457 3564 1715 3622 hostium
1746 3567 1901 3623 acies

248 3650 477 3724 junctis
505 3652 864 3725 agminibus,
895 3653 1264 3721 incedebant,
1292 3651 1352 3708 in
1370 3654 1741 3711 cormitatum
1765 3670 1902 3711 nos-

255 3743 479 3797 trorum
503 3741 691 3813 parati
724 3758 792 3797 ex
813 3742 973 3799 omni
1023 3748 1186 3815 parte
1243 3742 1484 3799 irruere.
1546 3743 1737 3800 Nostri
1766 3760 1903 3818 ergo

258 3828 513 3887 hostium
544 3832 804 3888 videntes
834 3832 1071 3904 agmina
1100 3837 1158 3887 et
1185 3848 1417 3904 gravem
1437 3831 1900 3900 multitudinem,

258 3917 331 3974 de
354 3920 691 3991 quingentis
712 3920 1031 3991 equitibus,
1055 3937 1200 3993 quos
1224 3920 1538 3989 habebant,
1571 3922 1906 3980 instaurant

257 4006 410 4063 acies
439 4012 497 4063 et
527 4008 831 4064 incedendi
862 4011 1124 4062 ordinem
1169 4009 1478 4080 assignant
1535 4009 1904 4070 instauratis.

255 4094 567 4151 Dominum
599 4095 796 4168 itaque
826 4111 1013 4165 regem
1042 4096 1244 4168 praeire
1289 4097 1523 4165 jubent,
1582 4103 1645 4152 ut
1673 4099 1908 4169 agmina

257 4183 545 4254 praecedat
576 4189 629 4238 et
659 4182 848 4237 turbis
879 4181 1248 4253 pedestribus
1306 4186 1609 4256 gradiendi
1661 4188 1901 4244 modum

254 4267 514 4340 assignet
541 4287 556 4338 3
579 4270 853 4325 comitem
886 4269 1314 4343 Tripolitanum
1343 4281 1396 4330 et
1429 4274 1778 4333 neufredum
1822 4293 1901 4334 re·

257 4353 418 4428 gium
450 4355 939 4412 constabularium
973 4358 1324 4429 posteriores
1346 4359 1559 4432 jubent
1586 4363 1737 4419 tueri
1770 4381 1899 4436 par·

257 4451 364 4513 tes,
395 4446 452 4501 et
481 4449 546 4500 ut
575 4461 709 4501 cum
743 4446 1065 4516 majoribus
1095 4452 1152 4503 et
1182 4448 1520 4505 fortioribus
1539 4450 1791 4508 militum
1814 4467 1901 4508 co·

256 4533 371 4606 piis
387 4534 643 4591 bostium
658 4536 1273 4608 sustineantimpetus,
1289 4543 1557 4596 eteorum
1576 4559 1608 4598 a
1624 4541 1787 4614 plebe
1801 4560 1902 4598 ar-
1932 4526 1977 4592 D

256 4626 423 4680 ceant
441 4622 779 4681 violentiam
805 4625 1233 4694 ;Antiochenos
1255 4644 1387 4686 vero
1402 4633 1749 4701 magnatesa
1770 4631 1904 4688 dex-

255 4713 362 4770 tris
393 4721 448 4768 et
475 4730 508 4770 a
539 4714 794 4772 sinistris
824 4713 1132 4787 collocant,
1158 4721 1224 4773 ut
1252 4717 1529 4791 positaein
1548 4720 1734 4776 medio
1758 4720 1904 4776 mul·

255 4802 518 4872 titudini,
551 4801 813 4876 undique
835 4821 934 4879 per
963 4821 1173 4879 gyrum
1207 4823 1324 4863 non
1354 4808 1582 4866 deesset
1598 4810 1777 4867 robur
1797 4810 1902 4867 for·

253 4893 424 4960 tium,
455 4898 513 4949 et
541 4899 766 4950 armata
797 4893 1027 4952 militia.
1060 4897 1155 4953 Sic
1184 4895 1456 4968 igitur,et
1474 4899 1676 4957 eodem
1700 4899 1900 4958 ordine

254 4985 375 5038 tota
405 4981 498 5038 die
529 4983 743 5041 nostris
764 4984 1168 5057 gradientibus
1200 5002 1385 5059 usque
1434 4987 1505 5045 ad
1553 4988 1694 5046 solis
1739 5006 1901 5046 occa·

254 5086 385 5128 sum
418 5070 814 5130 intolerabiles
847 5074 1065 5132 nostris
1097 5092 1212 5133 non
1228 5077 1538 5134 deruerunt
1594 5077 1897 5149 molestias,

252 5161 585 5235 frequentes
633 5163 911 5236 impetus,
967 5182 1162 5238 pugna
1212 5166 1389 5239 jugis,
1463 5165 1900 5240 congressiones

254 5251 571 5309 continuoe.
600 5253 997 5310 Tantaautem
1015 5255 1619 5312 eratimmissarumin
1642 5256 1897 5315 exercitu

257 5341 649 5397 numerositas
680 5344 1047 5413 sagittarum,
1078 5350 1143 5400 ut
1186 5360 1389 5402 omnes
1445 5346 1712 5413 sarcinas,
1739 5345 1897 5402 ericii

259 5441 442 5497 more,
473 5433 709 5499 sagittis
738 5433 1323 5491 viderenturconsitse
1351 5449 1365 5501 ;
1400 5434 1896 5510 praetereapulvis,

258 5515 413 5571 calor
434 5531 684 5590 quoque,
717 5521 950 5593 qualem
998 5522 1146 5579 solet
1189 5525 1492 5594 Augustus
1543 5524 1897 5592 ministrare,

255 5601 384 5661 sitis
416 5617 647 5677 quoque
675 5624 905 5682 aspera,
938 5610 1169 5683 plebem
1200 5625 1380 5684 supra
1410 5611 1559 5670 vires
1587 5607 1896 5684 fatigabat3

2013 538 2153 580 cum
2176 540 2292 582 non
2323 524 2607 583 habentes
2627 523 2929 582 victualim
2961 524 3289 598 quidpiam,
3336 522 3576 580 amissis
3609 523 3683 578 de

2014 614 2270 671 exercltu
2302 629 2410 671 suo
2439 612 2764 671 nonnulilis
2786 614 3106 684 nobilibus,
3141 614 3277 670 dato
3308 612 3381 671 ad
3420 612 3681 671 reditum

2013 702 2219 775 signo,
2254 702 2739 777 nostrosinsequi
2769 704 3068 774 desinunt,
3126 718 3329 760 eorum
3369 705 3683 774 stupentes

2012 788 2532 863 incomparabilem
2548 791 2890 850 instantiam
2904 796 2962 848 et
2978 788 3680 866 perseverentiam.Dum-

2015 896 2130 952 que
2160 878 2485 937 Henfredus
2516 878 3007 954 constabularius,
3040 894 3172 939 arcu
3223 881 3507 938 abeuntes
3543 896 3681 952 per·

2014 971 2306 1043 sequitur,
2320 968 2687 1044 aliquantulu
2699 986 2753 1027 m
2769 988 2802 1028 a
2814 970 3091 1028 comltatu
3111 971 3412 1040 remotior,
3427 970 3679 1027 accessit

2013 1058 2084 1116 ad
2116 1075 2249 1116 eum
2277 1059 2444 1116 miles
2465 1061 2704 1133 quidam
2721 1059 3064 1118 debostium
3092 1074 3358 1129 numero,
3383 1059 3487 1132 qui
3509 1074 3679 1130 repo·

2013 1148 2141 1205 sltls
2178 1149 2358 1205 armis
2388 1156 2443 1205 et
2461 1148 2685 1221 junctis
2715 1148 3050 1207 alternatim
3080 1149 3150 1206 ad
3177 1149 3331 1206 latus
3364 1148 3670 1220 manibus,

2015 1237 2254 1310 signum
2285 1237 2514 1295 exhibet
2545 1239 2902 1296 reverentias.
2939 1241 2995 1296 Is
3026 1256 3197 1312 porro
3229 1238 3542 1310 cujusdam
3567 1253 3675 1309 po-

2010 1328 2328 1383 tentissimi
2361 1329 2683 1384 Turcorum
2717 1329 3019 1402 principis,
3052 1330 3154 1403 qul
3204 1328 3393 1385 eidem
3428 1334 3675 1384 consta-

2013 1416 2240 1474 bulario
2271 1417 2523 1474 fraterno
2556 1418 2765 1474 soedere
2789 1419 3037 1490 junctus
3066 1423 3191 1476 erat
3230 1421 3290 1474 et
3326 1419 3384 1473 in
3413 1432 3482 1474 eo
3506 1422 3676 1473 tena-

2012 1506 2314 1575 cissimus,
2349 1506 2711 1565 domesticus
2741 1514 2865 1565 erat
2893 1508 3301 1577 etfamiliaris,
3354 1509 3429 1564 ab
3464 1509 3675 1564 eodem

2014 1597 2261 1668 missus,
2297 1600 2363 1653 ut
2394 1613 2527 1654 eum
2559 1599 2753 1655 verbis
2774 1599 2903 1666 ejus
2962 1596 3265 1658 salutaret.
3326 1601 3383 1653 et
3413 1597 3486 1653 de
3519 1603 3672 1652 statu

2016 1682 2244 1740 hostilis
2276 1684 2561 1742 exercitus
2586 1697 2720 1741 eum
2777 1684 3045 1742 redderet
3089 1684 3438 1741 doctlorem.
3478 1682 3675 1741 Refert

2012 1778 2206 1829 autern
2239 1771 2599 1832 Noradinum
2631 1789 2767 1830 eum
2797 1774 2918 1830 suis
2942 1773 3002 1829 in
3027 1773 3324 1846 proposito
3356 1772 3577 1829 babere
3595 1788 3663 1829 ea

2024 1867 2194 1919 nocte
2214 1862 2282 1919 ad
2306 1863 2539 1936 propria
2562 1868 2854 1919 maturare
2877 1862 3125 1919 reditum
3157 1879 3173 1932 3
3202 1861 3492 1917 defecerat
3508 1861 3671 1918 enim

2011 1950 2073 2009 in
2104 1952 2311 2008 castris
2340 1952 2466 2023 ejus
2495 1952 2685 2009 omnis
2737 1951 2969 2027 penitus
3022 1950 3321 2017 alimonia,
3373 1950 3531 2007 unde
3570 1967 3670 2009 eos

2011 2040 2235 2096 diutius
2266 2057 2381 2097 non
2417 2043 2684 2113 poterant
2713 2040 3004 2097 insectari.
3038 2039 3133 2096 Sic
3164 2039 3342 2112 igitur
3385 2038 3486 2096 illo
3532 2039 3671 2098 red-

2012 2132 2188 2186 eunte
2214 2129 2284 2186 ad
2308 2130 2563 2203 propria,
2600 2128 3068 2186 constabularius
3098 2129 3158 2185 in
3202 2133 3394 2186 castra
3427 2144 3491 2186 se
3522 2131 3669 2187 reci·

2012 2217 2137 2290 pit;
2171 2222 2229 2274 et
2268 2216 2442 2275 verbo
2474 2221 2626 2291 quod
2642 2219 2925 2287 audierat,
2942 2218 3179 2275 domino
3200 2217 3318 2291 regi
3334 2220 3667 2275 communi·

2012 2312 2158 2375 cato,
2182 2307 2436 2364 instante
2465 2308 2585 2379 lam
2618 2312 2806 2377 nocte,
2839 2309 2899 2364 in
2939 2306 3065 2364 loco
3095 2308 3195 2379 qui
3252 2308 3465 2364 dIcitur
3494 2308 3664 2379 Joba,

2015 2401 2464 2454 castrametatus
2477 2401 2565 2454 est
2586 2397 2836 2470 populus
2850 2397 3181 2455 universus.
3200 2397 3263 2453 In
3285 2397 3672 2469 sequentibus

2013 2488 2241 2560 diebus,
2274 2490 2487 2563 populo
2518 2492 2643 2546 sine
2659 2489 2923 2547 molestia
2947 2506 3046 2563 per
3075 2488 3278 2546 silvam
3297 2507 3425 2563 quae
3446 2489 3667 2547 dicitur

2015 2576 2243 2645 Martis,
2275 2583 2333 2634 et
2363 2596 2549 2650 usque
2568 2580 2635 2636 ad
2669 2578 2794 2635 loc-a
2817 2586 3024 2635 nostrae
3042 2576 3247 2634 ditioni
3290 2578 3529 2636 subdita
3549 2584 3665 2636 tra·

2013 2665 2210 2734 duct0,
2228 2667 2504 2724 dominus
2518 2684 2615 2724 rex
2638 2668 2696 2723 in
2711 2666 3083 2724 Antiochiam
3105 2682 3166 2723 se
3184 2667 3420 2740 recepit.
3447 2667 3671 2725 Videns

2012 2753 2195 2828 igitur
2223 2755 2785 2813 Noradinusterram
2809 2758 3066 2826 comitis,
3087 2756 3425 2814 Latinorum
3449 2756 3669 2814 auxilio

2011 2844 2377 2915 destitutam,
2409 2847 2480 2902 de
2538 2846 2869 2904 Graecorum
2921 2846 3189 2914 mollitie,
3251 2847 3471 2918 quibus
3502 2864 3666 2903 com-

2012 2935 2350 3005 missacrat,
2372 2952 2754 3008 praesumens,
2778 2936 3182 3008 frequentibus
3207 2935 3664 3010 irruptionibuS,

2010 3030 2069 3081 et
2090 3041 2233 3095 quas
2264 3026 2442 3083 Graeci
2475 3043 2587 3083 non
2629 3027 2775 3083 satis
2808 3035 3156 3098 supportare
3196 3031 3502 3096 noverant,
3533 3041 3666 3083 eam

2010 3116 2184 3187 coepit
2211 3132 2543 3188 aggravare.
2575 3117 2946 3188 Tandemque
2973 3116 3262 3173 immissis
3310 3115 3662 3173 exercitibus

2011 3204 2286 3277 copiosis,
2304 3205 2608 3262 obsidione
2635 3205 2861 3263 vallans
2885 3206 3118 3278 oppida,
3141 3204 3355 3262 Graecis
3373 3206 3661 3263 violenter

2011 3295 2291 3362 exclusis,
2324 3293 2475 3350 infra
2505 3311 2726 3351 annum
2760 3295 3096 3352 universam
3141 3297 3443 3367 occupavit
3473 3296 3663 3369 regio-

2011 3398 2165 3439 nem.
2201 3383 2292 3438 Sic
2311 3381 2488 3455 igitur
2537 3382 2828 3454 provincia
2886 3381 3353 3455 opulentissima,
3377 3383 3536 3454 rivis,
3561 3384 3664 3440 sil-

2009 3472 2098 3528 vis
2128 3479 2182 3528 et
2212 3472 2446 3543 pascuis
2471 3470 2796 3540 laetissima,
2818 3472 2995 3528 ubere
3007 3471 3177 3544 gleba
3200 3471 3382 3544 dives,
3405 3474 3662 3530 etomni-

2010 3558 2122 3617 hus
2152 3562 2490 3616 redundans
2534 3560 3062 3630 commoditatibus,
3110 3560 3167 3615 in
3210 3577 3322 3631 qua
3354 3561 3667 3635 quingenti

2009 3650 2237 3721 equites
2269 3648 2623 3706 sufficientia
2653 3648 2948 3706 habebant
2971 3649 3271 3717 beneficia,
3294 3651 3548 3721 peccatis
3568 3668 3667 3708 no-

2009 3739 2152 3796 stris
2184 3737 2573 3812 exigentibus,
2610 3739 2666 3795 in
2702 3738 2962 3797 bostium
2995 3755 3206 3796 manus
3266 3739 3521 3803 devenit.
3553 3748 3666 3799 eta

2010 3834 2210 3884 nostra
2234 3828 2646 3900 jurisdictione
2676 3830 2945 3901 usquein
2971 3836 3310 3902 praesentem
3331 3829 3486 3885 diem
3511 3830 3664 3888 l'acta

2007 3923 2099 3976 est
2128 3916 2336 3973 aliena.
2368 3917 2756 3975 Decesserunt
2785 3919 2983 3992 itaque
3007 3916 3270 3975 Ecclesiae
3290 3918 3660 3976 Antiochenae

2006 4007 2066 4064 in
2099 4007 2364 4080 partibus
2391 4006 2490 4064 ille
2520 4012 2637 4065 tres
2668 4009 3110 4080 archiepiscopi,
3147 4008 3490 4077 Edessanus,
3523 4007 3662 4066 Hie-

2010 4095 2373 4167 ropolitanus
2405 4100 2462 4153 et
2493 4096 2814 4154 coricensis
2835 4113 3088 4169 quorum
3141 4096 3426 4155 Ecclesiae
3479 4099 3659 4157 etiam

2011 4200 2170 4241 nunc
2191 4184 2504 4243 infidelitas
2526 4185 2759 4257 detinet,
2784 4189 2843 4242 et
2870 4187 3108 4258 gentilis
3141 4186 3502 4258 superstiti0,
3525 4187 3665 4246 licet

2009 4277 2247 4335 invitas.

2591 4386 2824 4444 CAPUT
2853 4387 3067 4444 XVIII.

2009 4493 2124 4551 Rex
2147 4492 2536 4565 principissam
2576 4501 2781 4562 monet,
2828 4502 2890 4549 ut
2910 4509 3086 4550 unum
3113 4496 3184 4550 de
3229 4494 3571 4565 principibus
3603 4499 3664 4553 in

2083 4567 2288 4621 meu-itu
2331 4567 2593 4638 accipiat,
2642 4568 2741 4638 qui
2781 4568 2996 4637 reqioni
3050 4564 3219 4639 possit
3271 4583 3541 4639 praeesse;
3570 4569 3664 4624 sed

2080 4652 2191 4693 non
2218 4637 2453 4709 proficit.
2477 4639 2593 4694 Rex
2620 4637 2747 4694 inde
2778 4637 3038 4710 Tripolim
3067 4640 3295 4705 accedit,
3321 4637 3396 4694 ad
3432 4644 3664 4712 propria

2081 4722 2421 4764 reversurus.

2080 4813 2303 4871 Interea
2335 4812 2609 4871 dominus
2643 4830 2743 4872 rex
2771 4814 3300 4889 Hierosolymorum
3333 4813 3660 4875 Balduinus

2009 4917 2113 4973 pro
2158 4902 2301 4958 urbe
2344 4902 2719 4972 Antiochena,
2767 4909 2825 4960 et
2880 4904 3005 4976 ejus
3064 4905 3367 4976 adjacente
3422 4905 3659 4964 dioecesi

2009 4990 2324 5062 plurimum
2349 4991 2657 5063 sollicitus,
2691 5010 2761 5051 ne
2793 4992 3079 5066 principis
3107 4993 3386 5051 destituta
3425 4994 3658 5064 eulatie,

2008 5079 2158 5137 sicut
2186 5084 2245 5137 et
2274 5083 2427 5137 terra
2459 5081 2926 5156 comitis‚dequa
2941 5079 3338 5156 praediximus,
3367 5082 3426 5139 in
3444 5100 3661 5143 manus

2008 5168 2288 5239 hostium,
2322 5176 2476 5227 sorte
2506 5173 2817 5228 descendat
2839 5170 3476 5246 miserabili,etpopulo
3498 5173 3662 5231 Chri-

2009 5259 2198 5316 stiano
2245 5260 2422 5316 simul
2483 5277 2616 5317 cum
2668 5262 2908 5333 jactura
2964 5264 3343 5329 intolerabili,
3401 5263 3661 5336 amplius

2007 5349 2244 5405 accedat
2298 5349 2602 5419 confusi03
2661 5351 2979 5424 vidensque
3039 5354 3154 5412 sibi
3229 5353 3481 5411 liberum
3539 5371 3659 5411 non

2008 5452 2158 5505 esse,
2191 5443 2495 5494 revocante
2524 5455 2658 5495 eum
2693 5437 2858 5512 regni
2890 5457 3048 5513 cura,
3085 5453 3306 5499 moram
3338 5439 3418 5498 ibi
3441 5441 3661 5500 habere

2009 5521 2357 5597 longiorem,
2389 5525 2686 5585 dominam
2721 5528 3131 5602 principissam
3146 5531 3363 5605 soepius
3399 5547 3659 5590 commo·

2010 5613 2112 5670 net
2139 5615 2201 5671 ul
2234 5630 2420 5672 unum
2450 5616 2523 5673 de
2550 5613 2848 5675 nobilibus
2896 5618 3033 5691 sibi,
3092 5613 3187 5677 cul
3228 5619 3431 5693 nubat,
3481 5619 3664 5695 ellgat
