3784 6000
250 183 369 250 139

1301 185 1654 251 ARNULFI
1701 179 2215 248 LExoleNSIS
2257 180 2608 247 EPISCOPI

3541 189 3662 250 uo

240 323 398 383 tione
415 323 629 390 vestra,
653 319 907 394 quotidie
929 319 1272 379 convalescit
1289 320 1595 394 iniquitas,
1620 319 1886 393 nihilque
1915 325 1971 393 Α
2003 317 2215 388 suerat,
2235 318 2634 391 quandonam.
2658 318 2899 389 exigens
2918 334 3052 375 eum
3065 320 3138 377 ab
3152 320 3400 379 ecclesia
3419 312 3659 395 penitus

235 415 326 470 est
345 410 434 470 vel
465 409 763 469 modicum
795 415 946 485 quod
987 409 1247 468 Ecclesia
1294 411 1395 468 Dei
1443 409 1740 468 vindicare
1781 426 1884 466 au-

1997 407 2276 479 amoveri,
2296 406 2569 478 cumipse
2589 423 2657 464 eo
2697 409 3237 480 tempore,quoille
3275 416 3656 483 patronatum

238 503 396 575 caat,
425 501 529 559 sed
577 501 1030 575 praesnmptione
1078 500 1366 574 sacrilega
1412 516 1518 574 per
1563 499 1884 574 potentiam
1997 492 2275 566 habebat,
2298 494 2531 553 oblatus
2561 495 2770 552 fuisset
2787 499 2842 553 et
2866 497 2938 553 ad
2969 497 3201 555 ordines
3223 498 3400 557 etiam
3419 501 3654 574 aliquos

124 582 129 589 ’
237 590 575 650 secularem
607 590 809 649 omnia
857 589 1270 665 disponuntur.
1325 589 1548 648 Utinam
1596 589 1886 646 Dominus
1992 582 2321 642 ordinatus.
2357 585 2594 642 Petebat
2622 590 2817 642 autem
2850 583 2953 642 ille
2983 604 3095 644 non
3134 589 3371 646 nomine
3401 589 3648 662 quidem

234 697 405 740 meus
433 687 758 740 extremum
789 679 954 753 digiti
984 679 1079 737 sui
1099 680 1305 738 saltem
1338 679 1481 736 mihi
1506 678 1767 753 porrigat
1809 678 1880 734 ad
1996 689 2130 743 suo,
2162 675 2264 732 sed
2293 674 2605 746 cujusdam
2627 673 2897 748 puellulae
2927 675 3334 750 quadriennis,
3356 679 3530 751 cujus
3550 678 3653 736 ille

227 775 611 840 momentum,
629 775 691 827 ut
705 770 761 826 in
778 769 1138 842 protectione
1152 769 1436 826 libertatis
1448 767 1879 841 ecclesiastico,

1993 767 2268 838 sperabat
2299 765 2737 824 matrimonium
2771 765 2829 822 in
2865 765 3148 837 futurum,
3198 767 3334 825 licet
3380 785 3512 826 cum
3555 785 3652 840 ea,

220 876 401 933 quam
420 876 653 934 semper
675 859 1116 933 selavi‚paucos
1131 858 1257 916 dies
1280 858 1538 932 quimihi
1563 863 1882 931 supersunt
1991 856 2131 930 quia
2161 874 2278 914 non
2301 861 2547 929 poterat,
2582 872 2688 914 nec
2719 854 3013 927 sponsalia
3044 872 3148 913 nec
3188 859 3640 917 matrimonium

219 949 406 1011 liceat
434 949 885 1010 consummare!

984 1056 1122 1114 CXV

407 1159 482 1203 ab
521 1159 819 1202 mesanum
858 1158 1309 1202 wmromausm
1349 1159 1696 1201 tarseorum.

303 1255 487 1314 Credo
512 1271 616 1313 vos
642 1253 798 1312 fideli
819 1251 1070 1311 retinere
1101 1250 1379 1309 memoria
1415 1248 1771 1308 willelmum
1804 1250 1876 1309 de

221 1343 580 1415 Ferendona,
594 1343 867 1402 vicariam
914 1342 1027 1399 loci
1042 1339 1249 1413 illiusta
1269 1345 1533 1414 tempore
1543 1338 1873 1410 Thurstini,

224 1448 329 1506 per
359 1435 548 1491 totum
573 1432 759 1504 ipsius
780 1436 838 1488 et
867 1429 1094 1488 Ricardi
1119 1429 1221 1487 mii
1243 1431 1374 1503 eius
1411 1434 1664 1501 tempus,
1688 1444 1874 1501 usque

219 1524 293 1580 ad
326 1539 453 1580 mea
479 1527 746 1594 tempora
795 1519 1142 1593 possedisse.
1181 1519 1442 1592 Cumque
1487 1516 1871 1591 capellaniam

226 1609 371 1667 mihi
402 1610 557 1683 regis
589 1608 994 1667 munificentia
1022 1607 1363 1665 contulisset
1391 1605 1666 1664 defuncto
1706 1609 1871 1678 post-

1986 945 2387 1003 contraxisset.
2414 945 2583 1018 Apud
2604 961 2711 1002 nos
2732 947 2924 1002 autem
2950 948 3323 1017 patronorum
3340 947 3647 1021 inopinata

1987 1035 2235 1092 mutatio
2265 1051 2381 1092 non
2413 1032 2714 1092 consuevit
2744 1032 3130 1092 mutationem
3179 1035 3369 1092 lacere
3402 1035 3639 1095 clerico·

1985 1139 2143 1193 rum,
2174 1123 2273 1180 sed
2309 1123 2381 1192 is,
2414 1123 2515 1196 qui
2547 1139 2652 1195 pro
2680 1125 2944 1194 tempore
2974 1127 3239 1194 repertus
3260 1124 3469 1187 fuerat.
3502 1126 3641 1184 novi

1982 1213 2347 1270 successoris
2366 1217 2596 1270 tenetur
2614 1227 2930 1284 agnoscere
2953 1217 3344 1285 patronatum.
3371 1214 3638 1288 Cumque

1984 1319 2089 1362 nos
2118 1304 2191 1361 ad
2223 1303 2578 1362 sententiam
2599 1302 2906 1375 procedere
2927 1319 3292 1375 pararemus,
3314 1305 3635 1378 appellavit

1980 1392 2176 1451 istead
2197 1392 2556 1451 audientiam
2576 1395 2852 1460 vestram,
2874 1390 3030 1449 diem
3055 1391 3379 1451 nativitatis
3404 1392 3635 1453 Domini

1979 1480 2357 1554 appellationi
2388 1480 2716 1554 praetigens,
2743 1485 2801 1538 et
2826 1496 2933 1538 noe
2961 1480 3344 1553 appellationi
3395 1483 3469 1539 ad
3530 1499 3635 1542 voa

1977 1570 2139 1628 factas
2172 1569 2428 1627 debitam
2452 1570 2832 1629 reverentiam
2854 1574 3291 1635 conservantes,
3313 1575 3523 1631 catera
3546 1589 3635 1631 ve·

225 1699 464 1756 modum
495 1697 741 1756 Ricardo
789 1713 895 1770 per
940 1712 1112 1770 quem
1161 1694 1492 1754 willelmus
1529 1712 1597 1753 eo
1642 1694 1868 1753 vivente
1898 1690 1947 1759 B
1978 1663 2111 1716 ἰω
2135 1659 2556 1719 ω’θῗηνίωω
2586 1659 2907 1733 mssjesstffl·

225 1791 514 1855 tenuerat,
534 1802 642 1858 ego
671 1785 945 1843 vicariam
977 1784 1245 1842 eamdem
1278 1784 1550 1857 praedicto
1571 1782 1865 1840 willelme

222 1874 284 1931 in
340 1877 685 1946 perpetuum
734 1874 1017 1942 concessi,
1056 1873 1414 1945 quibusdam
1472 1871 1689 1928 additis
1736 1888 1865 1945 quai

213 1964 402 2035 ipsius
434 1980 468 2021 a
498 1979 591 2020 me
619 1962 922 2020 videbatur
969 1963 1319 2034 obsequium
1368 1964 1426 2019 et
1475 1961 1704 2018 devotio
1750 1977 1866 2018 me·

220 2052 431 2109 ruisse.
466 2052 669 2125 ltaque
706 2066 839 2109 eum
868 2051 1030 2108 vobis
1069 2055 1349 2124 tanquam
1396 2050 1671 2124 episcopo
1719 2066 1864 2121 praa·

215 2141 534 2210 sentavi,et
549 2158 652 2198 vos
674 2141 734 2197 id
756 2142 911 2214 quod
952 2141 1193 2198 feceram
1220 2140 1530 2211 benignius
1550 2140 1863 2212 episcopali

214 2231 558 2289 auctoritate
587 2231 889 2288 firmastis.
939 2230 1326 2287 Postmodum
1363 2246 1499 2286 vero
1553 2231 1863 2288 ecclesiam

218 2323 414 2393 nepoti
463 2326 661 2381 nostro
727 2325 918 2379 vestra
965 2320 1380 2377 intercessione
1421 2320 1653 2389 donavi,
1703 2321 1864 2379 salva

216 2409 496 2467 nimirum
517 2408 817 2467 Willelmc
848 2410 1063 2466 vicaria
1102 2425 1277 2481 quam
1326 2409 1378 2465 ei
1427 2413 1558 2466 ante
1609 2410 1864 2468 donave-

213 2515 362 2565 ram,
385 2499 563 2571 idque
592 2498 982 2557 nibilominus
1015 2516 1047 2554 a
1085 2501 1274 2555 vestra
1314 2498 1674 2572 benignitate
1718 2515 1863 2557 con·

216 2604 448 2646 cessum
479 2593 586 2656 est,
617 2588 893 2660 idemque
925 2587 1257 2645 willelmus
1284 2587 1573 2660 aliquibus
1601 2590 1771 2646 annis
1800 2590 1860 2646 in

208 2680 409 2735 eadem
461 2677 830 2749 possessione
869 2677 1209 2749 permansit.
1256 2675 1584 2735 Novissime
1639 2678 1863 2752 placuit

206 2767 448 2824 bonitati
481 2770 706 2838 vestre,
733 2766 928 2838 ipsum
959 2765 1031 2823 de
1052 2768 1252 2823 eadem
1267 2765 1511 2824 ecclesia
1543 2783 1859 2837 removere,

208 2860 265 2913 et
294 2856 424 2913 sine
452 2856 612 2914 omni
633 2856 803 2928 culpa
822 2855 974 2927 eJus,
1009 2855 1276 2929 quaedam
1303 2856 1455 2912 bona
1477 2855 1659 2930 ipsius
1679 2858 1863 2915 mobi-

205 2945 287 3002 lia
325 2946 615 3004 deteuere.
647 2945 869 3003 Teneor
896 2960 1033 3018 ergo
1064 2946 1326 3018 pauperi,
1352 2945 1490 3018 quia
1511 2945 1857 3019 aliquandiu

209 3034 355 3093 mibi
389 3035 577 3092 tidelis
606 3035 828 3092 exstitit
856 3039 911 3092 et
941 3034 1207 3107 devotus,
1239 3051 1345 3093 nec
1387 3037 1438 3094 ei
1487 3051 1694 3110 negare
1725 3054 1860 3111 pos-
1887 3071 1940 3137 C

203 3140 334 3180 sum
366 3125 507 3196 quin
549 3140 657 3195 ego
704 3124 859 3196 apud
909 3124 1275 3182 sanctitatem
1330 3130 1583 3183 vestram
1637 3142 1740 3198 pro
1790 3144 1857 3186 eo

209 3213 426 3284 quibus
454 3227 698 3283 possum
732 3212 1005 3285 precibus
1036 3212 1416 3271 intercedam.
1471 3214 1675 3271 Videte
1715 3217 1857 3289 quid

205 3302 418 3367 tacitis,
451 3301 590 3375 quia
638 3319 752 3359 non
791 3306 885 3359 est
932 3303 1148 3360 bonum
1199 3321 1303 3377 pro
1351 3312 1469 3361 tam
1522 3307 1751 3363 modica
1799 3323 1859 3364 re

205 3390 522 3449 sacerdotis
550 3394 611 3448 et
637 3391 898 3464 episcopi
927 3393 1346 3450 conscientiam
1379 3394 1691 3468 denigrari,
1728 3411 1856 3453 me-

209 3495 322 3552 que
351 3480 539 3552 ipsius
570 3496 684 3538 non
715 3483 910 3553 potest
940 3480 1138 3554 inopia
1162 3497 1276 3537 non
1310 3498 1559 3551 movere,
1590 3500 1656 3540 eo
1696 3487 1851 3557 quod

208 3569 336 3640 lpse
364 3566 677 3640 aliquando
704 3585 770 3627 se
797 3572 857 3625 et
903 3585 1012 3626 sua
1060 3585 1198 3627 meae
1248 3571 1541 3642 profusius
1588 3572 1852 3632 exhibuit

205 3656 513 3715 voluntati.

915 3784 1116 3843 CXVI.

474 3890 548 3932 an
587 3889 865 3932 nomana«
904 3892 1097 3932 rapas(
1134 3890 1547 3933 acsxaunaust.

262 3980 328 4037 ln
385 3981 743 4053 episcopatu,
803 3982 899 4040 cui
967 3987 1080 4039 Deo
1132 3981 1503 4055 permittente
1555 3984 1840 4050 deservio,

191 4071 461 4144 quasdam
494 4069 843 4142 parochialis
871 4072 1118 4130 ecclesia
1144 4090 1361 4130 vacans
1392 4073 1619 4145 incidit,
1661 4093 1839 4149 quam

187 4175 296 4233 ego
324 4160 395 4216 ad
420 4163 933 4231 praesentationem
953 4161 1264 4232 cujusdam
1290 4160 1542 4220 illustris
1556 4164 1684 4234 viri,
1709 4166 1839 4224 Wil-

187 4247 348 4304 lelmi
369 4248 593 4305 scilicet
616 4248 1030 4320 Marmium,ad
1055 4249 1548 4323 quemdicebatur
1569 4258 1840 4324 patrona·

188 4341 286 4394 tue
343 4337 599 4394 ecclesias
657 4338 965 4409 pertinere,
1025 4337 1250 4396 idoneae
1325 4356 1609 4412 pereonoe,
1675 4345 1835 4404 nullo

185 4427 419 4500 penitus
431 4427 1055 4498 reclamante,donavi.
1078 4426 1532 4499 Cumqueis,cui
1562 4431 1832 4493 dederam

182 4514 526 4589 prodictam
547 4515 873 4584 ecclesiam,
907 4515 1243 4588 aliquandiu
1278 4516 1518 4590 pacifice
1539 4524 1837 4593 possedis-

181 4612 287 4670 set.
320 4605 620 4663 communi
653 4604 935 4663 fatalitate
965 4605 1219 4662 decessit
1245 4608 1303 4662 et
1332 4621 1438 4679 ego
1470 4609 1539 4665 ad
1573 4624 1834 4682 praesen·

180 4694 463 4752 tationem
485 4694 748 4765 eiusdem
771 4693 1055 4752 Willelmi
1075 4694 1227 4752 sicut
1247 4695 1408 4767 prius
1429 4696 1525 4754 alii
1549 4715 1830 4775 personae,

178 4788 355 4856 prout
384 4784 665 4856 oportuit,
713 4782 1027 4858 assignavi.
1072 4784 1336 4856 Cumque
1380 4784 1451 4854 is,
1491 4787 1583 4845 cui
1629 4791 1828 4848 novis-

178 4870 332 4929 simo
362 4872 582 4932 donata
611 4873 822 4946 fuerat,
853 4890 981 4932 eam
1014 4878 1267 4947 quatuor
1286 4874 1457 4934 anuis
1485 4880 1827 4939 auctoritate

185 4960 581 5019 ecclesiastica
610 4962 917 5033 tenuisset,
949 4968 1106 5021 mota
1129 4967 1219 5021 est
1263 4963 1316 5020 ei
1364 4964 1464 5037 qui
1512 4974 1826 5040 praesenta·

171 5053 332 5108 verat
359 5050 601 5124 quaestio
631 5057 976 5123 patronatus
1008 5053 1065 5110 in
1091 5051 1318 5123 jndicio
1349 5054 1633 5127 saeculari,
1686 5075 1821 5117 cum

169 5154 405 5213 semper
432 5141 505 5197 ab
537 5139 778 5213 antiquo
808 5156 996 5198 causae
1030 5141 1371 5214 hujusmodi
1393 5144 1465 5201 ad
1517 5146 1820 5222 episcopa·

172 5227 287 5286 lem
321 5228 679 5286 audientiam
702 5229 1082 5303 pertinerent.
1115 5227 1303 5286 Evicit
1356 5230 1550 5305 itaque
1593 5233 1817 5293 calum-

171 5313 365 5376 niator
384 5317 480 5375 ille
513 5322 888 5391 patronatum
919 5316 1171 5376 ecclesiae
1205 5319 1264 5377 iu
1312 5319 1476 5379 curia
1523 5324 1812 5400 saeculari,

2688 1784 2915 1843 cxvu.

2407 1906 2482 1946 an
2521 1906 2752 1947 emon
2790 1906 3176 1947 mantuanam.

2044 2019 2226 2085 Quam
2249 2021 2544 2087 sanctum,
2568 2033 2746 2089 quam
2770 2016 2931 2086 utile,
2956 2032 3131 2090 quam
3154 2016 3288 2076 totis
3303 2016 3624 2076 visceribus

1969 2107 2447 2180 amplectendum
2469 2105 2777 2163 consilium
2800 2105 2942 2163 mihi
2965 2106 3256 2178 sapientia
3274 2111 3468 2164 vestra
3490 2123 3620 2165 con·

1974 2199 2126 2266 tulit,
2184 2215 2318 2255 cum
2356 2198 2417 2254 in
2452 2198 2716 2270 partibus
2746 2198 2960 2254 nostris
3000 2196 3307 2271 legationis
3346 2200 3622 2272 gereretis

1970 2287 2251 2356 officium,
2278 2304 2312 2343 a
2341 2290 2535 2343 vestra
2566 2302 2680 2343 non
2713 2301 2843 2343 reor
2872 2286 3151 2344 excidisse
3197 2287 3502 2357 memoria,
3527 2288 3623 2345 ui-

1974 2377 2179 2449 bilque
2203 2376 2314 2433 tuit
2333 2375 2511 2433 altius
2537 2375 2719 2432 totius
2744 2375 2928 2431 animi
2949 2375 3058 2432 mei
3083 2375 3373 2434 desiderio
3394 2375 3618 2435 radica·

1969 2469 2119 2521 tum.
2148 2465 2385 2539 Speravi
2420 2465 2535 2521 cito
2586 2481 2756 2535 posse
2794 2463 3072 2537 proficere
3120 2466 3273 2538 quod
3314 2467 3617 2539 optabam,

1971 2554 2114 2627 quia
2143 2554 2419 2611 dominus
2469 2570 2568 2610 rex
2598 2551 2844 2611 consilio
2892 2557 2950 2611 et
2978 2553 3374 2612 admonitione
3428 2562 3618 2615 vestra

1967 2645 2037 2700 ad
2071 2644 2416 2701 solvendum
2447 2659 2524 2700 iss
2555 2641 2832 2713 alienum,
2867 2659 2983 2716 quo
3016 2641 3269 2700 maxime
3296 2643 3614 2716 detinebar,

1967 2734 2147 2808 regali
2172 2735 2319 2792 mihi
2371 2734 2639 2807 promisit
2697 2734 3098 2792 munificentia
3142 2735 3478 2809 subvenire,
3509 2738 3611 2797 sed

1974 2825 2219 2882 omnino
2260 2840 2471 2881 manus
2501 2841 2533 2880 a
2564 2823 2853 2881 solutione
2883 2823 3190 2892 continuit,
3216 2840 3617 2902 concessoque

1969 2914 2200 2987 publice
2221 2914 2559 2988 episcopatu
2589 2911 2849 2971 Walter-o
2881 2913 2953 2970 de
2981 2914 3427 2985 constantiis,si
3450 2918 3612 2975 dece·

1968 3005 2166 3062 der-em
2197 3004 2284 3061 vel
2316 3004 2558 3074 abirem,
2589 3002 2696 3075 ipsi
2730 3000 3075 3060 solutionem
3109 3003 3365 3077 pecunias
3386 3004 3609 3064 relaxa·

1966 3093 2065 3151 vit.
2096 3095 2228 3165 Ipse
2255 3109 2389 3150 vero
2417 3093 2712 3150 Walterus
2738 3109 2841 3165 per
2860 3090 3173 3151 Radullum
3190 3094 3604 3155 concellarium

1958 3182 2109 3255 regis
2137 3189 2197 3238 et
2228 3198 2329 3255 per
2348 3197 2408 3237 se
2438 3181 2654 3253 ipsum,
2687 3180 2993 3252 pecuniam
3025 3186 3365 3254 presentem
3390 3182 3605 3242 obtulit

1956 3270 2224 3344 protinus
2262 3271 2713 3339 numerandam,
2745 3268 2796 3326 si
2825 3273 3017 3327 tamen
3052 3271 3302 3341 maiores
3325 3286 3603 3343 personas

1952 3364 2008 3417 et
2039 3361 2323 3431 maJorem
2351 3364 2572 3432 partem
2602 3359 2844 3431 capituli
2865 3360 2936 3415 de
2968 3359 3251 3417 electione
3282 3360 3473 3433 ipsius
3515 3364 3601 3420 l'a·

1951 3464 2144 3506 cerem
2175 3448 2499 3506 convenire.
2526 3447 2816 3521 Respondi
2850 3463 2955 3521 ego
2988 3447 3157 3520 plane
3198 3449 3255 3505 id
3301 3450 3599 3510 Simonia-

1950 3554 2084 3595 cum
2116 3554 2264 3605 esse,
2298 3553 2486 3611 neque
2519 3553 2610 3594 me
2642 3537 2965 3609 quidquam
2998 3538 3070 3594 ab
3116 3554 3181 3595 eo
3235 3538 3293 3595 in
3352 3554 3595 3598 causam

1947 3627 2294 3699 hujusmodi
2314 3631 2745 3700 suscepturum.
2771 3626 3122 3700 Indignatus
3135 3634 3220 3687 cst
3239 3628 3356 3699 ille,
3374 3646 3482 3688 nec
3502 3632 3596 3689 ad-

1944 3715 2059 3774 huc
2114 3716 2426 3775 temeraria
2478 3716 2723 3774 cessavit
2779 3716 3042 3789 ambitio,
3090 3716 3193 3775 sed
3234 3718 3447 3789 factus,
3497 3732 3594 3777 me

1945 3810 2158 3869 amoto,
2190 3808 2259 3863 de
2280 3806 2432 3878 regis
2460 3805 2843 3879 permissione
2863 3807 3140 3877 securior,
3186 3807 3593 3866 vexationibus

1943 3894 2230 3970 expellere
2251 3896 2465 3965 studet,
2488 3910 2662 3968 quem
2687 3912 2800 3953 non
2833 3900 3024 3968 potest
3044 3896 3415 3968 pactionibus
3430 3913 3589 3956 amo·

1944 4002 2095 4043 vere.
2120 3984 2347 4043 Trahor
2377 3984 2573 4057 itaque
2604 3983 2863 4042 funiculo
2897 3983 3136 4057 triplici,
3156 3984 3298 4043 dum
3319 3999 3407 4044 mc
3433 3986 3590 4061 regis

1941 4074 2031 4131 ira
2068 4073 2391 4142 conculcat,
2408 4077 2464 4131 et
2486 4073 2738 4130 ministri
2758 4074 2884 4145 eJus
2905 4088 2974 4130 ex
2996 4079 3281 4148 proecepto
3312 4080 3589 4134 constan·

1941 4167 2029 4221 ter
2058 4161 2353 4235 affligunt;
2382 4169 2435 4218 et
2465 4159 2779 4229 walterus,
2822 4159 3122 4233 aliquibus
3170 4162 3584 4222 canonicorum

1937 4252 2049 4310 sibi
2081 4250 2358 4321 astrictis,
2394 4256 2672 4324 tanquam
2703 4249 3019 4308 Dominum
3042 4267 3105 4310 se
3124 4252 3268 4325 gerit
3289 4252 3428 4312 etin
3451 4253 3584 4327 plu·

1937 4341 2103 4399 ribus
2132 4356 2551 4414 possessorem.
2593 4340 2754 4406 Quod
2795 4341 2917 4412 iam
2948 4355 3015 4398 eo
3068 4356 3259 4413 usque
3304 4343 3587 4415 processit

1947 4433 2012 4487 ut
2042 4431 2229 4503 major
2255 4436 2593 4502 procurator
2620 4429 2798 4502 regis,
2819 4429 3152 4488 Willelmus
3181 4429 3402 4489 scilicet
3425 4430 3588 4490 fliius

1947 4520 2198 4590 Radulfl,
2232 4537 2420 4593 nuper
2449 4536 2543 4578 me
2572 4521 2849 4578 omnibus
2880 4521 3162 4579 reditibus
3194 4521 3344 4582 meis
3371 4526 3432 4580 et
3450 4522 3590 4580 civi&

1944 4613 2065 4668 tate
2094 4625 2223 4667 mea
2250 4610 2463 4683 etipsa
2508 4610 2683 4667 etiam
2730 4608 3049 4683 episcopali
3104 4610 3242 4668 sede
3272 4610 3589 4684 privaverit
3691 4617 3701 4629 ·

1940 4703 2000 4758 et
2030 4715 2132 4772 per
2159 4699 2382 4758 alienas
2411 4698 2770 4757 domoscum
2801 4714 2951 4772 pane
2988 4699 3180 4758 alieno
3233 4716 3334 4773 per
3378 4699 3581 4760 decem

1939 4789 2174 4847 circiter
2233 4788 2357 4846 dies
2404 4787 2687 4861 compulit
2731 4787 3021 4847 oberrare.
3070 4788 3341 4847 Nondum
3380 4794 3581 4848 tamen

1939 4896 2013 4936 au
2034 4894 2138 4936 sus
2158 4893 2289 4947 aum
2316 4877 2711 4951 eipscopatum
2741 4893 2978 4952 prorsus
2993 4878 3308 4950 dimittere,
3338 4886 3403 4937 ut
3421 4880 3580 4938 veni-

1935 4983 2007 5025 en
2029 4972 2084 5025 te
2111 4967 2249 5042 lupo
2275 4967 2499 5025 dicerer
2526 4968 2845 5041 aufugisse,
2876 4968 2975 5028 sed
3001 4968 3232 5027 interim
3271 4968 3345 5027 ad
3390 4966 3582 5029 eccle·

1932 5055 2081 5118 siam
2097 5056 2298 5115 Sancti
2315 5054 2564 5116 Victoris
2596 5074 2688 5115 me
2716 5058 2915 5116 censui
2944 5057 3446 5129 transferendum,
3468 5059 3578 5119 do·

1930 5165 2035 5207 nec
2066 5147 2306 5205 nuntios
2336 5163 2521 5218 meos,
2543 5161 2693 5220 quos
2720 5149 2790 5205 ad
2820 5146 3128 5206 dominum
3160 5161 3371 5221 papam
3400 5152 3459 5206 et
3500 5151 3575 5209 ad

1927 5254 2025 5297 vos
2047 5236 2351 5307 destinavi,
2374 5234 2652 5309 recipiam
2674 5251 2809 5295 cum
2841 5235 3055 5295 auxilio
3085 5240 3144 5295 et
3160 5236 3432 5308 consilio,
3454 5253 3575 5313 quc

1925 5343 2015 5386 me
2035 5330 2223 5383 vestra
2241 5323 2421 5383 voluit
2460 5326 2646 5397 gratia
2690 5327 3022 5386 convenire.
3062 5326 3388 5400 Siquidem,
3435 5327 3576 5388 licet

169 5404 434 5481 nihilque
485 5408 802 5484 episcopali
855 5407 1102 5484 Justitiae
1153 5413 1540 5471 reservatum.
1601 5411 1813 5476 Postea
1920 5432 2103 5476 sanus
2123 5415 2262 5487 sim,
2285 5418 2507 5473 tantam
2528 5419 2727 5475 tamen
2747 5416 3111 5476 debilitatam
3135 5414 3280 5475 milii
3296 5421 3573 5479 senectus

161 5513 295 5558 vcro
326 5497 505 5557 movit
525 5498 809 5560 adversus
840 5498 1140 5571 clericum,
1171 5500 1275 5575 qui
1302 5518 1334 5559 a
1364 5516 1460 5560 me
1501 5512 1808 5581 susceptus
1917 5505 2222 5581 importat,
2251 5507 2314 5565 ut
2341 5518 2446 5567 nec
2469 5509 2698 5579 septem
2729 5506 3007 5581 passibus
3035 5505 3307 5582 progredi
3337 5508 3569 5584 possim
3681 5559 3686 5564 .
