3784 6000
184 249 301 311 769

708 246 908 310 fflS'r.
954 246 1229 312 RERUM
1271 247 1811 311 TRANSMARIN.
1859 280 1937 293 —
1979 246 2130 308 LIB.
2176 244 2336 309 xlx.
2383 246 2842 317 AMALRICUS
2887 252 3064 315 REX.

3473 258 3592 319 ’ΠΟ

181 385 427 442 alterius
482 384 742 443 edificiis
799 385 1065 452 vicinior,
1125 386 1316 442 locum
1393 384 1829 457 praten-fluendo
1858 389 1918 454 A
1946 400 2179 440 amnem
2209 385 2460 441 transire
2507 388 2811 454 tentarent,
2867 388 2979 462 ipsi
3026 404 3225 447 eorum
3279 390 3586 449 conatibus

177 472 382 544 alluit,
414 475 489 532 ab
519 473 706 532 altera
752 475 1211 547 aliquantulum,
1261 475 1432 547 quasi
1474 474 1827 532 milliaribus

179 562 371 620 tribus
397 568 498 621 sut
517 565 1001 635 quatuor,distat;
1019 565 1275 621 secunda
1295 564 1448 636 apud
1485 563 1824 621 Damiatam.

178 651 385 708 urbem
436 651 735 724 antiquam
784 657 843 708 et
898 653 1177 720 nobilem,
1239 653 1398 709 fretis
1447 653 1828 725 adjungitur;

176 742 354 798 tertia
382 742 534 812 apud
567 741 933 809 Sturionem;
974 752 1175 814 quarta
1221 743 1376 813 apud
1424 743 1655 800 Bessith
1704 742 1826 815 (qui

177 829 345 887 locus
376 830 733 887 Alexandria
764 832 1162 888 conterminus
1193 837 1301 901 est,
1334 832 1422 888 vix
1471 833 1542 887 ab
1594 849 1662 889 ea
1709 834 1824 889 dis·

175 922 314 977 tans
345 919 698 977 milliaribus
728 924 976 993 quatuor
1005 925 1104 977 aut
1133 921 1287 978 circa
1319 922 1395 992 id)
1429 921 1663 978 marinis
1711 921 1826 978 ssu-

177 1008 380 1065 ctibus
409 1009 1219 1081 excipiuntur.Quoerentibus
1234 1027 1375 1066 sane
1392 1011 1558 1067 nobis
1580 1016 1637 1066 et
1664 1010 1825 1067 inve·

175 1099 535 1171 stigantibus
551 1097 880 1172 diligenter,
904 1097 1063 1155 nulla
1085 1100 1199 1155 alia
1223 1101 1413 1156 amnis
1425 1099 1525 1171 huj
1537 1116 1603 1155 us
1627 1116 1827 1157 occur-

175 1193 317 1246 runt
362 1190 546 1257 ostia;
586 1189 742 1245 unde
796 1188 1082 1246 miramur
1137 1189 1478 1261 plurimum,
1546 1191 1824 1261 antiquos

172 1279 376 1337 Nilum
424 1279 824 1351 septemfluum
880 1280 1113 1349 dixisse,
1173 1282 1344 1352 quasi
1391 1284 1613 1351 septem
1657 1281 1823 1337 ostiis

173 1385 338 1427 mare
364 1368 747 1442 ingrediatur.
793 1372 908 1424 Nec
957 1369 1114 1425 aliud
1165 1369 1333 1425 nobis
1385 1386 1487 1441 pro
1536 1369 1823 1426 solutione

172 1456 454 1525 occurrit,
476 1456 593 1514 nisi
612 1461 716 1514 aut
735 1457 884 1514 serie
904 1457 1251 1514 saeculorum
1292 1458 1701 1529 antiquissima
1739 1458 1822 1514 lo·

172 1563 381 1605 corum
430 1546 636 1604 faciem
686 1545 1011 1617 alteratam,
1059 1546 1442 1618 fluviumque,
1494 1547 1644 1603 sicut
1690 1547 1823 1604 aliis

172 1637 358 1695 etiam
371 1637 645 1694 amnibus
665 1635 812 1693 solet
832 1636 1090 1693 crebrius
1109 1637 1389 1698 accidere.
1420 1636 1648 1693 alveum
1692 1653 1821 1693 mu-

174 1731 370 1796 tasse;
404 1729 507 1783 ant
535 1724 792 1797 pristinas
818 1725 1007 1781 aetatis
1036 1726 1212 1788 viros,
1247 1726 1328 1781 rei
1356 1726 1660 1782 veritatem
1708 1742 1824 1783 non
1857 1750 1902 1815 B

172 1830 311 1871 esse
338 1816 668 1881 assecutos3
700 1817 801 1868 aut
825 1813 1070 1869 fortasse
1101 1814 1450 1869 exuberante
1489 1813 1745 1879 flumine,
1768 1818 1826 1869 et

172 1904 371 1961 solitis
398 1901 779 1960 incrementis
800 1901 948 1960 facto
972 1903 1441 1970 redundantiore,
1473 1902 1596 1958 vias
1618 1910 1826 1974 praeter

172 1994 322 2050 istas
361 1995 636 2066 quatuor,
667 1991 908 2048 tumoris
957 1993 1047 2049 sui
1085 1995 1365 2065 tempore,
1396 2007 1683 2062 aquarum
1730 1992 1825 2047 de-

172 2098 387 2139 cursus
417 2081 653 2153 reperit,
684 2096 789 2153 per
817 2096 962 2152 quas
993 2079 1355 2152 postmodum
1404 2079 1556 2136 infra
1594 2078 1820 2135 alveum

174 2176 471 2246 receptus,
519 2171 756 2244 pelagus
803 2170 1017 2227 desinit
1052 2170 1324 2239 introire;
1383 2186 1528 2240 quas
1576 2169 1627 2225 si
1694 2187 1822 2243 quai

176 2267 342 2331 sunt,
373 2262 515 2334 quia
539 2262 715 2335 Jugea
743 2278 859 2318 non
889 2261 1106 2317 habent
1135 2277 1339 2331 aquas,
1373 2262 1471 2317 sed
1505 2277 1664 2316 more
1707 2266 1830 2317 tor-

174 2353 458 2416 rentium,
493 2352 668 2408 certis
696 2353 917 2407 tantum
948 2350 1310 2420 temporibus
1350 2349 1636 2417 defluunt,
1679 2350 1830 2405 inter

177 2440 333 2499 ostia
364 2457 480 2497 non
540 2439 1020 2513 computavimus.
1061 2440 1339 2512 occupata
1388 2439 1564 2510 igitur
1609 2438 1826 2509 insula,

176 2530 374 2588 minor
401 2546 537 2603 pars
559 2527 820 2585 fluminis
848 2529 1141 2594 restabat;
1180 2529 1542 2600 jamjamque
1589 2526 1828 2583 inclare-

176 2628 377 2677 scente
405 2618 521 2685 die,
554 2618 752 2674 hostes
783 2633 1008 2674 sommo
1048 2617 1246 2684 soluti,
1294 2626 1517 2674 nostroe
1565 2618 1827 2673 videntes

179 2711 423 2781 abiisse,
456 2710 643 2769 classe
674 2709 949 2777 abducta,
982 2711 1053 2765 ad
1093 2725 1256 2765 arma
1294 2707 1618 2775 convolant,
1669 2708 1826 2764 subi-

180 2810 310 2858 tum
344 2804 670 2860 nostrorum
700 2799 975 2856 timentes
1005 2799 1328 2854 incursum.
1356 2797 1491 2852 Inde
1513 2813 1648 2853 cum
1679 2796 1825 2854 cele·

178 2891 354 2948 ritate
392 2889 600 2958 secuti,
631 2904 802 2946 secus
833 2887 1078 2943 fluvium
1113 2888 1348 2958 agmina
1373 2886 1688 2953 trahentes,
1717 2903 1827 2942 no-

179 2985 332 3039 stros
363 2979 738 3054 conspiciunt
765 2976 1016 3034 insulam
1048 2993 1385 3047 occupasse,
1414 2991 1658 3047 eamque
1696 2993 1827 3049 quae

176 3069 532 3128 transeunda
562 3068 817 3126 restabat
845 3066 1108 3124 fluminis
1139 3068 1487 3138 portionem,
1510 3066 1694 3123 classe
1715 3066 1825 3123 im-

1938 473 2349 529 reniterentur.
2383 474 2672 545 Depositis
2719 476 2915 548 Igitur,
2968 485 3029 535 ut
3079 479 3474 551 prediximus,
3516 497 3587 540 ex

1940 563 2196 618 maxima
2224 567 2386 634 parte
2415 562 2872 636 impedimentis,
2906 567 3181 624 dominus
3209 583 3309 625 rex
3348 567 3582 627 hostem

1937 650 2286 722 insequitur,
2319 656 2517 708 contra
2557 652 2838 712 decursus
2877 672 3205 726 aquarum;
3252 657 3382 729 ipsa
3424 658 3582 715 enim

1937 741 2191 812 regionis
2224 742 2433 809 forma,
2464 749 2685 801 certum
2719 745 2894 802 dabat
2912 746 3360 819 insequentibus
3389 748 3462 806 de
3484 747 3585 806 bo-

1937 830 2071 886 stim
2105 830 2309 886 itinere
2347 840 2777 904 argumentum.

2532 921 2765 979 CAPUT
2795 923 2993 980 XXIII.

2023 1008 2360 1064 Describitur
2382 1011 2605 1082 AEoytni
2633 1015 2803 1082 reqio,
2834 1015 2884 1068 et
2914 1017 3096 1085 qualis
3113 1020 3186 1075 sic
3213 1021 3485 1093 aperitur.

2005 1096 2208 1154 Omnis
2263 1099 2421 1157 enim
2477 1100 2851 1173 AEgyptiacus
2909 1108 3149 1177 tractus,
3206 1127 3240 1166 a
3291 1112 3585 1182 prioribus

1934 1186 2211 1257 auspiciis
2233 1189 2375 1257 suis,
2410 1190 2623 1260 quibus
2640 1192 2971 1263 AEtliiopum
3006 1197 3224 1255 regioni
3253 1201 3584 1259 continuari

1933 1275 2165 1344 dicitur,
2194 1275 2343 1333 inter
2371 1278 2520 1333 duas
2551 1279 2900 1338 solitudines
2924 1284 3084 1355 jacet
3112 1303 3413 1360 arenosas,
3453 1304 3583 1362 per-

1933 1370 2106 1435 petua
2143 1363 2449 1423 sterilitate
2498 1367 2845 1439 damnatas;
2890 1388 2996 1428 nec
3038 1373 3357 1447 aliquando
3404 1378 3585 1436 sentit

1933 1457 2036 1509 aut
2086 1458 2320 1524 praestat
2381 1456 2732 1514 fructuarios
2814 1468 3144 1534 proventus,
3177 1467 3586 1540 cujuscunque

1931 1544 2174 1611 generis,
2208 1543 2322 1600 nisi
2347 1549 2630 1616 quantum
2654 1547 2725 1604 de
2748 1548 3026 1606 beneficio
3045 1555 3416 1613 exuberantis
3437 1555 3581 1627 Nili,

1932 1632 2106 1686 certis
2139 1632 2502 1703 temporibus
2544 1634 2907 1694 fecundatur.
2948 1639 3187 1700 Fluvius
3224 1650 3422 1703 autem
3468 1662 3584 1705 non

1933 1718 2045 1774 nisi
2092 1725 2380 1792 quantum
2427 1723 2682 1780 locorum
2733 1727 3124 1797 adjacentium
3173 1736 3581 1805 opportunitas

1940 1808 2242 1877 permittit,
2293 1825 2398 1866 sua
2445 1811 2637 1869 reddit
2680 1814 3022 1887 irrigatione
3070 1820 3335 1891 frugibus
3383 1828 3580 1895 aptam

1938 1898 2270 1967 regionem;
2304 1916 2439 1955 nam
2471 1901 2569 1956 ubi
2600 1901 2753 1958 circa
2781 1920 2844 1960 se
2873 1905 3187 1977 planiorem
3231 1912 3445 1982 reperit
3482 1930 3582 1969 su-

1939 1985 2255 2056 perficiem,
2322 1986 2561 2046 liberius
2606 1990 2848 2059 effusus,
2902 1993 3079 2050 latius
3130 1998 3301 2054 etiam
3360 2002 3577 2058 terram

1937 2073 2124 2130 cultui
2156 2075 2372 2145 praebet
2400 2076 2765 2146 habiliorem,
2800 2088 2853 2136 et
2884 2082 3072 2139 factus
3099 2085 3368 2146 diffusior
3406 2088 3584 2147 diffa-

1939 2163 2149 2219 siorem
2191 2165 2371 2235 glebis
2414 2167 2658 2239 porrigit
2713 2168 3055 2227 ubertatem.
3100 2176 3146 2230 Λ
3177 2175 3395 2234 Cabere
3444 2194 3581 2252 ergo

1938 2250 2198 2321 inferius,
2232 2269 2436 2309 versus
2469 2271 2650 2325 mare,
2700 2258 2961 2328 planiora
3001 2263 3234 2334 penitus
3281 2265 3584 2326 inveniens

1939 2339 2080 2410 loca,
2115 2356 2396 2398 excursus
2418 2342 2591 2399 babet
2619 2343 2871 2415 liberos,
2902 2351 3055 2405 unde
3085 2360 3139 2407 et
3163 2352 3576 2415 fecunditatem

1940 2428 2180 2486 liberius
2208 2430 2496 2504 latiusque
2517 2439 2807 2504 procurat,
2823 2442 2881 2492 et
2896 2453 3075 2510 regno
3090 2444 3408 2499 maximum
3431 2445 3580 2503 dans

1936 2519 2385 2593 incrementum,
2419 2522 2561 2578 fines
2589 2523 2718 2595 ejus
2751 2526 2973 2582 dilatat.
3007 2527 3154 2585 Nam
3177 2532 3249 2587 ab
3278 2532 3579 2605 eooppido

1936 2609 2094 2679 quod
2126 2609 2342 2666 dicitur
2378 2609 2585 2684 Facus,
2618 2614 2770 2684 qnod
2818 2614 3045 2684 Syriam
3095 2620 3351 2692 respicit,
3397 2638 3580 2694 nsque

1935 2694 2372 2763 Alexandriam,
2404 2715 2531 2770 quae
2573 2702 2897 2759 novissima
2935 2703 3093 2762 illius
3144 2708 3308 2781 regni
3353 2709 3586 2782 civitas,

1937 2791 2198 2843 arentem
2228 2789 2511 2861 contingit
2544 2790 2807 2863 Lybiam,
2826 2798 3064 2850 centum
3093 2797 3426 2870 etamplius
3445 2799 3583 2858 mil·

1934 2871 2182 2932 liaribus
2204 2876 2343 2932 culti
2368 2878 2715 2950 fecundique
2731 2884 3112 2941 commoditas
3144 2886 3509 2947 diffunditur.
3532 2891 3580 2947 A

1933 2961 2153 3022 Cehere
2179 2981 2311 3022 vero
2351 2983 2555 3039 supra,
2607 2984 2788 3042 usque
2837 2987 2953 3044 quo
2994 2975 3360 3045 perveniatur
3397 2977 3580 3048 Chus,

1935 3053 2207 3126 AEgyptiae
2255 3054 2520 3112 dioecesis
2566 3057 2832 3115 ultimam
2873 3060 3189 3133 civitatem,
3238 3081 3360 3136 quae
3400 3083 3579 3141 regno

180 3160 366 3216 missa
394 3158 563 3232 quui
593 3157 886 3229 propriam
916 3154 1228 3212 vindfioare,
1269 3159 1467 3212 castra
1514 3154 1693 3227 igum-
1738 3153 1822 3211 10-
1854 3119 1898 3186 C
1936 3141 2233 3212 AEthiopioe
2282 3144 2500 3200 dicitur
2539 3160 2669 3203 esse
2711 3153 3096 3220 contermina,
3138 3157 3329 3211 tantas
3360 3156 3581 3227 patitur

177 3254 318 3305 cant
347 3265 418 3305 ex
444 3250 703 3317 adversm
733 3246 905 3318 longe
935 3249 1132 3301 tamen
1162 3262 1194 3299 a
1224 3244 1517 3317 crepidine
1546 3244 1690 3300 alvei
1719 3244 1828 3300 ali-

178 3335 558 3410 quantulum,
582 3335 737 3391 unde
759 3351 874 3391 non
897 3334 1195 3390 habebant
1217 3349 1453 3405 prorsus
1472 3333 1720 3389 liberum
1752 3334 1823 3389 ad

179 3444 365 3499 aquas
412 3441 715 3492 accesum;
776 3424 931 3480 unde
996 3423 1171 3479 etiam
1236 3439 1419 3494 equos
1474 3424 1823 3493 adaquatum

176 3516 500 3582 trahentes,
541 3514 783 3572 inferius
824 3512 1273 3570 descendebant.
1325 3512 1600 3584 Sequenti
1651 3512 1827 3584 igitur

178 3606 294 3674 die,
330 3605 696 3677 propositum
738 3604 926 3660 fuerat
973 3604 1159 3658 modis
1209 3601 1486 3658 omnibus
1530 3602 1824 3659 fortunam

177 3700 407 3752 tentare
436 3699 494 3751 et
521 3692 745 3766 aperire
775 3694 924 3748 ferro
953 3692 1141 3759 viam;
1175 3709 1307 3748 cum
1339 3707 1470 3750 ecce
1495 3695 1664 3748 nocte
1703 3690 1822 3759 illa,

175 3783 350 3841 nobis
378 3782 808 3855 ignorantibus,
844 3782 1044 3837 hostes
1078 3781 1471 3849 descendunt;
1505 3796 1676 3836 mane
1719 3797 1826 3835 au-

173 3875 293 3929 tem
328 3871 498 3937 facto,
553 3870 815 3927 videntes
857 3885 956 3926 eos
1004 3868 1239 3938 abiisse,
1286 3868 1529 3925 flumine
1578 3867 1825 3925 celerius

175 3960 552 4027 transmisse,
601 3960 796 4017 hostes
844 3959 1072 4031 insequi
1122 3959 1305 4015 nostri
1362 3959 1657 4016 festinant.
1722 3958 1827 4016 Hic

177 4065 342 4118 sane,
393 4047 754 4105 accelerandi
803 4046 1011 4120 gratia,
1059 4063 1174 4119 quo
1223 4046 1547 4119 expeditius
1603 4048 1826 4119 equites

178 4137 712 4210 proficiscerentur,
748 4136 967 4193 relictis
982 4134 1352 4208 pedestribus
1368 4134 1624 4205 auxiliis,
1647 4136 1832 4194 domi-

176 4245 293 4286 nus
323 4243 421 4284 rex
447 4242 573 4284 cum
604 4225 743 4283 solis
772 4226 1066 4298 equitibus
1096 4225 1166 4280 ad
1201 4226 1312 4281 iter
1341 4225 1681 4296 accingitur.
1722 4225 1827 4282 Di·

174 4315 345 4374 misit
371 4323 564 4373 tamen
595 4315 902 4371 dominum
938 4315 1238 4386 Hugonem
1262 4313 1333 4369 de
1358 4312 1589 4380 ibelim,
1614 4320 1666 4370 et
1686 4315 1829 4370 Che-

173 4406 294 4463 mel
326 4403 560 4462 soldani
586 4403 775 4459 lilium
806 4420 938 4460 cum
972 4403 1156 4459 multa
1183 4407 1307 4459 tum
1343 4406 1668 4460 nostrorum
1700 4408 1827 4460 tum

1937 3231 2174 3287 collium
2235 3249 2615 3292 arenosorum
2678 3237 2904 3308 objectu
2939 3243 3258 3313 angustias,
3327 3250 3392 3302 ut
3448 3262 3580 3305 raro

1936 3324 2161 3392 septem
2192 3326 2293 3377 aut
2332 3328 2458 3379 octo
2500 3324 2872 3396 milliaribus,
2919 3329 3282 3402 frequentius
3331 3339 3580 3407 quatuor

1936 3414 2039 3465 aut
2068 3411 2349 3483 quinque,
2383 3419 2485 3469 aut
2542 3413 2905 3486 altrinsecuS,
2939 3423 3040 3476 aut
3084 3437 3152 3477 ex
3191 3439 3305 3479 una
3348 3429 3578 3482 tantum

1936 3503 2099 3567 parte
2127 3498 2393 3569 diffusus,
2425 3504 2496 3557 ad
2528 3519 2648 3559 suoe
2678 3507 3084 3565 exundationis
3116 3511 3380 3573 modum.
3415 3514 3578 3584 regni

1936 3584 2082 3642 fines
2104 3586 2370 3645 laterales
2391 3589 2477 3646 vel
2499 3592 2822 3660 contrabat,
2846 3595 2931 3651 vel
2955 3597 3235 3667 producat
3253 3616 3268 3667 ς
3286 3617 3419 3656 nam
3442 3616 3574 3673 quo

1933 3676 2061 3733 loca
2084 3694 2198 3732 non
2215 3678 2413 3748 irrigat
2433 3678 2669 3750 ssuvius,
2699 3682 2840 3738 solis
2860 3684 3166 3743 ardoribus
3192 3696 3244 3743 et
3259 3699 3569 3761 perpetua,

1938 3770 2003 3821 ut
2032 3765 2310 3833 diximus,
2335 3768 2623 3825 sterilitati
2672 3771 3049 3843 deputantur.
3094 3775 3371 3848 Superior
3399 3777 3578 3852 igitur

1938 3856 2092 3927 regio
2124 3854 2323 3928 lingua
2338 3873 2536 3913 eorum
2570 3858 2729 3915 Seitb
2752 3861 3098 3933 appellatur.
3122 3865 3301 3937 Cujus
3318 3866 3576 3924 nominis

1938 3943 2163 4000 nullam
2196 3943 2369 4002 aliam
2402 3945 2595 4003 adhuc
2635 3950 2931 4020 potuimus
2969 3951 3228 4011 invenire
3267 3954 3575 4026 rationem,

1936 4033 2048 4090 nisi
2077 4034 2230 4106 quod
2262 4034 2471 4106 priscis
2502 4038 2860 4109 temporibus
2891 4039 2949 4096 in
2979 4043 3377 4115 superioribus
3405 4044 3577 4120 AEgy·

1937 4122 2017 4194 pti
2053 4123 2313 4193 partibus
2335 4122 2544 4196 legitur
2579 4125 2759 4183 fuisse
2798 4127 2999 4185 civitas
3033 4148 3148 4188 una
3177 4133 3581 4207 antiquissima

1933 4211 2060 4267 Sais
2092 4211 2349 4279 nomine,
2388 4214 2559 4285 cujus
2581 4216 2939 4274 mentionem
2972 4218 3133 4277 Plato
3165 4226 3366 4279 noster
3396 4224 3458 4281 in
3490 4224 3584 4281 Ti-

1934 4314 2102 4369 maeo,
2135 4301 2246 4356 sub
2291 4318 2539 4373 persona
2591 4304 2783 4361 Critiae
2840 4305 3118 4380 discipuli
3156 4310 3273 4379 sui,
3315 4311 3586 4371 Solonem

1940 4389 2240 4462 praecipuae
2289 4391 2652 4450 auctoritatis
2695 4394 2887 4453 virum
2941 4398 3367 4457 introducentis
3409 4401 3584 4469 facit;

176 4495 580 4569 AEgyptiorum
614 4492 844 4563 militia,
872 4490 972 4564 qui
1004 4491 1241 4556 Cehere,
1263 4496 1620 4563 pontemque
1654 4509 1830 4564 quem
1860 4476 1908 4542 D
1942 4487 2113 4558 cujus
2144 4486 2318 4544 verba
2347 4487 2422 4544 ad
2444 4491 2727 4563 majorem
2759 4493 3109 4551 evidentiam
3133 4496 3403 4568 ponenda
3426 4495 3588 4566 iudi·

178 4585 369 4642 nostri
420 4582 802 4657 perfecerant,
851 4599 883 4636 a
929 4581 1140 4637 subitis
1185 4580 1439 4637 hostium
1488 4581 1821 4639 incursibus

177 4676 504 4731 tuerentur.
531 4671 634 4729 Hic
656 4671 884 4727 traditas
906 4679 1043 4726 sunt
1066 4669 1282 4725 nostris
1303 4674 1494 4726 turres
1516 4673 1575 4726 et
1597 4670 1824 4728 univer·

180 4780 259 4820 sae
293 4759 505 4817 nobilis
534 4759 693 4816 illins
724 4760 884 4816 urbis
919 4758 1295 4824 munitiones,
1329 4759 1651 4830 domusque
1691 4759 1825 4816 cali-

182 4852 309 4926 phae
330 4849 546 4907 nostris
569 4849 853 4906 hactenus
877 4848 1192 4921 incognita,
1217 4849 1302 4904 eis
1325 4848 1521 4920 pervia
1542 4849 1692 4905 facta
1712 4853 1820 4922 est,

183 4941 267 4996 ita
287 4942 426 4995 utet
445 4938 569 5009 ipse
605 4937 882 4994 dominus
902 4942 958 4992 et
978 4938 1172 4992 omnis
1194 4938 1322 5007 ejus
1355 4936 1592 5004 familia,
1613 4937 1823 4996 salutis

179 5045 344 5103 spem
374 5044 608 5085 omnem
638 5027 698 5083 in
731 5026 949 5083 nostris
969 5030 1199 5082 tantum
1227 5026 1523 5082 haberent.
1555 5027 1719 5083 Tunc
1743 5045 1826 5084 re-

177 5117 369 5175 velata
397 5124 536 5173 sunt
566 5117 779 5173 nostris
810 5115 908 5171 illa
925 5116 1136 5171 Sancta
1166 5120 1504 5171 sanctorum
1534 5131 1567 5171 a
1593 5115 1823 5175 saeculis

179 5206 559 5273 absconditu
592 5210 651 5262 et
678 5205 967 5276 stupenda
997 5203 1177 5275 prius,
1210 5208 1268 5258 et
1287 5204 1489 5274 paucis
1514 5204 1824 5263 familiaria

178 5298 499 5371 patuerunt
528 5310 760 5352 arcana.
791 5293 946 5349 Misit
973 5292 1151 5348 etiam
1181 5291 1455 5348 dominus
1486 5307 1584 5348 rex
1614 5293 1824 5352 Gerar·

176 5387 320 5442 dum
349 5384 421 5440 de
449 5383 617 5456 Pugi,
649 5387 708 5439 et
739 5381 985 5439 alterum
1018 5380 1245 5437 soldani
1279 5380 1483 5447 lilium,
1506 5380 1818 5441 Mahadam

175 5473 436 5540 nomine,
469 5473 530 5528 in
547 5471 880 5529 ulteriorem
902 5470 1158 5527 numinis
1181 5471 1390 5540 ripam,
1421 5471 1657 5540 iterum,
1687 5489 1819 5532 cum

174 5562 493 5640 utriusque
537 5561 730 5639 gentis
783 5558 1193 5636 expeditione,
1223 5559 1325 5638 qui
1356 5558 1407 5617 si
1450 5559 1595 5620 forte
1623 5559 1822 5621 hostes

1936 4575 2221 4645 cavimus,
2256 4592 2328 4633 ne
2356 4577 2491 4647 quid
2518 4579 2721 4637 deesse
2765 4583 3096 4639 auctoritati
3143 4583 3424 4640 videatur.
3467 4584 3584 4652 Est,

1936 4663 2142 4733 inquit,
2165 4666 2312 4735 rapio
2349 4666 2593 4738 AEqypti,
2629 4669 2784 4724 Delta
2821 4673 3063 4740 nomine,
3106 4672 3264 4739 cuius
3309 4687 3339 4728 e
3378 4670 3584 4728 vertice

1934 4755 2049 4810 Nili
2085 4753 2413 4810 scinduntur
2452 4757 2684 4827 fluenta,
2740 4758 2917 4828 juxta
2958 4776 3125 4833 quam
3166 4760 3295 4817 Sais
3335 4760 3582 4830 nomine,

1933 4843 2130 4900 civitas
2171 4859 2377 4913 maana
2419 4845 2553 4914 suit,
2596 4863 2764 4917 quam
2805 4847 2942 4919 reqit
2986 4864 3102 4905 mos
3146 4855 3320 4921 vetus,
3358 4851 3455 4922 qai
3493 4849 3585 4907 lex

1935 4932 2136 5001 Satyra
2161 4939 2535 5005 nuncupatur.
2567 4937 2657 4990 Ex
2684 4936 2786 4992 hac
2813 4938 2952 4994 urbe
2989 4938 3206 4995 Amasis
3246 4937 3357 5010 [uit
3402 4942 3584 5012 impe-

1935 5025 2107 5087 rator,
2140 5025 2249 5077 etc.
2270 5021 2370 5077 Est
2391 5026 2587 5079 tamen
2607 5026 2872 5096 quoedam
2895 5027 3008 5083 alia
3033 5027 3186 5101 regio
3212 5029 3283 5084 ad
3314 5028 3582 5088 eamdem

1934 5110 2233 5184 pertinens
2263 5110 2597 5184 AEgyptum,
2627 5132 2660 5168 a
2700 5114 2921 5172 Cabere
2953 5116 3185 5173 distans
3229 5116 3437 5175 itinere
3467 5115 3583 5175 diei

1934 5203 2131 5271 unius,
2168 5219 2270 5276 per
2291 5203 2985 5276 terraminhabitabilem‚
3018 5224 3146 5280 quae
3177 5209 3440 5280 ejusdem
3469 5207 3580 5266 ssu-

1932 5294 2110 5350 minis
2123 5292 2366 5349 benefici
2381 5295 2780 5366 perquosdam
2796 5301 3023 5354 meatus
3042 5298 3300 5369 visitata,
3317 5296 3580 5370 opimum

1933 5388 1991 5441 et
2022 5381 2209 5439 fertile
2237 5381 2413 5438 nimis
2439 5382 2609 5439 habet
2630 5384 2841 5454 solum,
2872 5402 3147 5459 agrorum
3186 5391 3244 5445 et
3280 5387 3579 5446 vinearum

1933 5470 2119 5528 multa
2147 5471 2412 5544 gaudens
2441 5471 2762 5545 opulentia.
2795 5473 2955 5532 Hanc
2971 5476 3224 5550 AEgyptii
3248 5476 3449 5549 lingua
3468 5493 3580 5537 sua

1931 5562 2138 5623 Pbium
2165 5567 2376 5625 vocant
2395 5582 2411 5640 ς
2427 5563 2598 5640 hanc,
2624 5569 2691 5626 ut
2709 5570 2971 5628 veterum
2993 5573 3154 5630 tenet
3170 5569 3427 5643 traditio,
3444 5585 3584 5650 pru·
