3784 6000
225 239 345 315 tes
1312 237 1657 301 ARNULFI
1701 231 2219 300 LEXOVIENSIS
2262 226 2620 295 EPISCOPI
3522 235 3644 295 196

563 546 1313 705 ARNULFI
1414 540 2493 705 LEXOVIENSIS
2583 538 3308 703 EPISGOPI

1638 829 2203 920 CARMINA

3541 381 3638 392 —a

1018 1246 1062 1302 ι,
1886 1246 1942 1313 Α
2040 1245 2113 1299 Bt
2142 1242 2281 1300 facit
2312 1243 2383 1299 ad
2417 1259 2606 1303 mores
2637 1246 2825 1303 forma
2852 1246 3062 1304 decora
3091 1250 3247 1306 tuos.

696 1353 766 1391 na
799 1350 1132 1392 sarm-rara
1159 1350 1386 1393 nomm.
1979 1329 2246 1388 Sublime
2272 1332 2471 1390 oculos
2502 1337 2563 1391 et
2591 1335 2744 1392 acuti
2778 1335 3015 1394 luminis
3041 1336 3192 1410 ignit

217 1427 460 1499 Semper
497 1425 571 1482 ab
601 1428 819 1482 oeterno
849 1439 1098 1481 nascens
1137 1439 1207 1480 ex
1235 1427 1495 1494 tempore
1523 1422 1681 1479 nasci
2045 1419 2347 1478 Excellens
2378 1438 2589 1481 sensus
2621 1423 2956 1500 ingeniique
2975 1427 3158 1501 vigor.

291 1514 553 1573 Sustinet
581 1514 844 1570 humana
879 1512 1213 1570 conditione
1242 1511 1396 1568 Deus
1435 1529 1456 1568 :
1974 1508 2253 1568 informat
2278 1517 2535 1570 mentem
2567 1514 2732 1584 ratio,
2763 1516 3039 1574 facundia
3068 1515 3350 1591 linguam,

208 1604 671 1677 virgineumque
694 1606 929 1659 uterum
953 1601 1140 1659 virtus
1153 1599 1513 1674 sacrapatris
1530 1599 1863 1674 obumbrat,
2044 1599 2496 1675 Fac-,undamque
2526 1603 2732 1677 probat
2761 1604 2983 1662 rivulus
3014 1607 3158 1664 uber
3186 1623 3423 1681 aquam.

287 1694 412 1760 Qua
441 1695 683 1751 verbum
716 1693 880 1751 fieret
908 1692 1257 1750 conciliante
1285 1708 1440 1750 caro.
1971 1688 2177 1761 Fulget
2209 1689 2495 1749 rhetorico
2522 1693 2768 1750 celebris
2797 1696 3085 1753 sementia
3112 1695 3297 1768 cultu,

214 1783 515 1841 Conformi
546 1782 776 1839 soboles
807 1787 1030 1856 patrem
1064 1789 1431 1853 matremque
1461 1780 1651 1854 figura
2044 1776 2241 1835 Allicit
2273 1779 2397 1836 haec
2425 1781 2673 1850 animos,
2705 1783 2949 1839 auribus
2978 1783 3077 1840 illa
3104 1784 3313 1858 placet.

287 1872 592 1945 Exprimit,
619 1877 677 1928 et
706 1871 955 1942 speciem
984 1870 1175 1928 reddit
1203 1869 1438 1942 utrique
1465 1885 1654 1925 suam.
1972 1867 2085 1923 Res
2118 1867 2368 1939 pretium
2400 1869 2615 1940 verbis,
2647 1871 2824 1927 rebus
2854 1872 2997 1928 dant
3024 1873 3196 1930 verba
3222 1874 3517 1946 decorem,

211 1961 306 2019 Sic
333 1963 463 2034 ejus
489 1960 713 2033 species
744 1960 998 2032 speciem
1030 1964 1122 2016 est
1148 1958 1377 2016 imitare
1409 1963 1705 2030 paternam
1734 1979 1751 2028 ς
2042 1954 2249 2013 Nescio
2288 1956 2422 2029 plus
2449 1956 2682 2031 placeas
2712 1960 3054 2033 proficiasve
3095 1963 3300 2036 magis,

286 2049 358 2108 Ut
386 2050 465 2108 sit
493 2065 559 2107 eo
587 2049 710 2106 viso
742 2048 899 2105 visus
930 2053 987 2105 et
1023 2047 1148 2122 ipse
1177 2056 1355 2122 pater.
2734 2084 2819 2143 ΠΙ

210 2136 604 2210 virgineoque
634 2136 745 2193 sibi
774 2135 1066 2193 fabricans
1095 2137 1166 2192 de
1194 2151 1433 2208 corpore
1461 2152 1675 2209 corpus
2824 2125 2840 2143 ⁶

281 2226 615 2283 Humanam
647 2241 716 2282 ex
746 2225 986 2281 homine
1014 2223 1305 2281 contrahit
1338 2224 1615 2296 effigiem.

210 2315 466 2373 Exhibet
495 2330 614 2371 una
634 2316 781 2370 duas
813 2315 1035 2386 species
1065 2329 1334 2386 persona,
1370 2313 1639 2384 Deaeque

277 2405 486 2461 Factus
517 2404 693 2460 bomo
726 2403 1024 2475 proprium
1059 2406 1252 2460 servat
1283 2402 1516 2476 utrique
1546 2418 1734 2475 genus
1767 2420 1782 2458 ε

209 2497 412 2552 Servat
439 2491 598 2548 enim
631 2491 924 2563 propriam
953 2495 1172 2548 natur-e
1202 2491 1641 2563 simplicitatem

285 2583 390 2639 Hic
418 2582 478 2637 in
510 2597 683 2638 carne
712 2580 890 2649 Deus,
922 2596 1053 2636 cum
1093 2580 1315 2638 Deitate
1344 2597 1498 2640 caro.

213 2672 337 2729 Non
369 2668 844 2740 commiscentur,
873 2686 978 2726 nec
1019 2669 1174 2727 enim
1208 2671 1453 2727 confusa
1480 2670 1717 2728 resolvit

287 2760 394 2817 Vel
423 2775 659 2817 carnem
690 2758 905 2827 Deitas,
938 2758 1024 2815 vei
1054 2773 1188 2816 caro
1228 2759 1403 2816 mista
1433 2764 1641 2816 Deum.

217 2850 447 2923 Regnat
479 2849 537 2906 in
569 2851 874 2920 assumpta
898 2846 1142 2904 Deitatis
1172 2848 1356 2920 gioria
1385 2865 1578 2918 carne,

285 2939 403 2997 Nec
433 2940 742 3012 majestate
771 2952 982 2994 carnea
1009 2937 1163 2994 velat
1191 2945 1452 3013 gravant.

211 3031 606 3105 virgineaque
634 3030 747 3086 fide
776 3034 1026 3086 veterem
1060 3033 1348 3103 purgante
1378 3032 1605 3086 reatum

283 3120 564 3178 Numinis
593 3120 845 3176 adventu
877 3125 964 3175 est
994 3118 1357 3175 sanctificata
1387 3135 1520 3176 caro

211 3209 408 3266 Credit
436 3224 505 3264 ex
533 3207 794 3264 exhibuit
816 3207 1093 3263 mundam
1116 3207 1344 3264 devotio
1375 3213 1641 3278 matrem,

285 3297 743 3372 Magnificatque
772 3296 978 3365 Deum,
1013 3296 1386 3368 magnificata
1414 3295 1551 3353 Deo.

213 3386 470 3460 Virginis
502 3386 810 3458 integritas
849 3385 1007 3442 salvo
1039 3385 1288 3442 fecunda
1326 3387 1546 3459 pudore

280 3475 572 3549 Concipit,
604 3480 778 3548 atque
809 3474 996 3532 virum
1029 3474 1279 3548 parturit
1307 3475 1531 3547 absque
1567 3474 1707 3531 viro.

203 3566 323 3625 Nec
351 3570 572 3624 reserat
600 3572 805 3638 partus
834 3564 1050 3639 signati
1083 3563 1332 3622 claustra
1365 3565 1604 3639 pudoris

277 3655 514 3729 Absque
544 3654 668 3713 viro
697 3654 950 3727 genitus,
979 3654 1172 3713 editus
1202 3655 1426 3728 absque
1453 3654 1568 3712 via.

207 3746 359 3819 Ergo
389 3743 616 3803 alterna
645 3760 857 3802 novum
889 3744 1074 3802 foedus
1096 3744 1448 3802 commercia
1477 3744 1746 3816 miscent,

281 3835 350 3892 Εἰ
376 3838 548 3892 vetus
577 3834 638 3891 in
670 3850 872 3908 pacem
904 3834 1151 3893 vertitur
1179 3833 1267 3891 ira
1305 3849 1536 3893 novam.

204 3924 494 3982 Humanis
512 3925 798 3997 siquidem
832 3924 1050 3982 blando
1079 3923 1276 3983 divina
1305 3924 1497 3984 favore

279 4013 609 4070 Occurrunt
637 4012 837 4069 stabili
868 4013 1180 4072 conciliata
1216 4014 1351 4072 fide.

2397 2186 2465 2226 DE
2502 2188 2890 2231 muova'rtons:
2926 2191 3186 2233 vamum.

1969 2274 2252 2346 Quidquid
2283 2275 2474 2334 hiems
2505 2282 2787 2353 tanquam
2817 2282 2993 2339 veteri
3024 2283 3280 2341 deforme
3310 2292 3544 2345 senecta

2041 2365 2277 2436 Absque
2311 2366 2518 2424 decore
2548 2368 2645 2424 diu
2680 2369 2893 2428 fecerat
2920 2386 3048 2429 esse
3075 2388 3204 2430 suo.

1972 2454 2078 2509 Ver
2108 2460 2302 2523 novat,
2333 2460 2510 2529 atque
2541 2473 2687 2515 novo
2717 2462 3232 2532 compubescentia
3260 2463 3401 2522 flore

2043 2546 2294 2614 imperat
2320 2543 2394 2602 ad
2426 2549 2655 2604 teneros
2684 2548 2797 2620 (62)
2826 2554 3039 2608 cuncta
3067 2551 3256 2608 redire
3283 2553 3432 2611 dies.

1887 2621 1939 2688 Β
1969 2633 2159 2704 Rupta
2185 2634 2532 2692 videbantur
2559 2637 2787 2708 antiqui
2823 2638 3040 2695 foedera
3068 2655 3275 2711 nexus,

2037 2720 2474 2795 Convulsusque
2503 2725 2656 2782 odiis
2684 2727 2888 2784 cedere
2917 2732 3157 2786 sanctus
3186 2746 3373 2792 amor.

1968 2808 2107 2866 Visa
2136 2812 2555 2871 elementorum
2584 2816 2919 2874 communio
2947 2833 3113 2876 sacra
3139 2820 3359 2877 revelli.

2037 2900 2107 2956 Et
2137 2901 2303 2957 foetus
2331 2903 2527 2960 eadem
2556 2903 2703 2960 velle
2730 2921 2932 2962 vorare
2959 2922 3116 2963 suos.

1966 2988 2033 3046 In
2064 2992 2434 3065 veteremque
2463 2991 2589 3065 pari
2616 3008 2896 3052 conversa
2928 2996 3119 3055 furore
3149 2998 3489 3070 tumultum,

2041 3078 2294 3135 invisam
2329 3080 2504 3138 rebus
2534 3084 2856 3141 accelerare
2885 3101 3108 3143 necem.

1965 3170 2304 3224 Autumnus
2333 3170 2525 3227 senior
2552 3170 2739 3243 gelide
2771 3178 2902 3246 post
2931 3174 3151 3233 credita
3194 3184 3467 3249 spectans

2037 3256 2293 3326 Semina,
2314 3259 2634 3316 crediderat
2669 3261 2837 3318 tenus
2864 3262 3061 3321 obisse
3089 3282 3285 3324 suum.

1966 3350 2133 3403 Nunc
2164 3363 2228 3403 ea
2262 3355 2525 3405 secretus
2556 3354 2746 3407 movet
2775 3352 2927 3425 ignis
2954 3358 3012 3410 et
3041 3355 3242 3413 abdita
3270 3358 3457 3416 virtus

2033 3436 2292 3504 Naturae,
2323 3438 2511 3494 sancti
2539 3439 2773 3496 conscia
2801 3442 3032 3499 consilii
3064 3460 3080 3500 ε

1966 3525 2422 3598 Seminibusquo
2470 3528 2760 3586 adhibens
2789 3547 3016 3596 causas.
3048 3537 3107 3590 et
3134 3536 3358 3593 semina
3387 3539 3609 3610 causis,

2034 3616 2117 3671 Ad
2141 3615 2376 3673 coeleste
2405 3633 2579 3674 suum
2612 3620 2779 3676 docta
2809 3621 3025 3693 figurat
3050 3639 3220 3697 opus.

1964 3703 2059 3760 Sol
2090 3706 2288 3761 oriens
2316 3704 2483 3761 hilari
2519 3706 2853 3778 perlucidus
2882 3726 2982 3767 ore
3010 3713 3328 3787 redemptis

2036 3792 2296 3864 ignibus,
2326 3794 2624 3852 astrictam
2658 3797 2869 3870 frigore
2896 3800 3067 3858 solvit
3096 3801 3337 3862 humum
3373 3823 3387 3861 τ

1964 3882 2318 3955 Aeriamque
2349 3901 2494 3944 novo
2527 3885 2732 3944 faciem
2764 3888 3070 3961 splendore
3099 3908 3397 3964 serenans,

1881 3970 1925 4037 C
2036 3972 2355 4044 Purgatum
2384 3974 2671 4033 exhilarat
2697 3976 2884 4035 lenior
2911 3996 3056 4037 aura
3082 3982 3253 4039 diem.

206 4102 423 4158 Servus
452 4102 786 4175 adoptatur,
819 4101 971 4159 redit
998 4100 1183 4170 exsul,
1217 4118 1447 4161 carcere
1476 4104 1715 4162 clausus
1966 4062 2237 4208 U‘iffiqm
2275 4062 2547 4122 *mmmm
2567 4067 2851 4170 -Ῐῑῖνθῃθω,
2873 4068 3115 4126 ¹⁸⁸05Vi⁸
3144 4073 3453 4173 “Jundums

280 4189 431 4257 Exit,
463 4196 519 4246 οι
547 4190 732 4261 ejecto
762 4195 928 4261 porta
954 4194 1165 4263 negata
1196 4195 1374 4265 patet·
2078 4152 2455 4227 ecundosque
2477 4165 2658 4229 aperit
2689 4158 2934 4229 prodiga
2961 4163 3115 4216 terra
3145 4177 3330 4219 sunus.

1002 4278 1067 4335 n·
1963 4241 2237 4302 Gramine
2264 4244 2507 4303 vestitur
2537 4246 2775 4319 humus,
2803 4249 2976 4307 arbor
3005 4251 3335 4324 frondibus,
3365 4254 3538 4312 otl'ert

2033 4331 2339 4391 Gemmam
2370 4334 2531 4403 vitis,
2563 4352 2702 4409 ager
2729 4336 2874 4406 lilia,
2903 4339 3075 4410 spina
3102 4357 3316 4399 rosam.

1962 4419 2267 4479 Alternant
2292 4431 2347 4479 et
2377 4439 2529 4495 opus
2556 4429 2615 4482 et
2641 4441 2781 4498 opes
2805 4427 3092 4485 elementa
3121 4430 3408 4501 vicissim,

2034 4510 2223 4584 Seque
2253 4511 2445 4570 favore
2474 4513 2599 4586 pari
2630 4516 3237 4590 materiaquejuvant.

1964 4601 2115 4673 Engo
2141 4603 2493 4658 vetustatem
2525 4604 2731 4661 mundi
2762 4610 2971 4663 natura
3000 4608 3342 4681 reformans,

2029 4688 2322 4762 Auspiciis
2351 4689 2538 4749 fertur
2568 4693 2625 4749 in
2654 4708 2761 4751 sua
2788 4700 2922 4752 vota
2948 4695 3112 4754 suis:

1959 4780 2226 4851 Namque
2253 4780 2613 4840 voluntatem
2643 4784 2917 4843 comitata
2947 4788 3201 4857 potentia
3228 4804 3462 4862 semper

2030 4868 2155 4926 Non
2185 4869 2302 4943 (66)
2332 4870 2554 4944 patitur
2583 4872 2800 4931 frustra
2826 4874 2961 4946 quid
2995 4874 3254 4934 voluisse
3281 4880 3473 4938 deam.

1957 4958 2234 5031 Assurgit
2259 4959 2427 5018 laetus
2456 4962 2711 5034 speranti
2743 4964 3004 5021 mundus
3031 4968 3090 5021 et
3113 4966 3306 5024 audax

2030 5051 2094 5107 lu
2126 5048 2333 5107 faciem
2366 5051 2533 5124 pueri
2560 5052 2779 5125 cogitat
2806 5053 2891 5110 ire
2920 5070 3114 5112 senex.

1957 5141 2073 5198 Nec
2104 5140 2351 5198 reditum
2382 5142 2592 5199 metuit
2620 5143 2824 5201 veteris
2860 5143 3160 5217 tristisque
3187 5147 3387 5220 figura

2033 5232 2277 5289 Prorsus
2307 5230 2501 5290 obisse
2534 5231 2819 5303 hiemem,
2856 5250 2972 5292 non
3004 5234 3222 5293 abiisse
3251 5243 3490 5310 putans.

1871 5330 1920 5398 D
1953 5321 2272 5393 Elatusque
2303 5336 2463 5377 novae
2494 5338 2772 5379 successu
2806 5324 3210 5396 prosperitatis

2017 5408 2111 5466 Ad
2137 5411 2336 5467 votum
2364 5409 2542 5467 dictat
2569 5410 2747 5470 saecla
2774 5411 2973 5470 futura
2998 5428 3198 5473 suum.

263 5550 383 5629 (65)
412 5549 499 5625 B.,
527 5553 727 5610 ternos.
2012 5552 2128 5631 (66)
2155 5557 2243 5625 B.,
2271 5568 2429 5618 num.

415 4383 489 4424 An
521 4383 818 4424 naumann
851 4383 1290 4425 wrm-omassum
1319 4384 1649 4426 amscopmu.

207 4457 373 4523 Quod
404 4473 507 4531 per
539 4456 889 4529 multiplices
922 4457 1226 4530 dispensat
1259 4459 1442 4531 gratia
1472 4458 1712 4529 formas,

276 4545 395 4603 Hoc
426 4547 484 4603 in
515 4550 570 4603 te
600 4549 789 4604 totum
822 4545 1069 4603 contulit
1099 4545 1200 4603 illa
1228 4546 1405 4604 simul
1439 4562 1455 4605 ε

198 4646 461 4703 Contulit
490 4645 593 4704 illa
622 4644 801 4703 simul
832 4645 1119 4719 quidquid
1151 4645 1386 4703 virtutis
1426 4645 1641 4705 habere

275 4736 607 4794 numanum
652 4751 891 4810 corpus,
925 4751 1210 4809 mensque
1238 4737 1513 4793 moderna
1543 4741 1779 4811 potest:

198 4824 327 4882 Non
356 4825 516 4883 aliud
547 4842 758 4898 corpus
782 4825 893 4884 hac
924 4826 1173 4899 dignum
1205 4829 1422 4895 mente,
1453 4842 1561 4885 nec
1590 4827 1705 4885 ista

272 4913 438 4972 Mens
468 4916 582 4973 alio
613 4917 804 4973 fuerat
833 4932 1073 4992 corpore
1110 4916 1288 4991 digna
1325 4916 1463 4992 tegi.

195 5004 290 5062 Sic
318 5003 556 5061 animus
587 5005 886 5075 membris,
919 5008 1121 5064 animo
1150 5022 1214 5064 se
1256 5006 1522 5065 membra
1551 5011 1850 5083 coaptant,

270 5097 343 5155 Ut
370 5096 535 5154 nulla
565 5114 690 5155 sese
721 5098 1060 5171 disparitate
1085 5103 1347 5175 gravent.

200 5188 467 5261 Namque
498 5188 560 5246 in
591 5184 768 5260 regali
802 5202 970 5244 mens
1001 5189 1164 5263 regia
1185 5206 1426 5266 corpore
1457 5197 1682 5266 regnat,

264 5278 826 5351 Magn·animumque
857 5278 1066 5335 decent
1115 5281 1285 5338 fortia
1316 5282 1578 5340 membra
1624 5283 1838 5342 virum.

196 5368 517 5441 Compositi
544 5384 733 5426 mores
761 5368 1024 5426 habitum
1057 5369 1384 5445 faciemque
1411 5378 1746 5445 venustant,
