3784 6000
1107 270 1309 335 nlsT.
1357 272 1629 337 RERUM
1673 274 2217 341 TRANSMARIN.
2261 310 2343 326 —
2384 276 2534 341 LIB.
2580 279 2684 342 tv.

3485 242 3616 351 m.

180 409 333 469 olam
349 409 1101 485 aufugerant,urbemsolis
1123 409 1393 467 fidelibus
1421 409 1838 484 relinquentem
1875 415 1927 482 Α
1957 415 2041 472 ita
2070 416 2259 473 subito
2290 416 2401 473 sibi
2432 416 2812 488 vindicarent,
2834 425 3134 494 apponunt
3161 437 3288 480 eam
3303 421 3604 483 obsidione

180 500 255 559 ad
287 516 467 575 quam
503 505 817 573 postquam
838 500 956 557 Deo
987 499 1229 557 devotus
1257 502 1515 571 pervenit
1536 502 1839 571 exercitus,

182 594 321 648 ante
352 591 518 646 urbis
551 596 788 659 moenia,
821 589 880 645 in
916 589 1148 661 pascuis
1178 590 1499 646 virentibus
1527 601 1841 648 castrame-

180 678 288 736 tati
318 684 484 749 sunt,
517 678 856 736 violentiam
888 678 1087 735 inferri
1119 679 1340 735 civibus
1369 679 1604 736 omnino
1637 681 1840 750 prohi-

179 769 412 827 bentes.
456 767 622 826 Unde
654 769 870 825 lactum
904 772 992 826 est
1032 775 1099 824 ut
1141 785 1337 825 rerum
1369 769 1664 825 venalium
1696 769 1840 840 illic,

178 874 315 916 cum
347 858 511 915 omni
540 858 981 931 tranquillitate,
1002 857 1331 914 ministrata
1361 858 1437 914 sit
1459 858 1838 919 abundantia.

176 947 555 1019 Compertum
583 954 777 1004 autem
811 948 1113 1016 habentes,
1146 963 1212 1004 ex
1243 948 1654 1020 indigenarum
1689 947 1836 1004 rela-

174 1037 335 1095 tione
364 1036 551 1103 ssdeli,
580 1039 736 1110 quod
797 1037 857 1094 in
917 1038 1180 1110 proximo
1228 1038 1343 1093 alia
1391 1041 1655 1110 quaedam
1687 1043 1838 1096 esset

177 1126 413 1194 civitas,
448 1126 616 1183 bonis
640 1127 982 1184 redundans
1012 1127 1309 1195 omnibus,
1341 1132 1399 1183 et
1414 1127 1632 1184 caeteris
1653 1128 1836 1185 multo

178 1215 451 1285 fertilior,
471 1232 642 1288 quaea
674 1216 881 1273 Turcis
904 1216 1296 1284 detinebatur,
1314 1218 1549 1272 nomine
1575 1220 1830 1287 artasia3

175 1305 315 1363 illuc
344 1322 487 1363 cum
504 1308 661 1363 omni
678 1307 1052 1363 celeritatede
1065 1307 1362 1363 communi
1383 1306 1836 1365 consiliocomes

173 1394 633 1453 Flandrensium
652 1394 959 1462 Robertus,
982 1395 1307 1467 assumptis
1338 1396 1449 1450 sibi
1477 1394 1832 1469 quibusdam

174 1485 774 1547 nobilibus,Roberto
798 1485 1057 1542 videlicet
1086 1485 1157 1542 de
1191 1486 1395 1542 Roseto
1425 1491 1481 1540 et
1520 1484 1836 1543 Goscelone

173 1574 294 1632 filio
326 1576 609 1646 Cononis,
642 1577 875 1633 comitis
905 1577 975 1633 de
1010 1576 1396 1645 Monteacuto,
1421 1592 1553 1632 cum
1575 1576 1727 1632 mille
1750 1576 1834 1633 lo·

175 1664 377 1722 ricatis
412 1664 834 1737 proficiscitur3
870 1683 985 1740 quo
1016 1667 1380 1738 perveniens,
1414 1667 1678 1738 protinus
1707 1683 1835 1724 eam

176 1753 488 1812 obsidione
545 1754 742 1813 vallat.
789 1756 966 1813 Turci
1016 1761 1209 1814 autem
1242 1758 1312 1813 de
1350 1754 1460 1812 loci
1504 1755 1832 1813 munimine

178 1850 635 1919 presumentes,
666 1844 808 1902 urbe
839 1845 1056 1913 relicta,
1091 1847 1149 1902 in
1184 1847 1512 1918 praesidium
1545 1863 1604 1903 se
1626 1853 1832 1903 contu·

177 1935 394 1992 lerunt.
412 1935 1009 1993 AtveroArmeniiset
1039 1935 1136 1991 alii
1170 1936 1369 1992 fideles
1390 1937 1653 2008 ejusdem
1673 1936 1834 1994 urbis

180 2023 570 2089 habitatores,
603 2026 1025 2096 comperientes
1051 2027 1200 2097 quod
1234 2026 1291 2082 hi
1326 2026 1424 2098 qui
1457 2026 1514 2081 in
1549 2031 1711 2081 tanto
1745 2043 1834 2082 ar-

176 2129 409 2170 mornm
445 2114 670 2187 fulgore
682 2117 1052 2182 advenerant,
1069 2114 1404 2172 deexercitu
1419 2126 1636 2186 essent,
1658 2131 1832 2187 quem

176 2203 301 2269 dtu,
324 2212 538 2260 etcum
554 2203 738 2261 multo
768 2210 1244 2277 exspectaverunt
1264 2203 1576 2273 desiderio,
1596 2205 1652 2260 io
1673 2220 1833 2275 spem

173 2291 473 2349 libertatis
527 2293 726 2360 erecti,
784 2309 949 2350 arma
1005 2294 1375 2367 corripiunt:
1411 2294 1558 2352 etin
1589 2293 1834 2364 Tereos,

173 2381 270 2455 qui
301 2397 412 2439 eos
444 2381 700 2439 violenta
731 2381 1122 2441 dominatione
1178 2400 1278 2455 per
1310 2383 1498 2440 multa
1525 2400 1832 2456 oppresse-

174 2477 305 2528 rant
334 2478 630 2546 tempora,
660 2473 888 2545 gladios
938 2481 1302 2531 convertunt.
1337 2479 1695 2546 Factumque
1724 2479 1830 2545 est,

178 2567 242 2618 ut
267 2561 477 2619 subito
506 2565 861 2635 perimentes
883 2565 1206 2632 universoS,
1232 2581 1433 2622 eorum
1458 2566 1651 2637 capita
1676 2571 1835 2622 exte·

178 2651 297 2709 rius
319 2654 723 2726 projiceren13
754 2660 815 2711 et
848 2656 1031 2726 portis
1077 2657 1298 2727 apertis
1356 2654 1557 2712 fideles
1604 2655 1706 2727 qui
1736 2671 1836 2711 ex-

183 2742 363 2800 terius
392 2748 591 2812 erant,
622 2743 778 2800 intra
833 2745 1037 2801 urbem
1093 2745 1471 2802 devotissime
1519 2745 1837 2801 invitarent

182 2832 248 2889 ad
280 2833 614 2906 hospitium
642 2839 739 2904 ;et
784 2833 972 2905 plenis
1025 2835 1438 2906 hospitalitatis
1469 2833 1722 2908 legibus,
1749 2835 1836 2891 eis

185 2927 238 2979 st
258 2922 434 2995 equis
454 2938 661 2980 eorum
695 2926 1023 2981 necessaria
1055 2926 1480 2982 ministrarent.
1511 2929 1608 2980 ttst
1636 2930 1832 2981 autem

186 3013 560 3081 nescivitas,
587 3031 718 3087 quai
770 3016 884 3073 alio
935 3017 1171 3074 nomine
1219 3015 1455 3090 Calquis
1485 3015 1835 3089 appellatur,

185 3119 303 3175 qun
332 3104 495 3162 siout
531 3106 808 3178 prodicta
864 3105 1110 3164 Maresia
1163 3122 1280 3163 una
1329 3106 1401 3161 de
1448 3105 1837 3178 suffraganeis

1961 505 2190 561 vallare.
2225 506 2488 579 Cumque
2522 525 2621 580 per
2650 510 2804 566 diem
2854 513 3145 584 integrum
3178 513 3381 570 urbem
3412 530 3601 587 expu-

1956 601 2259 666 gnassent,
2291 605 2346 651 et
2375 597 2492 652 illis
2522 598 2622 669 qui
2653 598 2815 656 intus
2844 607 3008 657 erant
3038 603 3444 661 resistentibus
3468 603 3604 660 viri·

1953 682 2108 753 liter,
2144 700 2255 741 non
2292 686 2993 758 proficerent3audientes
3024 691 3198 747 etiam
3228 694 3383 765 quod
3418 693 3604 766 major

1955 776 2456 846 appropinquaret
2494 779 2805 846 exercitus,
2838 781 3010 851 cujus
3058 781 3450 852 periculosum
3477 790 3603 841 erat

1954 863 2130 920 nimis
2160 865 2475 921 adventum
2508 877 2857 938 exspectare,
2889 870 3117 927 saniore
3139 870 3297 928 ducti
3330 872 3598 942 consilio,

1949 952 2310 1009 Antiochiam
2345 956 2550 1010 reversi
2584 961 2749 1026 sunt3
2786 964 2957 1028 ponte
2988 962 3203 1031 tamen,
3234 960 3334 1032 qui
3366 962 3601 1020 medius

1949 1047 2092 1111 erat,
2126 1044 2410 1100 militibus
2452 1047 2836 1103 communito.
2870 1047 3071 1104 Comes
3118 1049 3296 1121 igitur
3341 1067 3475 1109 cum
3507 1051 3600 1111 his

1951 1133 2049 1202 qui
2081 1148 2276 1188 seeum
2309 1139 2496 1201 erant,
2529 1137 2732 1191 urbem
2764 1151 2940 1206 quam
2963 1137 3013 1193 ei
3046 1138 3373 1194 contulerat
3402 1138 3602 1197 Domi-

1952 1235 2083 1290 nus,
2117 1238 2297 1292 usque
2344 1222 2417 1278 ad
2472 1225 2780 1280 adventum
2840 1225 3076 1296 majoris
3116 1228 3400 1284 exercitus
3429 1226 3596 1285 solli-

1951 1311 2100 1366 citus
2130 1313 2524 1371 conservabat.
2556 1315 2663 1369 Sed
2702 1314 2930 1371 interim
2954 1316 3193 1388 egregiae
3214 1316 3426 1373 indolis
3448 1319 3598 1375 ado-

1950 1399 2174 1457 lescens
2217 1401 2514 1474 praeditus,
2546 1402 2788 1460 Goscelo
2836 1404 3060 1461 domini
3089 1404 3336 1461 Cononis
3368 1392 3598 1466 comitis

1949 1490 2020 1545 de
2050 1492 2414 1548 Monteacuto
2448 1492 2626 1558 filius,
2650 1493 2842 1551 valida
2889 1502 3191 1569 correptus
3228 1495 3596 1566 acritudine,

1948 1579 2068 1635 vita
2099 1580 2385 1636 decessit:
2419 1580 2636 1639 ibidem
2659 1598 2794 1638 cum
2824 1581 3087 1642 honestis
3105 1584 3394 1657 exsequiis
3422 1580 3626 1642 tradl·'

1946 1669 2043 1724 tus
2073 1667 2404 1740 sepulturas.

2565 1777 2794 1837 CAPUT
2831 1777 2985 1838 vm.

1940 1864 2114 1935 Major
2141 1868 2412 1922 exercitus
2456 1868 2730 1924 artesiam
2775 1871 3023 1938 pervenit
3053 1886 3073 1926 .·
3105 1870 3264 1935 inde.
3293 1870 3595 1941 premissis

2011 1937 2364 2009 quibusdum,
2396 1942 2491 2009 qui
2517 1945 2910 2005 praetentarent
2938 1943 3074 2005 vias,
3099 1940 3170 1996 ud
3195 1951 3417 2013 pontem
3443 1958 3594 2002 acce·

2010 2014 2167 2077 dunt,
2198 2015 2254 2065 et
2283 2012 2469 2066 invitis
2494 2011 2736 2067 hostibus
2762 2011 2994 2082 fluvium
3023 2015 3331 2071 transcunt.

2013 2113 2114 2171 Vix
2142 2115 2295 2173 circa
2325 2134 2621 2189 auroram,
2651 2118 2825 2174 Turci
2858 2118 2957 2191 qui
2988 2119 3062 2175 ab
3090 2119 3399 2177 Antiochia
3427 2135 3591 2179 vene·

1944 2210 2091 2268 rant,
2125 2205 2518 2264 discesserant
2546 2207 2618 2265 ab
2647 2208 2895 2273 Artasia‚
2931 2225 3064 2265 cum
3097 2225 3229 2267 ecce
3269 2211 3591 2283 nuntiatur,

1942 2296 2223 2365 majorem
2255 2297 2570 2353 exercitum
2604 2298 2868 2370 ejusdem
2899 2297 3150 2355 civitatis
3182 2298 3332 2357 fines
3361 2301 3591 2373 ingres·

1941 2400 2094 2453 sum,
2122 2402 2236 2442 non
2268 2385 2440 2459 longe
2459 2388 2531 2443 ab
2557 2390 2695 2442 urbe
2717 2392 2902 2443 castra
2927 2387 3165 2444 locasse.
3201 2388 3470 2462 Dumque
3490 2405 3592 2460 pro

1945 2474 2221 2531 iratribus
2252 2475 2347 2545 qui
2378 2478 2529 2547 apud
2563 2476 2853 2533 Artasiam
2888 2475 3251 2533 obsidionem
3284 2480 3399 2549 pati
3434 2478 3593 2536 dioe-

1940 2563 2172 2633 bantur,
2203 2565 2459 2621 debitam
2512 2570 2725 2638 gerunt
2783 2564 3266 2636 sollicitudinem,
3307 2567 3380 2623 de
3428 2583 3588 2625 com·

1943 2654 2105 2708 muni
2131 2652 2377 2708 consilio
2408 2653 2569 2710 mille
2598 2662 2656 2711 et
2693 2656 3117 2728 quingentosin
3142 2655 3476 2713 subsidium
3498 2672 3591 2715 eo-

1941 2758 2071 2802 rum
2125 2741 2397 2799 loricatos
2447 2744 2730 2817 dirigunt,
2766 2743 3161 2816 precipientes
3219 2753 3277 2802 ut
3308 2747 3358 2802 si
3388 2746 3460 2803 ad
3492 2760 3590 2803 ur·

1941 2832 2095 2902 bem,
2128 2832 2431 2890 obsidione
2461 2832 2672 2904 soluta,
2709 2833 2953 2890 liberum
3008 2839 3245 2906 possent
3283 2850 3587 2894 accessum

1942 2919 2177 2991 habere,
2209 2921 2425 2977 relictis
2458 2922 2823 2991 custodibus,
2858 2922 2957 2995 qui
2999 2923 3071 2977 ad
3105 2921 3266 2978 urbis
3298 2922 3591 2981 defensio-

1942 3025 2076 3065 nem
2120 3012 2387 3068 sumcere
2414 3020 2674 3084 possent,
2709 3013 2974 3068 dominus
3005 3028 3197 3069 comes
3220 3013 3591 3072 flandrensis

1940 3104 2000 3155 et
2026 3098 2130 3156 alii
2163 3099 2409 3170 nobiles,
2440 3100 2686 3173 quicum
2713 3118 2779 3158 eo
2802 3102 3018 3157 ibidem
3049 3106 3236 3172 erant,
3267 3101 3342 3159 ad
3370 3102 3591 3160 exerci-

184 3195 455 3264 urbibue‚
479 3210 610 3269 quae
638 3194 711 3252 ad
742 3196 1016 3252 thronum
1063 3195 1490 3253 Antiochenum
1520 3196 1832 3267 subjectio·
1862 3175 1916 3244 G
1944 3194 2068 3246 tum
2104 3190 2365 3247 redeant.
2401 3191 2665 3247 Rodierat
2701 3191 2876 3247 etiam
2934 3191 3210 3249 dominus
3236 3193 3588 3263 Tancrodtm,

180 3283 265 3341 nis
298 3284 529 3341 habent
559 3295 909 3356 respectum.
942 3286 1128 3342 Distat
1156 3292 1350 3341 autem
1382 3286 1456 3343 ab
1478 3287 1839 3342 Antiochena

181 3373 535 3431 milliaribus
558 3374 909 3445 quindecim.
942 3376 1068 3431 llaec
1088 3391 1222 3446 ergo
1237 3376 1386 3432 fatua
1408 3376 1577 3444 longe
1604 3376 1836 3447 lateque

179 3476 275 3533 per
304 3462 619 3535 regionem
650 3462 884 3529 diffusa,
905 3463 1059 3520 cives
1089 3466 1481 3521 Antiochenos
1509 3466 1739 3535 excivit,
1774 3470 1838 3522 ut

176 3566 332 3608 arma
358 3551 766 3624 corriperent;
801 3557 858 3609 et
913 3553 974 3609 in
1029 3555 1339 3624 perniciem
1375 3551 1609 3610 illorum
1641 3556 1741 3626 qui
1765 3556 1832 3610 ad

176 3642 476 3697 artasiam
536 3646 927 3697 convenerant
950 3650 1002 3698 et
1034 3644 1165 3714 ejus
1195 3643 1351 3699 cives
1382 3644 1697 3701 occidendo
1731 3660 1831 3699 ur-

179 3729 298 3787 bem
316 3733 1250 3805 occupaverant,accingerentur.
1276 3734 1455 3790 Electi
1486 3750 1624 3808 ergo
1655 3735 1725 3790 de
1743 3733 1834 3790 his

177 3819 453 3892 quiapud
467 3819 836 3877 Antiochiam
855 3822 926 3877 ad
958 3821 1199 3880 tutelam
1217 3824 1481 3894 ejusdem
1514 3825 1677 3881 urbis
1698 3840 1831 3881 con·

175 3914 438 3978 venerat,
480 3910 651 3983 quasi
683 3913 753 3967 sd
785 3911 985 3967 decem
1001 3912 1160 3968 omni
1193 3914 1265 3969 ad
1298 3913 1502 3979 millia,
1535 3915 1647 3970 sub
1691 3914 1831 3970 illuc

178 3998 553 4056 festinatione
582 4001 961 4058 contendunt.
980 4003 1062 4057 Ad
1087 4018 1261 4070 quem
1283 4019 1415 4058 cum
1450 4004 1833 4075 approxima-

182 4096 306 4144 rent
336 4088 569 4158 locum,
599 4089 916 4161 praemissis
963 4104 1269 4146 armaturas
1328 4090 1471 4147 levis
1529 4079 1829 4163 equitibus

182 4179 443 4251 triginta,
474 4178 576 4252 qui
608 4195 788 4251 equos
820 4180 1112 4238 habebant
1162 4180 1578 4250 velocissimos,
1619 4182 1829 4254 reliqui

179 4265 235 4323 in
265 4268 395 4326 loco
426 4270 659 4326 occulto
689 4270 760 4326 ad
813 4271 1058 4327 insidias
1077 4270 1339 4327 derelicti
1390 4277 1824 4330 remanserunt.

180 4355 248 4412 ni
300 4373 446 4432 ergo
503 4358 605 4430 qui
649 4359 934 4431 promissi
980 4365 1142 4427 sunt,
1193 4360 1360 4433 quasi
1389 4377 1739 4432 excursores,
1768 4366 1831 4418 ut

181 4455 405 4506 nostros
438 4446 516 4505 ad
553 4448 962 4506 insectandum
989 4450 1283 4508 incautius
1331 4452 1664 4522 invitarent,
1694 4463 1828 4508 ante

1946 3282 2210 3338 eamdem
2244 3281 2504 3338 mandati
2537 3282 2782 3338 sormam
2814 3282 3164 3355 suscipiens,
3194 3300 3227 3338 a
3255 3281 3478 3350 Cilicia,
3509 3283 3587 3339 ub

1946 3371 2241 3441 regionem
2276 3372 2607 3427 universam
2631 3388 2749 3427 suae
2775 3372 3205 3443 mancipaverat
3234 3372 3460 3430 ditioni.
3487 3375 3589 3429 Re·

1945 3464 2096 3518 versi
2129 3468 2293 3520 erant
2322 3475 2375 3520 et
2406 3462 2504 3518 alii
2540 3462 2947 3530 nihilomiuus,
2979 3466 3074 3534 qui
3127 3465 3589 3537 circumquaque

1944 3551 2216 3625 dispersi.
2249 3552 2425 3608 variis
2455 3553 2601 3624 rapti
2654 3554 2883 3607 fuerant
2913 3551 3129 3609 studiis
3161 3566 3175 3606 ε
3209 3558 3448 3621 excepto
3477 3551 3591 3608 do-

1945 3646 2105 3699 mino
2135 3641 2417 3698 Balduino
2447 3642 2613 3696 ducis
2645 3642 2839 3709 fratre,
2873 3641 2970 3712 qui
3006 3640 3156 3696 circa
3189 3646 3382 3711 partes
3411 3640 3588 3696 Edes-

1942 3749 2136 3797 sanas,
2167 3733 2239 3786 de
2269 3731 2438 3785 diein
2471 3730 2648 3796 diem,
2673 3729 2879 3801 praevia
2909 3729 3141 3786 Domini
3164 3729 3586 3804 misericordia,

1943 3824 2129 3892 magis
2154 3836 2221 3877 ac
2252 3822 2437 3892 magis
2479 3819 2833 3889 proficiebat.
2865 3819 2959 3875 Sic
3006 3818 3186 3890 igitur
3232 3817 3588 3889 reintegrato

1942 3911 2221 3979 exercitu,
2250 3914 2308 3966 et
2366 3908 2627 3982 partibus
2660 3907 2998 3972 recollectis,
3022 3908 3192 3981 quasi
3223 3907 3350 3980 lege
3380 3906 3590 3979 presci-

1940 4002 2111 4073 piunt
2138 3999 2392 4070 edictali,
2426 4004 2489 4055 ut
2509 4001 2581 4055 de
2609 4003 2837 4066 caetere,
2863 4014 3055 4068 neme,
3081 3997 3434 4070 nisijussus,
3452 4013 3592 4068 prae-

1940 4098 2136 4148 sumat
2166 4090 2239 4145 ab
2268 4091 2524 4145 exercitu
2575 4089 2852 4162 separari.
2884 4091 3100 4145 Solutis
3161 4090 3333 4161 igitur
3380 4088 3587 4147 castris

1937 4198 2141 4237 versus
2169 4179 2537 4237 Antiochiam
2562 4181 2712 4235 acies
2743 4180 3031 4253 dirigunt,
3055 4179 3273 4235 viarum
3305 4193 3588 4251 compen-

1938 4271 2032 4328 dia
2061 4270 2270 4328 secuti.
2304 4270 2373 4325 Et
2420 4271 2555 4342 quia
2585 4269 2797 4327 fluvius
2858 4270 2916 4326 in
2975 4270 3069 4326 via
3100 4269 3328 4326 medius
3357 4275 3503 4340 erat,
3529 4272 3590 4328 et

1937 4376 2117 4432 super
2171 4360 2413 4416 fluvium
2469 4369 2704 4431 pontem
2753 4360 3054 4417 audierant
3105 4375 3236 4417 esse
3267 4358 3591 4419 munitissi-

1938 4469 2125 4523 mum,
2154 4455 2428 4509 timentes
2454 4467 2525 4507 ne
2573 4456 2859 4508 exercitus
2893 4450 3125 4524 aliquod
3160 4449 3241 4506 ibi
3271 4452 3591 4506 sustineret

182 4533 383 4596 orbem
412 4525 711 4597 Artasiam
744 4542 1240 4613 coeperuntlibere
1272 4543 1470 4611 nimis,
1503 4542 1831 4614 quasiprae-
1857 4554 1905 4621 1)
1939 4541 2760 4614 impedimentum,dominum
2781 4539 3586 4598 RobertumNormannorutn

182 4626 279 4684 das
305 4627 603 4698 abacturi,
634 4628 975 4686 discurrere.
1014 4630 1201 4689 Nostri
1235 4638 1429 4687 autem
1463 4632 1561 4705 qui
1596 4637 1654 4687 in
1690 4632 1830 4689 urbe

184 4724 360 4787 mat,
392 4733 605 4775 eorum
638 4719 785 4775 ferre
814 4736 928 4776 non
960 4723 1219 4777 valentes
1250 4722 1583 4793 superbiam
1614 4729 1667 4778 et
1692 4723 1831 4779 libe·

185 4820 274 4863 ros
303 4807 497 4864 nimia
544 4823 848 4875 excursus,
876 4811 1139 4870 certatim
1192 4811 1263 4866 ad
1294 4828 1456 4869 arma
1485 4812 1828 4883 convolant;

184 4899 239 4952 et
260 4911 359 4954 eos
388 4899 752 4955 insectantes
795 4897 1024 4956 incaute
1052 4899 1502 4973 aliquantulum,
1534 4919 1711 4974 super
1738 4918 1834 4957 eas

187 4999 329 5057 quas
359 4987 634 5046 studiose
688 4990 1021 5047 locaverant
1069 4990 1332 5060 insidias,
1359 4991 1787 5048 descenderunt
1816 5007 1831 5048 ε

184 5075 281 5148 qui
306 5075 382 5132 de
411 5075 657 5135 latebris
703 5080 1090 5152 egredientes,
1127 5086 1357 5135 nostros
1413 5082 1482 5135 ab
1506 5080 1643 5136 urbe
1674 5080 1835 5136 labo-

186 5163 389 5223 rabant
412 5164 750 5234 excludere,
781 5183 851 5225 ne
897 5169 970 5225 ad
1026 5186 1149 5227 eam
1182 5171 1603 5242 confugientes,
1634 5177 1836 5226 contra

184 5248 471 5313 irrmntes
492 5256 749 5329 majores
768 5258 965 5330 copias
978 5266 1218 5333 possent
1237 5258 1497 5318 invenire
1519 5261 1833 5332 refugium.

186 5343 373 5404 Nostri
434 5349 665 5420 tamen,
695 5352 934 5406 auctore
990 5349 1260 5417 Domino,
1293 5366 1391 5407 eos
1439 5366 1475 5406 a
1503 5366 1566 5407 ee
1595 5349 1836 5406 viriliter

186 5434 553 5508 repellentes,
572 5439 696 5494 sani
724 5441 783 5494 et
809 5439 1154 5512 incolumes,
1176 5456 1311 5497 cum
1341 5440 1500 5498 omni
1530 5439 1837 5498 suocomi-

184 5525 299 5582 istu
328 5525 491 5586 infra
526 5528 866 5602 predictam
902 5531 1106 5588 urbem
1140 5548 1201 5588 se
1229 5535 1595 5606 receperunt.
1624 5530 1835 5590 Viden·

184 5613 265 5674 ω
288 5619 503 5676 autam
548 5618 704 5692 qaod
758 5635 876 5680 non
906 5624 1034 5679 erat
1070 5636 1222 5693 opus
1251 5620 1419 5682 facile
1447 5624 1512 5681 ut
1538 5620 1833 5682 civitatem

1939 4633 2145 4689 ducem
2180 4649 2314 4689 cum
2374 4648 2478 4690 suo
2527 4632 2807 4688 comitatu
2839 4631 3150 4702 jusserunt
3179 4629 3501 4700 praecedere
3530 4631 3589 4684 et

1941 4730 2287 4795 praetentare
2344 4723 2571 4791 itinera,
2602 4728 2887 4791 quatenus
2943 4721 2991 4774 si
3043 4719 3180 4789 quid
3228 4714 3589 4774 dttflcultatls

1942 4822 2264 4871 occurreret
2295 4813 2351 4868 id
2383 4812 2872 4883 subsequentibus
2891 4808 3217 4881 legionibus
3250 4806 3462 4863 faceret
3488 4821 3590 4862 no·

1945 4908 2089 4971 tum,
2122 4909 2179 4958 et
2211 4902 2499 4974 principes
2518 4918 2579 4957 su
2590 4917 2690 4972 per
2718 4917 2784 4957 eo
2816 4900 3081 4956 redderet
3107 4897 3587 4956 doctioreefflrn·

1942 4993 2228 5050 cedebant
2283 4994 2476 5047 autem
2528 4992 2656 5059 ejus
2695 4994 3009 5046 exercitum
3070 4987 3242 5060 quasi
3289 4986 3586 5059 legionum

1943 5080 2280 5155 primicerii,
2323 5078 2526 5135 vexilla
2557 5078 2910 5149 baiulantes,
2933 5075 3037 5133 viri
3075 5076 3299 5133 nobiles
3318 5080 3378 5132 et
3407 5074 3592 5145 incly-

1942 5173 2010 5241 ti,
2040 5177 2096 5228 et
2124 5171 2185 5227 in
2236 5186 2342 5227 usn
2404 5185 2700 5226 armorum
2759 5166 3280 5235 commendabiles,
3320 5165 3590 5223 dominns

1943 5262 2238 5319 Eurardus
2278 5260 2349 5316 de
2381 5260 2615 5329 Pusato,
2645 5259 2899 5330 Rogerus
2927 5258 2999 5314 de
3028 5255 3374 5315 Barnavilla.
3407 5253 3590 5325 Sepa-

1944 5358 2106 5408 ratus
2135 5350 2318 5425 igitur
2345 5351 2418 5407 ab
2447 5350 2700 5407 exercitu
2745 5350 3013 5406 dominus
3063 5362 3260 5404 comes
3299 5361 3433 5402 cum
3462 5342 3593 5406 suis

1942 5443 2303 5506 cohortibus,
2332 5445 2393 5499 et
2421 5441 2671 5513 majores
2718 5437 3053 5512 praecedens
3102 5435 3320 5508 copias,
3350 5435 3418 5491 ad
3442 5451 3591 5510 prn-

1943 5531 2163 5590 dictum
2184 5535 2420 5604 pontem
2452 5529 2733 5607 pervenit.
2757 5529 2894 5587 Erat
2911 5532 3110 5586 autem
3132 5542 3281 5601 pons
3303 5524 3592 5600 lapideus,

1944 5622 2006 5681 in
2037 5628 2290 5699 utraque
2319 5623 2507 5684 fronte
2548 5625 2736 5679 turres
2793 5619 3013 5682 hah-eos
3055 5616 3488 5678 munitissimas
3516 5630 3588 5676 cx
