3784 6000
124 259 250 319 47²1

1066 252 1269 315 mer.
1320 252 1591 316 RERUM
1633 253 2181 317 TRANSMAalN.
2231 288 2308 302 —
2345 254 2490 318 ΗΒ.
2537 254 2612 316 Χ.

3425 260 3546 328 478

127 391 360 451 dlutius
381 395 615 465 propter
642 407 845 450 eorum
878 391 1251 463 paucitatem,
1286 390 1497 447 nostris
1539 405 1654 447 non
1687 393 1778 448 est
1807 392 1861 459 Α
1891 391 1977 447 cis
2022 392 2092 448 de
2140 407 2256 464 quo
2304 392 2575 465 superius
2625 394 2869 452 fecimus
2930 397 3306 469 mentionem,
3359 399 3545 458 filiam

129 482 326 540 visum
359 482 704 556 expediens;
728 482 825 538 sed
854 481 914 537 in
944 484 1134 537 castra
1163 480 1416 538 hostium
1449 481 1778 550 redeuntes,

127 571 323 645 spolia
350 571 633 646 colligunt
666 570 956 642 plurima;
990 570 1207 637 asinos,
1238 569 1515 634 camelos,
1536 569 1776 640 papilio-

130 678 237 719 nes
264 666 326 718 et
352 661 627 727 tentoria,
657 659 960 731 vcitusque
988 663 1046 714 et
1098 657 1507 715 alimentorum
1550 657 1780 714 diversa

126 767 346 826 genera
377 764 576 807 secum
602 749 947 817 deferentes,
980 748 1201 820 Joppen
1225 765 1359 804 cum
1393 748 1653 812 victoria,
1677 763 1776 819 po-

129 840 269 914 pulo
284 839 678 911 applaudente
710 840 1001 905 universo,
1026 854 1290 895 reversus
1310 845 1416 895 est.
1438 837 1778 907 Quievitque

124 944 377 1002 regnum
409 928 576 1000 qnasi
610 927 906 985 mensibus
936 931 1179 1000 septem.

716 1033 956 1090 CAPUT
985 1032 1192 1090 XXIII.

126 1126 438 1183 Tanti-edus
486 1127 713 1181 interim
753 1124 914 1180 urbes
953 1123 1353 1188 nobilissimas,
1406 1124 1694 1194 Apamiam
1722 1127 1775 1180 et

368 1197 713 1266 Laodiceam,
743 1197 805 1252 in
834 1212 1000 1252 suam
1029 1198 1221 1266 recipit
1251 1197 1537 1252 ditionem.

195 1282 383 1354 Igitur
412 1280 552 1337 dum
584 1279 704 1336 haec
733 1282 791 1336 in
832 1296 1005 1351 regno
1053 1280 1211 1337 varie
1259 1278 1776 1352 multipliciterque

125 1371 209 1428 sic
238 1374 520 1443 aguntur,
551 1369 817 1427 dominus
843 1369 1183 1426 Tancredus
1213 1369 1300 1426 vir
1347 1368 1614 1440 illustriS,
1640 1385 1776 1425 con-

123 1464 365 1534 gregata
394 1460 468 1517 de
518 1459 806 1516 universis
848 1459 969 1516 suis
1000 1459 1217 1516 militia
1247 1465 1305 1515 et
1349 1465 1468 1516 tam
1500 1459 1770 1531 equitum

125 1564 303 1620 quam
332 1548 599 1620 peditum
647 1547 830 1620 copiis
860 1549 1211 1617 convocatis,
1248 1547 1501 1604 nobilem
1551 1549 1770 1613 sedem,

123 1638 447 1708 Coelesyrioe
471 1636 864 1710 metropolim,
886 1637 1115 1693 obsidet
1140 1638 1468 1710 Apamiam.
1502 1636 1607 1693 Ubi
1640 1653 1772 1693 cum

124 1726 473 1800 aliquandiu
506 1742 667 1783 more
690 1727 899 1800 optimi
933 1727 1233 1799 principis,
1276 1727 1473 1784 debita
1502 1742 1776 1800 perseve-

125 1819 317 1873 rasset
370 1815 671 1886 instantia,
716 1815 955 1889 singula
1020 1832 1361 1888 percurrens
1425 1821 1779 1889 argumenta

123 1906 347 1975 quibus
374 1903 633 1962 hostium
683 1905 869 1961 solent
915 1907 1235 1979 expugnari
1277 1906 1586 1979 praesidia3
1629 1904 1775 1961 nihil

123 1996 408 2053 omittens
438 2011 639 2053 eorum
670 2011 801 2069 quse
834 1995 1094 2053 obsessis
1127 1994 1423 2052 molestias
1454 1997 1645 2053 solent
1684 1995 1772 2051 in-

123 2085 275 2141 ferre
304 2084 622 2157 graviores,
655 2101 896 2157 operoso
920 2084 1116 2141 studio
1145 2090 1202 2141 et
1230 2083 1620 2141 sollicitudine
1661 2100 1772 2140 non

123 2174 723 2247 pigra,pra2veniente
749 2189 882 2230 eum
916 2174 1110 2230 divina
1142 2173 1773 2243 clementia,civitatem

123 2262 403 2332 obtinuit,
427 2263 789 2335 principatus
810 2262 956 2319 lines
986 2262 1278 2336 amplians
1310 2263 1368 2318 in
1400 2262 1773 2319 immensum.

126 2352 267 2409 Inde
297 2352 527 2418 eadem,
560 2357 622 2408 ut
653 2352 866 2409 dicitur
895 2353 1010 2420 die,
1047 2353 1374 2408 Laodiciam
1409 2353 1773 2423 perveniens,

124 2458 249 2513 quo
283 2458 318 2498 a
362 2441 575 2498 Graecis
622 2442 1047 2514 possidebatur,
1078 2458 1206 2498 eam
1255 2443 1313 2497 in
1365 2459 1523 2499 suam
1564 2441 1778 2512 recepit

122 2530 439 2601 ditionem;
463 2531 752 2587 veteribus
773 2530 1212 2589 conditionibus
1246 2531 1604 2604 interpositis
1625 2532 1777 2587 inter

121 2636 183 2676 se
196 2624 291 2677 est
311 2621 536 2677 eosdem
557 2620 1120 2692 Laodicenses,quod
1139 2636 1492 2692 quacunque
1512 2620 1607 2675 dic
1623 2621 1776 2692 Apa·

123 2708 305 2765 miam
326 2708 1013 2777 sibivindicaret,eadem
1053 2709 1146 2766 die
1182 2708 1233 2763 ei
1273 2708 1399 2765 sine
1433 2708 1775 2765 difficultate

124 2800 492 2874 resignarent
522 2799 868 2857 Laodiciam.
892 2800 1111 2856 Harum
1147 2805 1451 2872 utramque
1483 2797 1776 2855 nobilissi-

125 2905 353 2946 marum
390 2889 645 2957 urbium,
674 2889 997 2945 Antiochus
1042 2888 1265 2946 Seleuci
1293 2889 1451 2945 tilius
1498 2889 1776 2944 fundasse

125 2977 361 3052 legitur,
392 2981 453 3034 et
499 2978 570 3034 de
619 2978 961 3036 nominibus
992 2978 1266 3047 filiarum,
1299 2993 1544 3052 quarum
1597 2977 1776 3033 altera

120 3068 397 3141 Apamia,
427 3067 610 3124 altera
636 3084 768 3124 vero
802 3068 1066 3125 Laodicia
1095 3069 1412 3134 dicebatur,
1446 3067 1773 3123 civitatibus

1891 480 2169 538 Morsiam
2201 482 2458 550 nomine,
2484 499 2721 540 uxorem
2755 484 2939 556 duxit,
2969 502 3244 562 magnam
3287 493 3346 546 et
3374 489 3544 549 valde

1889 572 2283 628 necessariam
2314 588 2449 629 curn
2482 588 2570 641 ea,
2611 573 2765 630 dotis
2797 575 3055 644 nomine,
3089 576 3414 650 suscipiens
3449 595 3546 653 pe·-

1889 661 2146 718 cuniam.
2197 661 2329 718 Erat
2374 666 2568 719 autem
2639 664 2948 734 praedictus
3004 666 3235 724 Gabriel
3287 668 3542 737 natione,

1889 749 2092 822 lingua
2110 757 2165 807 et
2195 751 2395 809 habitu
2418 753 2772 819 Armenius;
2805 755 2918 810 lide
2935 759 3130 812 tamen
3162 756 3420 815 Graecus.
3443 761 3542 816 Ac·

1886 838 2029 895 cidit
2050 845 2246 896 autem
2269 841 2446 910 quod,
2469 842 2609 896 dum
2642 842 2700 898 in
2721 844 2939 914 optimo
2961 850 3116 901 esset
3135 849 3292 903 statu
3323 851 3380 903 et
3395 847 3542 918 opti·

1886 943 1982 983 ma
2028 929 2454 999 tranquillitate
2504 929 2812 1000 frueretur,
2859 933 3099 1004 quidam
3149 935 3538 994 consobrinus

1884 1016 2036 1086 ejus,
2066 1017 2393 1074 Joscelinus
2440 1018 2706 1076 videlicet
2734 1020 2805 1077 de
2850 1024 3150 1097 cortenay,
3191 1025 3276 1081 vir
3323 1025 3539 1083 nobilis

1886 1107 1957 1164 de
1988 1107 2247 1174 Francia,
2279 1108 2351 1163 de
2398 1109 2632 1180 regione
2660 1125 2784 1181 quae
2834 1111 3049 1168 dicitur
3095 1112 3408 1181 Gastineis,
3440 1131 3538 1171 ac·

1884 1195 2065 1252 cessit
2092 1196 2163 1252 ad
2211 1212 2385 1265 eum;
2418 1199 2518 1270 qui
2566 1214 2699 1256 cum
2750 1215 2867 1256 non
2914 1201 3156 1259 haberet
3199 1208 3415 1260 terram
3444 1203 3534 1261 vel

1883 1285 2288 1358 possessiones
2339 1285 2587 1359 aliquas,
2615 1304 2684 1344 ne
2716 1289 2786 1344 ad
2821 1287 3000 1346 alium
3033 1292 3322 1364 ignotum,
3341 1291 3531 1365 gratia

1886 1374 2252 1448 promerendi
2301 1375 2588 1446 beneficii,
2619 1383 2922 1448 cogeretur
2968 1379 3281 1448 declinare,
3313 1396 3543 1454 posses-

1885 1464 2083 1521 siones
2109 1464 2157 1520 ei
2194 1465 2480 1522 maximas
2501 1465 2788 1536 contulit;
2820 1484 3053 1525 omnem
3076 1469 3237 1526 illam
3264 1470 3532 1528 videlicet

1883 1568 2001 1609 suaa
2023 1552 2274 1625 regionis
2306 1558 2550 1626 partem,
2576 1571 2702 1627 quae
2722 1555 2877 1612 circa
2906 1556 3260 1629 Euphratem
3285 1559 3528 1616 fluvium

1884 1657 2160 1714 magnum
2193 1642 2306 1701 sita
2343 1648 2451 1710 est,
2485 1644 2541 1699 in
2575 1660 2693 1716 qua
2738 1650 2905 1702 erant
2937 1648 3111 1704 urbes
3159 1647 3443 1706 Coritium
3475 1652 3535 1707 et

1882 1730 2151 1802 Tulupa;
2186 1731 2395 1803 eppida
2414 1747 2547 1787 vero
2568 1732 2764 1804 ampla
2784 1737 2836 1789 el
2857 1734 3255 1793 munitissima
3282 1720 3560 1794 Turbes-⁸

1883 1819 1991 1886 sel,
2022 1818 2266 1875 Hamtab
2298 1825 2355 1875 et
2385 1819 2771 1888 Ravendel,et
2801 1823 3067 1894 quasdam
3093 1823 3227 1880 alia.
3262 1825 3383 1883 Sibi
3403 1841 3538 1885 vero

1883 1907 2177 1980 regionem
2201 1912 2362 1965 trans
2381 1908 2755 1980 Euphratem,
2772 1908 3036 1967 hostibus
3059 1913 3244 1985 magis
3261 1914 3538 1985 vicinam,

1883 1997 2156 2066 detinuit,
2191 2014 2309 2054 una
2356 1997 2478 2054 sola
2512 1998 2652 2055 urbe
2683 1999 2753 2054 de
2800 1998 3197 2069 interioribus,
3229 2002 3537 2060 Samosato

1883 2086 2170 2156 videlicet,
2203 2091 2426 2143 retenta
2474 2087 2608 2143 Erat
2648 2095 2838 2144 autem
2872 2087 2955 2144 vir
2988 2090 3297 2161 prudentia
3327 2092 3506 2164 predi

1883 2180 1979 2234 tus
2009 2177 2275 2234 saeculari
2305 2177 2363 2233 in
2397 2176 2640 2246 agendis
2682 2177 3143 2250 circumspectus
3170 2196 3184 2237 :
3218 2181 3279 2238 in
3309 2197 3451 2239 cura
3480 2185 3538 2240 et

1884 2264 2268 2335 dispositione
2292 2265 2374 2320 rei
2406 2263 2706 2321 familiaris
2740 2266 3011 2338 providus
3043 2266 3242 2323 valde:
3278 2268 3536 2340 optimus

1885 2353 2328 2428 paterfamilias.
2353 2352 2582 2409 utilium
2618 2356 2919 2426 provisor3
2952 2355 3052 2412 ubi
3085 2356 3403 2413 necessitas
3430 2357 3542 2414 exi·

1885 2447 2052 2517 gebat
2086 2443 2363 2511 liberalis,
2389 2445 2490 2500 sed
2524 2445 2750 2500 modice
2771 2444 2913 2501 alias
2934 2461 3168 2517 parcus,
3188 2446 3536 2503 domestico·

1885 2551 2011 2591 rum
2035 2550 2320 2607 ponorum
2344 2533 2767 2590 solertissimus
2788 2538 3194 2599 conservator;
3217 2534 3279 2589 in
3302 2549 3541 2592 sumen-

1886 2623 1977 2680 dis
2005 2621 2294 2679 alimentis
2326 2621 2578 2690 sobrius,
2609 2621 2682 2676 de
2713 2620 2915 2677 babitu
2949 2625 3005 2676 et
3055 2626 3267 2678 ornatu
3323 2619 3546 2695 proprii

1882 2710 2139 2784 corporis
2170 2727 2285 2766 non
2317 2710 2567 2766 multum
2597 2710 2820 2766 habens
2848 2727 3071 2767 curam.
3104 2710 3266 2768 Unde
3296 2715 3354 2769 et
3386 2728 3542 2783 pro·

1872 2802 2100 2869 ⁴dictam
2132 2799 2381 2871 regionis
2433 2800 2779 2872 portionem,
2813 2799 2924 2857 sibi
2973 2817 3008 2856 a
3038 2800 3276 2858 domino
3324 2802 3540 2860 comite

1883 2890 2197 2948 liberaliter
2228 2905 2589 2954 concessam,
2623 2886 2809 2945 multa
2856 2888 3000 2946 rexit
3028 2889 3345 2960 industria,
3371 2890 3544 2948 bonis

1881 2982 2158 3039 omnibus
2186 2980 2471 3036 abudans.

2494 3083 2730 3141 CAPUT
2770 3084 2935 3141 XXV.

124 3157 364 3215 dedisse
387 3159 649 3214 nomina.
675 3157 780 3213 Hic
802 3162 994 3215 autem
1017 3159 1088 3214 de
1121 3157 1391 3213 Laodicia
1416 3156 1590 3230 Syriae
1615 3156 1780 3212 nobis
1810 3137 1854 3205 C
1890 3176 2244 3235 Boamundu,
2272 3190 2309 3230 a
2338 3173 2573 3231 „incutis
2619 3175 2855 3230 hosfium
2899 3174 3111 3230 ,olum
3157 3173 3302 3230 mm
3349 3176 3544 3232 Anno-

124 3252 213 3306 est
243 3261 481 3316 sermo;
517 3262 645 3303 nam
678 3252 769 3303 est
797 3251 855 3303 et
891 3247 1007 3303 alia
1041 3247 1307 3303 Laodicia
1335 3263 1465 3319 quas
1511 3246 1666 3303 inter
1698 3261 1786 3303 se·

121 3339 284 3407 ptem
318 3337 497 3392 urbes
528 3336 682 3393 Asiae
705 3336 947 3392 minoris
979 3341 1343 3404 numeratur,
1363 3338 1525 3406 juxta
1545 3336 1601 3391 id
1625 3335 1782 3407 quod

123 3422 184 3480 in
244 3423 595 3499 Apocalypsi
635 3424 880 3481 Joannis
928 3424 1203 3481 scribitur
1242 3426 1367 3482 ita:
1430 3424 1582 3493 Quod
1639 3426 1784 3479 vides

118 3513 303 3571 scribe
356 3516 419 3569 in
468 3515 626 3584 libro,
658 3520 711 3571 et
751 3514 909 3572 mitte
936 3522 1141 3584 septem
1182 3514 1453 3581 Ecclesiis,
1487 3515 1781 3584 Ephesum,

119 3605 453 3676 Smyrnam,
495 3608 849 3673 Peroamum,
904 3607 1206 3675 Tyatiram,
1261 3603 1463 3675 santis,
1499 3603 1782 3661 Philadel-

117 3694 319 3763 phium
362 3697 417 3750 et
464 3693 778 3751 Laodiciam
820 3696 1059 3766 (Ap00.1
1108 3697 1219 3767 11).
1263 3696 1473 3751 Harum
1519 3695 1779 3761 alteram,

119 3783 459 3842 Laodiciam
489 3784 782 3851 videlicet,
816 3786 987 3841 divus
1019 3787 1265 3842 Severus
1296 3783 1582 3841 coloniam
1623 3783 1783 3852 fecit,

123 3878 277 3931 teste
300 3872 690 3947 Ulpiano,qui
720 3875 790 3931 de
820 3891 888 3932 ea
917 3875 977 3930 in
1011 3875 1277 3945 Digestis,
1302 3873 1472 3931 titulo
1494 3873 1574 3931 De
1598 3874 1785 3930 censi-

120 3966 260 4033 bus,
296 3964 378 4020 ita
404 3965 530 4022 ait:
580 3965 676 4020 Est
730 3963 795 4020 de
842 3966 1094 4021 Laodicia
1137 3967 1199 4019 in
1246 3963 1435 4035 Syria,
1487 3962 1579 4019 cui
1625 3962 1784 4018 divas

118 4054 354 4111 Seuerus
370 4054 469 4125 jus
497 4052 758 4109 Italicam
786 4053 850 4110 ob
882 4053 1014 4108 belli
1040 4054 1218 4109 civilis
1249 4054 1467 4107 merita
1494 4057 1778 4109 tmnoessit.

122 4141 381 4198 Domino
411 4141 592 4214 igitur
618 4144 736 4212 ejus
768 4148 1139 4215 promovente
1171 4143 1423 4213 negotia,
1455 4156 1602 4211 opus
1626 4139 1782 4196 mul-

122 4236 324 4287 torum
348 4230 576 4288 dierum
600 4246 716 4287 uno
739 4230 980 4303 perfecit
1001 4230 1382 4298 itinere,duas
1405 4228 1582 4286 simul
1608 4229 1781 4285 urbes

120 4318 437 4392 recipiens,
459 4336 706 4393 quarum
721 4321 920 4392 ampla
940 4319 1171 4392 lateque
1190 4320 1405 4376 diffusa
1426 4334 1560 4375 cum
1586 4319 1780 4376 multis

120 4409 359 4482 oppidis
406 4413 465 4465 et
531 4409 889 4466 suburbanis
950 4410 1229 4480 Jacebant
1289 4409 1595 4465 territoria.
1648 4410 1779 4466 Erat

1963 3249 2169 3313 caiam,
2204 3252 2258 3304 et
2305 3246 2676 3302 Daimbertum
2720 3248 3068 3316 patriacham
3125 3246 3196 3302 ad
3240 3261 3296 3303 se
3342 3246 3547 3316 wutu-

1961 3323 2206 3391 9ientem
2239 3318 2471 3387 bentona
2498 3320 2747 3390 suscipit.

1965 3428 2180 3484 Eodem
2212 3430 2471 3499 tempore
2501 3424 2777 3481 dominus
2826 3424 3205 3481 Boamundus
3236 3423 3548 3482 Antioche-

1896 3533 2103 3573 norum
2140 3516 2424 3588 princepe,
2449 3515 2536 3570 vir
2575 3513 2925 3585 magnificus
2955 3518 3011 3568 et
3047 3529 3147 3582 per
3177 3514 3374 3570 omnia
3394 3529 3550 3571 com·

1896 3604 2269 3673 mendabilis,
2318 3604 2516 3660 divina
2576 3618 2711 3658 eum
2764 3602 3109 3673 respiciente
3162 3603 3367 3672 gratia,
3420 3607 3550 3672 post

1890 3712 2073 3753 annos
2094 3700 2362 3766 quatuor,
2388 3692 2599 3763 quibus
2621 3688 2867 3746 vinculis
2892 3688 3149 3746 bostium
3181 3689 3547 3762 mancipatus

1892 3789 2097 3851 fuerat,
2127 3783 2307 3857 pretio
2339 3781 2762 3839 interveniente
2793 3781 3156 3853 redemptus,
3175 3780 3546 3838 Antiochiam

1892 3890 2160 3933 reversus
2189 3881 2299 3930 est.
2334 3871 2437 3931 Ubi
2469 3889 2503 3928 a
2531 3870 2765 3928 domino
2799 3870 3148 3943 patriarcba,
3180 3869 3333 3925 clero
3360 3875 3419 3927 et
3449 3886 3548 3943 po-

1892 3967 2029 4041 pulo
2062 3965 2330 4022 universo
2360 3966 2656 4034 gratanter
2685 3967 3020 4032 susceptus,
3053 3961 3382 4017 universam
3414 3976 3543 4033 pro·

1891 4054 2166 4122 vinciam,
2182 4060 2238 4109 et
2255 4066 2501 4123 regnum
2526 4049 2936 4116 nihilominus,
2954 4050 3281 4106 desiderato
3300 4051 3432 4120 ejus
3456 4049 3539 4106 lae·

1890 4143 2129 4201 tilioavit
2159 4144 2432 4199 adventu.
2466 4139 2825 4212 Cognitoque
2856 4155 3032 4210 quam
3065 4139 3380 4210 prudenter
3407 4139 3539 4195 flde-

1888 4234 2138 4305 literque
2168 4231 2440 4288 dominus
2478 4230 2841 4299 Tancredus,
2872 4230 2998 4298 eJus
3044 4227 3539 4301 consanguineus.

1888 4320 2272 4379 commissum
2312 4319 2421 4377 sibi
2453 4317 2510 4374 in
2559 4319 2690 4390 ejus
2730 4318 3000 4374 absentia
3029 4317 3538 4375 administraverat

1888 4408 2614 4485 principatum,captisque
2635 4407 2865 4463 duabus
2892 4407 3125 4463 eximiis
3148 4406 3391 4464 urbibus
3409 4407 3538 4478 ejus

121 4500 346 4573 quippe
372 4500 459 4558 vir
486 4501 673 4560 Deum
703 4518 907 4559 amans
937 4503 1170 4575 Deoque
1188 4501 1481 4565 amabilis,
1507 4502 1617 4558 flde
1637 4501 1777 4558 insi·
1807 4504 1852 4570 Ι)
1884 4502 2032 4558 fines
2063 4505 2297 4557 strenue
2329 4498 2691 4566 dilataverat,
2719 4497 2942 4570 gratias
2969 4496 3052 4552 illi
3085 4512 3261 4567 agens
3292 4496 3540 4553 immen-

120 4587 289 4663 gnis,
338 4592 685 4649 strenuitate
753 4592 1126 4666 conspicuus,
1187 4591 1553 4665 exigentibus
1606 4591 1778 4648 meri-

121 4677 205 4736 tis
249 4679 466 4751 populo
501 4690 773 4754 acceptus
812 4686 871 4736 et
911 4681 972 4737 in
1007 4680 1236 4737 cunctis
1281 4696 1552 4753 prospere
1579 4697 1777 4754 agens.

719 4788 956 4847 CAPUT
987 4788 1184 4845 XXIV.

126 4874 433 4933 Baldwimts
469 4877 537 4935 de
574 4879 759 4950 Bur-qo
787 4894 962 4934 comes
1012 4879 1337 4943 edessanas,
1368 4878 1638 4937 Gabi-ielis
1676 4879 1778 4936 du·

573 4951 653 5007 cia
679 4950 860 5020 filiam
897 4966 1130 5007 uxorem
1158 4950 1326 5007 ducit.

200 5033 487 5094 Domlnus
514 5038 692 5095 etiam
726 5038 1069 5109 Balduinus,
1103 5039 1528 5097 Edessanorum
1561 5056 1781 5113 comes,

118 5126 215 5182 vir
242 5126 591 5198 magnificus
613 5132 671 5185 et
692 5144 795 5201 per
814 5129 1014 5185 omnia
1035 5129 1539 5200 commendabitis,
1564 5130 1660 5203 qui
1684 5130 1783 5186 do·

120 5215 287 5272 mino
318 5214 464 5289 regi,
486 5221 549 5273 ut
578 5219 918 5291 predictum
950 5222 1060 5284 est,
1093 5218 1150 5274 in
1183 5218 1779 5290 comitatuli-dessano

118 5314 513 5375 successerat,
555 5315 788 5365 strenue
818 5315 873 5363 et
919 5306 1159 5365 feliciter
1189 5312 1400 5364 terram
1423 5306 1537 5364 sibi
1562 5308 1775 5365 subdi-

116 5398 255 5451 tam
283 5391 752 5465 administrabat,
782 5396 1053 5455 hostibus
1088 5397 1517 5468 circumpositis
1567 5413 1781 5470 suspe-

119 5489 258 5539 ctus
287 5480 606 5556 plurimum
637 5490 695 5543 et
722 5485 1126 5544 formidabilis.
1151 5486 1417 5558 Cumque
1437 5484 1561 5542 sine
1603 5501 1779 5544 uxore

118 5576 285 5630 esset
308 5574 372 5629 et
402 5570 626 5648 liberis,
654 5574 968 5648 cuiusdam
999 5572 1285 5634 Gabrielia
1311 5572 1626 5633 Meletenio
1673 5575 1778 5635 du·

1887 4608 1985 4648 sas
2035 4589 2281 4661 benigne
2329 4589 2533 4645 habuit
2556 4604 2571 4656 ;
2622 4586 2929 4659 plurimam
2989 4594 3207 4657 partem
3261 4584 3537 4657 regionis,

1888 4680 2043 4739 sicut
2069 4681 2194 4751 ejus
2222 4679 2567 4736 videbantur
2595 4681 2823 4749 exigere
2867 4674 3093 4742 merita,
3126 4673 3238 4730 sibi
3268 4677 3327 4728 et
3356 4672 3536 4728 haare-

1889 4771 2065 4827 dibus
2095 4770 2365 4841 suisjure
2398 4771 2671 4840 perpetuo
2699 4764 2939 4821 tradidit
2965 4762 3397 4837 possidendam.
3420 4761 3538 4818 Neo

1891 4859 2075 4917 multo
2106 4866 2257 4930 post,
2289 4857 2628 4913 unIversum
2660 4855 2733 4923 ei,
2766 4854 2915 4911 sicut
2946 4854 3004 4908 in
3040 4850 3422 4923 sequentibus
3449 4849 3537 4907 di·

1889 4953 2074 5015 cetur,
2096 4947 2390 5004 commisit
2420 4946 2833 5018 principatum.
2865 4944 3085 4998 Interea
3113 4957 3247 4998 vero
3269 4939 3535 5013 Arnulfo,

1889 5038 1959 5094 de
1989 5053 2100 5109 quo
2149 5036 2421 5108 superius
2468 5034 2745 5098 diximus,
2779 5031 3299 5105 Hierosolymitano
3345 5030 3537 5088 archi·

1888 5126 2131 5183 diacono
2165 5139 2324 5181 more
2353 5139 2462 5180 suo
2483 5123 2634 5179 inter
2663 5137 2856 5195 regem
2879 5125 2937 5177 et
2965 5120 3269 5178 dominum
3293 5119 3537 5193 patriar·

1887 5216 2058 5273 cham
2093 5215 2483 5272 Daimbertum
2508 5212 2788 5269 scandala
2815 5216 3041 5268 serente
3068 5217 3122 5265 et
3162 5212 3534 5265 ministrante

1886 5305 2105 5374 odium,
2136 5304 2306 5377 coepit
2344 5302 2693 5375 repullulare
2723 5317 2852 5373 quae
2883 5299 3042 5373 prius
3080 5298 3270 5370 sopita
3300 5296 3533 5354 videba-

1886 5399 1980 5452 tur
2010 5393 2161 5450 inter
2180 5408 2275 5450 eos
2303 5390 2650 5460 inimicitia;
2683 5390 2945 5461 adeoque
2965 5392 3224 5445 creverat
3256 5387 3408 5444 inter
3435 5402 3535 5446 eos

1885 5484 2208 5557 indignatio
2235 5486 2322 5553 ut,
2353 5482 2629 5541 suscitato
2657 5481 2932 5538 adversus
2960 5494 3095 5537 eum
3138 5494 3237 5552 per
3266 5477 3531 5551 ejusdem

1887 5574 2210 5636 seductoris
2238 5589 2469 5647 operam
2497 5575 2555 5631 et
2584 5571 2844 5631 studium
2891 5570 3067 5642 clero,
3093 5568 3183 5627 vir
3228 5565 3534 5642 religiosus
