3784 6000
297 232 432 292 1391

1311 229 1371 285 Β.
1410 226 1630 285 PETRI
1667 224 2187 287 CLARAEVALLIS
2224 226 2534 285 ABBATIS
2574 227 2704 285 VIII

3609 230 3716 289 ιθ

292 358 402 416 bat
424 363 761 416 remaneret
811 357 1176 424 intestatum,
1209 354 1293 411 sic
1345 370 1520 411 suum
1559 368 1665 426 per
1696 369 1946 410 manum
1979 356 2027 410 Α
2054 352 2404 410 claustrales
2429 368 2616 426 quam
2646 353 3099 423 ecclesiasticos,
3128 360 3425 415 statuens
3455 362 3516 414 et
3535 359 3718 430 proei-

294 451 565 505 nostram
587 445 1320 518 disposuittestamentum
1343 461 1357 499 :
1382 445 1444 498 ln
1459 442 1667 514 primis
1682 442 1756 498 de
1776 456 1950 513 gran·

296 537 415 609 gia,
446 552 582 609 quae
607 535 1054 605 Via-Domange
1085 533 1278 607 (hodie
1300 531 1779 601 vaudemanche)
1805 529 1946 587 dici·

290 629 408 692 tur,
430 624 772 682 ordinatum
812 627 869 680 et
896 627 1183 681 statutum
1210 627 1275 678 ut
1317 620 1766 694 possessionum
1810 635 1948 676 sua-

288 729 430 772 rum
460 713 698 770 termini
729 712 808 769 ab
845 728 920 769 ea
962 710 1307 768 nullatenus
1340 709 1770 767 transferantur
1797 725 1812 777 ;
1839 708 1945 765 sed

293 817 396 860 eas
427 807 491 860 ιιι
541 802 602 858 in
643 803 925 875 praesenti
976 799 1267 875 possidet,
1300 799 1348 855 si
1375 803 1665 872 perpetuo
1694 799 1947 870 grangia

290 895 644 956 remaneret,
671 896 958 963 perpetuo
979 888 1332 963 possidebit.
1353 888 1520 955 Quod
1542 887 1593 943 si
1617 886 1946 961 aliquando

287 978 573 1038 acciderit
603 985 667 1035 ut
688 979 842 1036 infra
879 994 1086 1035 muros
1114 977 1384 1034 Doschiae
1406 977 1603 1048 (hodie
1654 976 1947 1046 Dosches)

289 1069 575 1127 terminos
601 1067 870 1136 dilatare,
889 1068 971 1125 ita
996 1066 1084 1139 ιιι]
1095 1075 1236 1124 uxta
1249 1081 1310 1122 se
1322 1078 1583 1139 quatuor
1601 1073 1946 1123 carrucatas

288 1163 458 1215 terrae
469 1157 711 1223 habeat,
732 1163 872 1214 tuno
882 1157 1062 1214 etiam
1077 1157 1311 1213 termini
1327 1162 1614 1212 terrarum
1626 1171 1763 1229 quae
1781 1161 1949 1213 extra

287 1246 483 1304 rivum
510 1247 584 1304 de
609 1243 1363 1319 Germontlcontinenturad
1384 1244 1748 1301 voluntatem
1760 1244 1947 1301 abba·

294 1334 369 1393 tis
393 1341 451 1392 et
494 1335 747 1392 fratrum
794 1335 1045 1392 sanioris
1075 1333 1309 1391 consilii
1333 1340 1614 1405 poterunt
1645 1337 1945 1406 transpor-

287 1427 423 1482 tari.
449 1424 695 1481 Dabitur
720 1424 794 1480 eti
818 1440 904 1480 ·m
934 1422 1183 1496 singulis
1205 1423 1382 1479 annis
1406 1437 1513 1494 per
1544 1422 1814 1492 singulas
1845 1438 1945 1478 so—

288 1512 874 1587 lemnitates,quibus
889 1512 1478 1576 tratresfconventunt
1488 1510 1566 1568 ad
1579 1511 1942 1568 audiendum

288 1603 538 1661 verbum
588 1603 708 1669 Dei,
753 1608 811 1658 et
850 1603 911 1658 in
940 1601 1356 1658 festivitatibus
1390 1602 1450 1657 S.
1482 1600 1736 1658 Benardi
1793 1601 1939 1658 etin

2055 441 2278 514 piendo
2306 442 2658 516 disponens,
2693 448 2752 498 ut
2778 443 2852 501 de
2880 444 3047 500 libris
3076 451 3134 501 et
3191 446 3508 503 calicibus
3539 447 3720 505 nullm

2052 535 2220 588 extra
2236 530 2605 604 Ripatorium
2618 530 2915 598 efferatur,
2931 540 3031 590 aut
3048 535 3720 608 quomodolibetaspor·

2051 623 2228 676 tetur.
2255 622 2374 678 Hoc
2402 626 2589 677 totum
2612 620 2837 677 factum
2865 627 2954 678 est
2975 623 3090 680 hac
3114 624 3355 682 ratione
3392 631 3456 682 et
3479 626 3722 687 consilio

2053 714 2117 767 ut
2147 711 2199 765 si
2216 709 2381 783 apud
2400 709 2899 768 Claram-Vallem
2924 711 2987 767 in
3012 713 3290 786 sepulcro
3317 722 3584 787 patrum
3607 732 3720 775 suo

2052 814 2188 855 rum
2212 797 2385 855 tuerit
2410 799 2759 866 tumulatus,
2794 803 2982 857 totum
3003 801 3170 874 quod
3198 802 3274 859 de
3292 802 3475 860 libris
3507 804 3720 863 dictum

2053 893 2142 945 est
2168 893 2364 945 ratum
2392 887 2767 960 permanebit
2795 894 2853 945 et
2889 888 3123 958 stabile,
3165 891 3258 949 sin
3290 899 3511 950 autem
3545 898 3721 953 totum

2054 976 2411 1047 cassabitur,
2437 991 2548 1033 nec
2560 984 2756 1032 ratum
2772 992 2878 1034 nec
2897 979 3110 1035 stabile
3125 983 3550 1051 permanebit.
3567 984 3722 1049 Quod

2051 1064 2325 1131 verbum,
2347 1063 2487 1122 licet
2511 1064 2755 1122 moleste
2789 1065 3176 1135 haberemus,
3210 1074 3429 1142 utpote
3465 1073 3622 1129 tanti
3639 1072 3722 1130 Pa·

2052 1154 2159 1213 tris
2187 1154 2523 1211 absentiam
2550 1168 2671 1210 non
2698 1161 2988 1222 amantes,
3040 1161 3242 1214 tamen
3302 1162 3616 1231 quoniam
3645 1178 3718 1218 res

2053 1246 2180 1300 erat
2212 1243 2262 1298 ei
2296 1257 2403 1315 pro
2430 1241 2658 1307 anima,
2681 1248 2738 1299 et
2765 1244 2931 1313 cordi
2955 1243 3069 1301 sibi
3088 1250 3217 1302 erat
3254 1247 3342 1304 ab
3369 1251 3638 1323 antiquo
3671 1251 3714 1309 S.

2053 1332 2355 1388 Bernardo
2392 1331 2765 1406 consepeliri,
2795 1338 2858 1389 ut
2898 1333 3077 1390 simul
3106 1342 3481 1407 resurgeret,
3500 1337 3714 1397 licetin-

2052 1421 2150 1479 viti
2181 1419 2554 1494 sepulturam
2592 1422 3002 1479 concessimus
3030 1429 3095 1480 ut
3129 1426 3396 1497 rogavit,
3420 1432 3488 1484 et
3526 1431 3712 1486 omnis

2050 1510 2180 1567 haec
2205 1516 2268 1566 ut
2295 1510 2453 1567 dicta
2483 1515 2621 1567 sunt
2648 1515 2705 1567 et
2732 1511 3091 1584 conscripta,
3139 1528 3218 1571 ne
3244 1529 3552 1588 processu
3586 1524 3712 1576 tem·

2050 1615 2268 1674 porum
2322 1598 2684 1674 deperirent,
2752 1601 2869 1656 sub
2907 1602 3312 1662 anathematis
3353 1606 3709 1666 inseruimus

288 1692 698 1751 anniversario
720 1691 984 1763 eJ’usdem
1020 1691 1192 1747 Alani
1235 1691 1307 1748 de
1343 1689 1643 1747 frumento
1665 1690 1941 1762 ejusdem
1975 1707 2018 1762 B
2047 1689 2548 1755 interminatione,
2635 1694 2694 1745 et
2744 1690 2830 1746 sic
2886 1691 3060 1762 sigilli
3125 1695 3315 1751 nostri
3371 1695 3709 1770 impressio-

288 1782 555 1853 grangioe
582 1780 735 1838 libra
764 1781 940 1854 panis
991 1780 1111 1837 albi
1151 1795 1257 1852 per
1311 1780 1582 1851 singulos
1614 1796 1630 1836 ε
1663 1781 1812 1845 etsi,
1848 1796 1942 1836 ur·

287 1875 463 1942 gente
492 1874 822 1943 temporum
864 1871 1230 1936 necessitate,
1260 1868 1464 1941 aliqua
1492 1885 1699 1926 earum
1729 1868 1944 1925 solem-

283 1960 541 2018 nitatum
585 1959 952 2024 transfertur,
984 1964 1087 2016 aut
1138 1975 1331 2015 sermo
1354 1959 1704 2024 dimittatur,
1759 1960 1940 2031 hujus

283 2052 489 2107 tamen
505 2049 820 2122 dispositio
842 2049 1042 2104 statuti
1069 2047 1409 2105 nullatenus
1456 2048 1768 2104 dimittitur
1793 2067 1808 2105 ε
1860 2049 1943 2105 De

286 2140 459 2196 vinea
487 2153 627 2195 vero
665 2137 737 2195 de
796 2133 1026 2196 Valiere
1078 2136 1303 2193 dictum
1357 2141 1530 2193 estet
1556 2152 1939 2210 consensum,

284 2227 448 2303 quod
488 2233 611 2284 tota
639 2226 774 2283 usui
805 2231 1132 2284 conventus
1189 2224 1590 2298 deputabitur,
1642 2230 1699 2281 et
1728 2242 1801 2283 ne
1831 2242 1943 2299 pro

284 2317 519 2375 cultura
539 2317 641 2387 huj
650 2333 720 2372 us
732 2315 947 2373 cellarii
974 2321 1389 2386 gravarentur,
1402 2317 1672 2388 quinque
1690 2321 1943 2388 arpenta

292 2407 626 2473 vinearum,
649 2421 786 2478 quai
805 2406 865 2461 in
887 2410 1086 2462 monte
1117 2404 1191 2460 de
1220 2404 1534 2461 Teneleriis
1559 2405 1755 2477 (hodie
1795 2407 1938 2462 Ten-

290 2495 566 2566 nelieres)
614 2495 1015 2560 continentur,
1046 2509 1181 2566 quoe
1211 2493 1326 2550 sibi
1351 2500 1580 2550 emerat
1608 2493 1790 2559 idem,
1832 2495 1942 2550 eis·

289 2583 796 2654 damassignavit,
832 2587 892 2640 ut
921 2582 1180 2639 fructum
1212 2598 1395 2655 quem
1422 2582 1561 2638 inde
1588 2583 1937 2655 reciperent,

291 2672 373 2731 ad
400 2672 658 2744 ejusdem
676 2672 905 2729 cultum
934 2672 1122 2728 vineae
1151 2671 1537 2741 resignarent.
1569 2671 1739 2727 Dedit
1766 2670 1941 2728 nobis

291 2767 582 2836 praterea
609 2766 836 2835 septem
847 2759 1081 2827 caliceS,
1111 2765 1169 2816 et
1190 2775 1403 2817 omnes
1429 2760 1614 2816 libros
1643 2776 1785 2817 suos
1813 2766 1940 2819 tam

2049 1794 2125 1837 ne
2150 1783 2207 1835 et
2241 1778 2332 1834 sui
2382 1777 2585 1834 annuli
2636 1778 3017 1851 appositione
3072 1780 3372 1852 iussimus
3422 1787 3707 1845 roborari.

2047 1869 2472 1924 Verumtamen
2488 1867 2777 1940 quoniam
2801 1868 2946 1924 nihil
2973 1871 3171 1942 majus
3186 1871 3452 1931 debetur
3466 1877 3710 1945 bomini,

2049 1973 2235 2031 quam
2260 1961 2322 2012 ut
2348 1955 2682 2013 dilectionis
2708 1954 2957 2014 affectus
2977 1959 3080 2031 qui
3111 1960 3335 2018 viventi
3359 1969 3452 2020 est
3484 1965 3710 2023 exhibi-

2051 2052 2167 2113 tus,
2191 2051 2430 2103 mortuo
2454 2059 2575 2100 non
2606 2050 2872 2118 negetur,
2888 2048 3162 2119 praesenti
3188 2050 3421 2124 scripto
3434 2054 3715 2127 adjicien·

2050 2142 2138 2193 tes
2156 2135 2499 2199 statuimus,
2526 2138 2589 2189 ut
2609 2149 2749 2191 cum
2774 2150 2843 2191 ex
2872 2136 2988 2192 hoc
3006 2136 3238 2196 mundo
3261 2143 3606 2210 transierit,
3637 2162 3715 2201 sa·

2048 2225 2316 2283 cel-dotes
2338 2224 2607 2296 quinque
2621 2223 2859 2291 missas,
2888 2225 3080 2282 clerici
3104 2226 3230 2284 duo
3257 2231 3581 2301 psalteria,
3598 2234 3715 2291 laici

2050 2319 2166 2371 tres
2180 2313 2826 2369 centumPaternoster
2845 2314 3174 2372 exsolvant.
3207 2319 3272 2374 ln
3298 2322 3716 2380 anniversario

2047 2408 2251 2460 autem
2264 2401 2349 2458 sic
2376 2408 2606 2471 agetur,
2636 2401 2825 2459 missa
2848 2403 2964 2475 pro}
2986 2419 3057 2460 eo
3077 2404 3310 2464 dicetur
3337 2409 3398 2466 in
3419 2421 3715 2470 conventu

2049 2492 2298 2564 singulis
2313 2491 2508 2557 annis,
2529 2490 2803 2548 divinum
2823 2491 3089 2551 officium
3120 2510 3228 2568 pro
3243 2512 3322 2554 ea
3341 2497 3444 2556 die
3461 2501 3716 2559 celebra·

2048 2582 2195 2639 bant
2223 2578 2588 2645 sacerdotes,
2640 2579 2836 2637 clerici
2864 2582 3314 2657 quinquaginta
3345 2589 3647 2660 psalmos,
3667 2600 3712 2647 et

2049 2671 2185 2729 laici
2206 2674 2448 2727 centum
2474 2670 2657 2726 Pater
2694 2675 2896 2729 noster
2918 2673 3250 2732 exsolvent.
3297 2681 3519 2736 Actum
3559 2697 3710 2738 anno

2047 2759 2479 2817 lncarnationis
2509 2757 2680 2816 Verbi
2707 2759 2847 2816 1182
2872 2762 2980 2835 (3).

369 2885 448 2959 (3)
475 2886 665 2957 Hujus
695 2884 1035 2943 testamenti
1064 2881 1423 2942 authenticae
1446 2880 1678 2951 tabulae,
1699 2882 2128 2948 membraneae,
2159 2879 2285 2939 suis
2314 2880 2519 2953 sigillis
2540 2883 2785 2957 integris
2810 2885 3056 2944 munitae
3072 2894 3391 2949 servantur
3413 2892 3619 2952 adhuc
3651 2896 3714 2953 in

299 2984 579 3042 Archivio
618 2981 862 3040 Publico
885 2982 1177 3040 Trecensi.

1113 3372 1465 3494 VITA
1523 3368 2042 3497 SANCTI
2106 3371 2862 3499 BERNARDI

1446 3584 1999 3680 AUCTORE
2057 3585 2488 3681 ALANO.

1013 3763 1183 3838 (Vide
1211 3762 1569 3834 Patroloqiae
1607 3766 1756 3820 tom.
1797 3761 2092 3830 CLXXXV,
2127 3763 2281 3835 opp.
2316 3764 2377 3821 S.
2406 3764 2689 3825 Bernardi
2714 3772 2861 3828 tom.
2888 3769 3007 3846 IV.)

1646 4125 1789 4167 Διιιιο
1815 4116 2004 4167 notun
2036 4125 2350 4169 ucmxvt.

567 4334 1879 4578 BEATUS

2062 4337 3366 4589 PETRUS

1429 4668 1931 4727 CLARAEVALLIS
1988 4670 2213 4729 ABBAS
2252 4670 2572 4730 OCTAVUS

732 4925 1330 5050 ΝΟΤΙΤΜ
1470 4925 3217 5058 HISTORICO-LITTERARIA

1471 5168 1694 5240 (Ouum,
1730 5170 1953 5241 Script.
1984 5172 2214 5239 eccles„
2246 5172 2314 5238 ΙΙ,
2348 5172 2548 5246 1561.)

374 5380 608 5443 Pas-aus,
644 5383 1047 5470 cognomento
1069 5379 1440 5460 Menoe-ulus,
1477 5379 1832 5438 Claraevallis
1859 5381 2053 5440 abbas
2077 5388 2350 5465 octavus»,
2372 5384 2615 5470 natione
2635 5385 2852 5455 Gallus,
2875 5388 3058 5473 stirpe
3087 5390 3331 5461 nobilis,
3361 5393 3571 5458 sactus
3604 5402 3714 5474 pri·

305 5464 475 5505 mum
490 5453 826 5532 monachus
848 5450 1565 5535 blaraeqallis,atque1nde
1580 5461 1899 5537 postquam
1915 5453 2159 5511 Gaut'rid
2169 5470 2235 5510 us
2252 5471 2358 5526 per
2371 5457 2721 5538 electionem
2748 5462 3089 5519 abecclesta
3101 5463 3445 5535 lgniaoensi
3459 5472 3542 5529 ad
3561 5479 3710 5546 regi·

301 5536 443 5582 men
483 5521 841 5580 Claroevalhs
884 5527 1138 5591 transut,
1166 5537 1327 5581 anno
1359 5524 1496 5580 1¹62
1533 5539 1599 5580 ιιι
1622 5522 1892 5583 Gautridi
1919 5525 2120 5585 locum
2149 5527 2312 5601 apud
2342 5530 2654 5600 lgmaeum
2675 5531 2870 5590 abbas
2895 5530 3118 5592 electus
3149 5535 3281 5595 tuit.
3304 5534 3422 5597 Cui
3461 5543 3707 5616 profuit
