3784 6000
20 4149 37 4374 -—-..·-·-—-
20 4073 25 4100 ““
20 4033 23 4050 -

1014 232 1223 296 HIST.
1268 229 1537 295 RERUM
1583 225 2113 293 TRANSMAmN.
2158 258 2237 271 —
2278 226 2430 289 Lm.
2477 224 2614 289 vll.

102 368 371 436 frivolas,
401 383 475 427 ne
500 367 697 426 simile
725 366 946 441 aliquid
976 369 1049 427 ab
1077 384 1145 427 eo
1175 373 1494 443 pateretur,
1520 367 1750 440 decapi-
1779 368 1836 437 Α
1860 363 2044 421 rantis
2063 362 2293 436 populi,
2315 367 2372 420 et
2405 363 2516 422 iter
2534 380 2735 424 versus
2756 365 3211 440 Hierosolymam
3240 377 3520 446 expeten-

100 461 217 518 tari
238 459 442 532 jussit.

727 566 956 625 CAPUT
1002 567 1152 627 vni.

104 654 295 712 eomes
326 651 626 710 Tolosam&
654 653 930 709 Aibat-am
966 661 1193 724 occupat
1223 670 1242 709 .·
1272 654 1574 725 episcopum
1605 654 1666 707 in
1697 668 1761 709 ea

175 727 484 783 constituit.
518 726 720 781 Classis
755 726 1169 782 Teutonicorum
1210 726 1449 798 applicat
1488 727 1548 782 in
1574 733 1756 797 portu.

177 797 373 855 Clades
398 814 513 854 non
540 805 738 854 cessat.

178 904 417 961 Interea
443 920 578 961 vero
616 905 759 960 dum
789 904 945 961 circa
988 904 1302 961 Turbessel
1359 905 1479 960 dux
1534 919 1759 961 moram

112 994 352 1062 faceret,
386 997 443 1051 et
470 992 595 1049 haee
622 993 776 1050 circa
825 997 1015 1066 partes
1069 994 1398 1051 Edessenas
1430 996 1761 1064 agerentur,

110 1099 317 1140 comes
338 1081 672 1140 Tolosanus
701 1098 833 1140 cum
865 1099 973 1139 suo
1004 1083 1283 1139 comitatu
1314 1087 1374 1139 et
1404 1081 1591 1139 multo
1619 1099 1765 1153 pau·

108 1188 313 1246 perum
335 1171 550 1244 populo
571 1187 843 1245 egressus
862 1172 1188 1236 Antiochia,
1230 1186 1303 1227 ne
1341 1171 1576 1229 interim
1608 1171 1766 1228 otio-

114 1278 213 1319 sus
244 1266 625 1333 torpesceret,
655 1261 928 1318 Alharam
963 1261 1163 1318 urbem
1221 1261 1673 1318 munitissimam
1702 1260 1764 1317 in

110 1353 498 1426 Appamiensi
553 1352 850 1426 provincia
894 1353 1292 1420 constitutam,
1343 1353 1416 1409 ab
1461 1350 1768 1408 Antiochia

112 1441 284 1515 quasi
312 1443 567 1499 duorum
590 1442 820 1499 dierum
847 1442 1055 1499 itinere
1076 1443 1415 1510 distantem,
1438 1441 1687 1512 obsedit,
1710 1445 1769 1499 et

110 1533 391 1590 obsessos
417 1530 478 1587 in
509 1548 576 1588 ea
603 1531 758 1589 cives
788 1529 1075 1588 violenter
1106 1531 1396 1603 compulit
1425 1532 1498 1586 ad
1528 1530 1768 1587 deditio-

110 1635 272 1677 nem.
302 1619 460 1677 Urbe
510 1636 645 1678 vero
691 1624 882 1693 capta,
913 1624 971 1676 et
998 1620 1301 1691 adjacente
1324 1620 1440 1676 sihi
1468 1634 1600 1676 cum
1632 1619 1768 1675 uni-

109 1709 293 1767 versis
320 1708 679 1766 suburbanis
718 1709 983 1780 subjecta
1024 1710 1279 1781 regione,
1317 1710 1627 1781 quemdam
1661 1708 1766 1764 Pe·
1799 1739 1848 1804 Β

110 1806 277 1858 trum
293 1799 733 1857 Narbonensem
766 1815 998 1872 genere,
1022 1801 1093 1856 de
1124 1815 1233 1855 suo
1258 1801 1556 1869 comitatu,
1577 1798 1769 1856 virum

114 1892 379 1948 honesto
434 1889 915 1959 conversationis,
972 1892 1029 1945 et
1095 1888 1261 1946 valde
1317 1889 1677 1961 religiosum,
1709 1888 1769 1944 in

114 1980 385 2052 ejusdem
433 1977 543 2036 loci
593 1977 767 2050 elegit
801 1978 1183 2051 episcopum;
1243 1977 1336 2033 cui
1367 1977 1564 2034 statim
1597 1976 1773 2033 dimi-

114 2071 285 2125 dium
316 2067 576 2125 civitatis
603 2071 663 2124 et
706 2067 956 2124 universi
1016 2067 1265 2124 contulit
1319 2067 1614 2133 territorii,
1657 2068 1771 2124 Deo

116 2159 342 2231 gratias
370 2157 632 2226 exibens,
664 2157 818 2228 quod
852 2172 952 2228 per
980 2157 1105 2228 ejus
1136 2173 1369 2229 operam
1414 2160 1469 2213 et
1508 2155 1771 2212 studium

114 2248 323 2305 Oriens
340 2247 684 2320 episcopum
706 2246 1257 2303 haberetLatinum:
1282 2245 1382 2319 qui
1403 2245 1770 2302 Antiochiam

116 2341 179 2393 ut
208 2353 333 2394 suae
359 2335 819 2394 consecrationis
856 2351 1074 2392 munus
1123 2334 1464 2407 susciperet,
1500 2335 1572 2391 de
1602 2350 1771 2392 man·

119 2426 257 2483 dato
290 2425 524 2483 comitis
544 2425 859 2498 profectus,
885 2423 1229 2498 pontificalis
1259 2425 1508 2498 adeptus
1544 2429 1631 2481 est
1655 2424 1771 2497 pls·

117 2514 457 2573 nitudinem
490 2513 812 2587 potestatis.
836 2514 1216 2571 Postmodum
1245 2529 1377 2570 vero
1411 2513 1775 2570 Antiochena

119 2606 387 2662 ordinata
403 2603 1113 2676 Ecclesis,perdominum
1134 2604 1493 2661 Bernardum
1514 2604 1776 2675 ejusdem

122 2694 385 2752 civitatis
407 2692 797 2767 patriarcham
819 2693 1154 2750 Latinorum
1188 2693 1468 2765 primum,
1509 2708 1628 2749 suae
1650 2707 1779 2748 me·

122 2782 367 2858 tropolis
385 2782 447 2839 in
473 2782 739 2840 eamdem
761 2781 1071 2838 Ecclesiam
1086 2781 1387 2839 transtulit
1405 2781 1778 2854 dignitatem,

122 2879 401 2944 suscepto
421 2872 497 2929 ab
547 2873 752 2930 eodem
775 2871 910 2944 palii
934 2870 1125 2944 genio,
1167 2871 1352 2928 factus
1390 2871 1781 2944 archiepisco-

128 2981 251 3038 pus.
290 2964 431 3020 Erat
456 2977 559 3035 per
604 2960 756 3020 idem
814 2963 1047 3033 tempus
1101 2976 1232 3018 cum
1290 2960 1526 3019 domino
1571 2960 1781 3019 comite

1866 454 1941 511 tis
1963 452 2275 511 clamorem
2297 452 2562 511 tolerare.
2587 456 2930 530 Praeparatis
2948 457 3131 532 igitur
3149 466 3519 538 necessariis,

1868 542 1962 599 die
1992 543 2311 599 constituta
2340 543 2581 614 proiecti
2611 549 2769 614 sunt,
2803 549 2868 601 ut
2914 549 3212 619 proposito
3269 552 3517 610 satisfa-

1868 635 2085 703 cerent,
2115 647 2310 689 comes
2341 631 2662 691 Tolosanus
2683 639 2740 692 et
2771 634 3167 708 Flendrensis,
3208 657 3521 718 comesque

1868 722 2440 793 Nortbmannorum;
2461 724 2579 780 dux
2600 725 2776 781 etiam
2797 727 3140 787 etdominus
3158 733 3513 794 Eustachius

1869 812 2128 883 eJusdem
2161 813 2339 869 frater
2368 813 2803 883 et'l'ancredus,
2836 833 2955 874 una
2984 834 3119 875 cum
3152 819 3269 877 illis
3299 838 3518 897 supra-

1872 902 2232 958 nominatam
2255 901 2461 958 urbem
2488 903 2792 962 obsidione
2813 905 3189 965 vallaverunt.
3212 911 3394 969 Erant
3416 930 3518 972 au-

1871 998 1984 1047 tem
2018 992 2172 1047 cives
2202 991 2466 1062 ejusdem
2507 992 2619 1049 loci
2671 995 2912 1067 superbi
2942 997 3285 1069 admodum,
3317 1010 3370 1058 et
3400 1019 3515 1074 pro

1872 1079 2253 1137 multitudine
2275 1079 2609 1137 divitiarum
2629 1090 2963 1154 arrogantes
2988 1103 3002 1154 ;
3026 1102 3211 1160 eoque
3241 1091 3521 1151 maxime,

1873 1169 2026 1241 quod
2044 1168 2226 1225 semel
2263 1168 2320 1224 in
2344 1170 2598 1241 quodam
2622 1171 2913 1244 conflictu,
2946 1175 3167 1234 multos
3200 1178 3271 1235 de
3300 1183 3520 1240 nostris

1874 1257 2245 1329 occiderant;
2275 1261 2429 1316 undo
2456 1259 2649 1318 adhuc
2684 1263 2838 1334 apud
2881 1278 2944 1320 se
2976 1264 3377 1336 gloriabantur
3407 1288 3522 1328 no-

1874 1352 2064 1405 strum
2085 1351 2523 1406 contemnentes
2544 1351 2860 1408 exercitum
2882 1356 2939 1409 et
2978 1354 3344 1428 principibus
3375 1359 3523 1417 irro-

1876 1441 2082 1508 gantes
2120 1437 2396 1494 convicia.
2431 1439 2541 1494 Sed
2590 1443 2648 1496 et
2675 1456 2874 1497 cruces
2904 1441 3082 1499 etiam
3113 1461 3293 1519 super
3335 1451 3523 1506 turres

1876 1530 1935 1581 et
1966 1526 2176 1582 moenia
2205 1526 2470 1597 figentes,
2503 1528 2693 1600 sputis
2709 1532 2767 1585 et
2791 1530 2919 1586 aliis
2950 1532 3141 1589 modis
3174 1536 3526 1606 quibusdam

1878 1616 2179 1686 probrosis
2211 1615 2481 1684 nimium,
2505 1616 2564 1672 in
2602 1622 2932 1676 nostrorum
2973 1623 3529 1683 contumeliamtssi-

1876 1705 2129 1761 ciebant.
2166 1705 2329 1762 Unde
2369 1709 2525 1763 motu
2559 1709 2776 1779 majore
2806 1712 2863 1765 et
2907 1709 3308 1783 indignatione
3348 1717 3527 1773 vehe-

1878 1796 2079 1863 menti,
2114 1800 2388 1868 quantam
2420 1801 2647 1870 poterat
2675 1796 2982 1857 incendere
3012 1800 3300 1876 sacrilegii
3337 1804 3526 1875 dolor,

1880 1886 2082 1942 urbem
2106 1887 2529 1958 aggredientes,
2563 1886 2858 1944 continuis
2890 1889 3234 1960 assultibus,
3268 1892 3318 1948 si
3344 1893 3530 1951 scala·

1877 1989 2009 2031 rum
2039 1973 2382 2031 habuissent
2411 1977 2662 2047 copiam,
2686 1976 2779 2032 die
2809 1978 3085 2049 secunda,
3117 1996 3234 2051 qua
3264 1981 3334 2037 ad
3367 1996 3526 2040 eam·

1879 2067 2012 2122 dem
2072 2064 2498 2138 applicuerant,
2562 2066 2766 2122 urbem
2799 2065 3077 2124 violenter
3134 2070 3522 2143 effregissent.

1879 2155 2077 2211 Tertia
2105 2155 2340 2211 demum
2371 2155 2485 2218 die,
2510 2154 2822 2211 adveniens
2841 2157 3218 2215 Boamundus
3237 2174 3371 2216 cum
3406 2177 3530 2218 ma·

1879 2244 2107 2317 iuribus
2138 2244 2341 2316 copiis,
2374 2243 2578 2301 urbem
2611 2259 2681 2300 ex
2728 2261 2797 2302 ea
2853 2250 3017 2318 parte
3072 2263 3188 2320 qua
3225 2250 3529 2308 inobsessa

1882 2338 2265 2400 remanserat,
2312 2334 2677 2391 obsidionem
2724 2334 3125 2405 continuavit3
3185 2343 3316 2410 post
3354 2341 3528 2412 cujus

1883 2424 2189 2481 adventum
2213 2424 2418 2481 diebus
2448 2423 2692 2494 aliquot,
2731 2425 3106 2498 indignantes
3145 2429 3347 2495 nostri,
3372 2431 3524 2500 quod

1883 2512 1965 2569 ibi
1988 2517 2108 2569 tam
2132 2513 2230 2569 diu
2256 2512 2656 2570 detinerentur
2678 2513 2967 2570 inutiliter
2979 2519 3165 2571 crates
3185 2520 3525 2587 contexunt,

1883 2610 1938 2658 et
1967 2606 2159 2659 turres
2190 2601 2445 2675 erigunt,
2469 2601 2695 2675 ligneas
2716 2604 3138 2678 machinasque
3168 2612 3529 2680 componunt

1877 2690 2278 2762 jaculatorias,
2311 2695 2368 2748 et
2395 2691 2771 2764 impatientes
2818 2710 3013 2763 morae,
3048 2695 3252 2753 urbem
3296 2703 3528 2770 proter-

1887 2781 2013 2837 vius
2044 2780 2387 2853 impugnare
2403 2784 2696 2853 satagunt.
2730 2782 3107 2856 complanato
3138 2786 3315 2857 igitur
3342 2788 3528 2847 multo

1884 2869 2079 2926 labore
2106 2869 2282 2938 vallo,
2338 2873 2522 2927 nostri
2570 2887 2800 2929 murum
2842 2873 3133 2931 suffodere
3171 2875 3529 2948 nitebantur,

1887 2960 2143 3031 quivero
2181 2959 2341 3017 intus
2381 2964 2545 3017 erant
2598 2962 2739 3020 totis
2779 2962 2998 3020 viribus
3056 2965 3410 3038 resistentes,
3446 2969 3532 3025 la-

126 3055 419 3114 Tolosano
449 3053 695 3127 quidam
744 3053 958 3110 nobilis
1007 3052 1335 3110 Willelmus
1379 3053 1652 3109 nomine:
1688 3052 1781 3108 hic
1886 3048 2074 3121 pides,
2128 3053 2348 3121 ignem,
2399 3053 2456 3106 et
2513 3049 2684 3121 plena
2739 3052 2948 3125 apibus
3006 3053 3277 3126 alvearia,
3319 3057 3536 3116 calcem

129 3146 375 3203 effracta
431 3143 576 3201 urbe
630 3143 1012 3213 Antiochena,
1067 3160 1203 3201 casu
1251 3144 1492 3201 fortuito
1539 3158 1777 3201 uxorem
1810 3121 1853 3189 C
1895 3154 2129 3211 quoque
2149 3138 2594 3213 vivam,quanta
2613 3143 3534 3216 poterantjaculabanturinstan-

130 3235 357 3307 Aciani,
381 3234 883 3292 Antiochenorum
917 3233 1221 3306 principis,
1254 3251 1387 3291 cum
1430 3233 1660 3291 duobus
1691 3248 1791 3289 ne—

134 3325 379 3399 potibus
398 3339 469 3381 ex
492 3321 613 3379 mio
635 3322 980 3380 Samsadolo
1002 3323 1258 3395 parvulis
1279 3327 1532 3395 ceperat,
1555 3326 1611 3380 et
1630 3324 1788 3397 apud

138 3432 199 3473 se
219 3414 522 3473 detinebat
543 3414 605 3470 in
626 3412 915 3470 vinculis:
947 3429 1048 3484 pro
1080 3429 1333 3485 quorum
1370 3413 1789 3486 redemptione,

136 3505 459 3578 prodictus
475 3502 874 3572 samsadolus,
897 3519 1078 3574 supra
1114 3503 1419 3561 nominato
1458 3501 1643 3560 nobili
1667 3501 1791 3560 viro

135 3594 429 3651 infinitam
452 3589 617 3649 dedit
628 3589 887 3663 pecuniae
907 3607 1225 3659 summam,
1243 3594 1427 3648 matre
1440 3606 1575 3647 cum
1590 3589 1791 3647 liberis

137 3683 403 3757 pristino
424 3681 713 3738 restitutis
733 3679 1007 3737 libertati.
1031 3681 1246 3737 Eodem
1274 3695 1507 3754 quoque
1527 3684 1793 3752 tempore

137 3775 343 3847 ingens
361 3771 630 3828 virorum
670 3768 983 3827 multitudo
1023 3771 1095 3826 de
1144 3786 1321 3843 regno
1353 3770 1690 3841 Teutonico,
1721 3771 1790 3826 de

138 3862 409 3935 partibus
428 3859 981 3932 Ratisponensibus,
996 3875 1238 3916 numero
1253 3860 1422 3932 quasi
1445 3857 1604 3916 mille
1621 3858 1793 3930 quin-

142 3952 298 4025 genti
328 3966 614 4025 prospero
643 3950 788 4007 vecti
848 3950 1101 4022 navigio,
1134 3950 1191 4005 in
1233 3953 1403 4023 portu
1441 3949 1640 4005 Sancti
1696 3948 1796 4004 Si-

141 4041 371 4100 meonis
404 4039 843 4114 applicaverant
872 4055 887 4109 ;
934 4041 1033 4112 qui
1088 4055 1289 4096 omnes
1317 4038 1467 4095 intra
1497 4038 1795 4094 modicum

146 4137 385 4207 tempus
413 4130 619 4188 eadem
649 4129 815 4187 clade
843 4129 1178 4201 consumpti
1208 4133 1361 4186 sunt.
1394 4129 1608 4186 Tribus
1637 4127 1797 4185 enim

149 4224 459 4281 mensibus
489 4220 792 4280 continuis
820 4237 1012 4294 usque
1059 4221 1129 4278 ad
1158 4221 1397 4278 Kalend.
1434 4219 1798 4277 Decembris.

156 4313 398 4370 morbus
426 4310 528 4368 ille
555 4311 856 4385 pestilenS,
904 4311 984 4367 ita
1037 4310 1314 4383 populum
1371 4308 1674 4379 afflixerat,
1733 4312 1801 4366 ut

150 4402 299 4461 inira
324 4402 443 4460 boc
474 4401 761 4473 temporis
789 4400 1068 4475 spatium,
1091 4400 1163 4457 de
1181 4400 1434 4473 equestri
1478 4400 1682 4457 ordine
1701 4415 1805 4456 ce-

1898 3230 2004 3299 tis,
2027 3231 2085 3284 et
2112 3245 2211 3287 eos
2234 3246 2269 3285 a
2294 3247 2461 3288 muro
2499 3231 2922 3305 propellerent3
2971 3235 3071 3293 sed
3117 3235 3221 3292 Dei
3240 3236 3454 3295 virtute
3484 3241 3543 3294 et

1901 3318 2319 3389 misericordia,
2349 3321 2421 3378 de
2450 3323 2667 3380 nostris
2697 3324 2911 3394 nulloS,
2953 3328 3056 3382 aut
3084 3342 3301 3399 paucos
3332 3328 3543 3385 Iaedere

1900 3412 2203 3482 poterant3
2237 3414 2519 3484 tantoque
2549 3413 2734 3470 nostri
2784 3412 3084 3471 instabant
3139 3416 3542 3473 vehementius

1900 3499 2157 3570 undique
2177 3500 2380 3557 urbem
2409 3501 2845 3574 impugnantes,
2871 3507 3090 3575 quanto
3121 3505 3275 3562 cives
3297 3506 3547 3563 deiicere

1898 3591 1955 3645 et
1984 3603 2189 3645 eorum
2219 3589 2488 3646 evacuari
2520 3598 2767 3648 conatus
2792 3592 3247 3663 conspiciebant.
3277 3594 3424 3651 Cum
3454 3609 3550 3652 au·

1899 3681 2018 3734 tem
2047 3694 2080 3733 a
2111 3677 2298 3747 primo
2324 3677 2438 3733 diei
2469 3679 2812 3750 crepusculo
2844 3695 3028 3752 usque
3059 3682 3131 3737 ad
3174 3681 3359 3739 solem
3394 3683 3551 3739 occi-

1901 3767 2081 3822 duum
2112 3766 2488 3822 continuatus
2505 3772 2662 3825 esset
2690 3768 2975 3840 assultus,
3000 3768 3332 3843 det'atigatis
3351 3770 3553 3828 labore

1903 3855 2177 3911 continuo
2209 3854 2458 3924 civibus,
2481 3857 2673 3928 etjam
2694 3857 2919 3915 minore
2940 3858 3353 3916 resistentibus
3386 3874 3551 3927 cura,

1905 3944 2212 4017 applicatis
2243 3945 2314 4001 ad
2339 3962 2572 4002 murum
2603 3947 2802 4015 scalis,
2822 3947 3105 4006 violenter
3133 3949 3320 4006 nostri
3350 3965 3553 4008 muros

1906 4034 2329 4091 conscendunt.
2359 4037 2518 4092 Inter
2546 4053 2695 4108 quos
2741 4038 2832 4093 vir
2861 4038 3075 4095 nobilis
3104 4039 3173 4096 de
3211 4039 3552 4112 episcopatu

1908 4124 2301 4180 Lemovicensi
2346 4124 2660 4195 Guill'erus,
2707 4136 3093 4199 cognomento
3134 4130 3205 4187 de
3245 4128 3554 4200 Turribus,

1911 4230 2145 4270 murum
2167 4214 2393 4286 primus
2414 4217 2786 4287 conscendit;
2807 4233 2984 4290 quem
3012 4217 3207 4290 plures
3228 4217 3554 4289 subsecuti,

1911 4303 2196 4374 quasdam
2228 4303 2478 4361 civitatis
2499 4309 2689 4363 turres
2710 4312 3178 4379 occupaverunt3
3218 4307 3321 4365 sed
3376 4306 3437 4364 in
3467 4322 3561 4365 eo·

1913 4394 2045 4449 dem
2066 4392 2214 4450 i'aoto
2232 4394 2538 4465 procedere
2559 4399 2617 4452 et
2644 4396 2846 4454 urbem
2869 4396 2980 4454 sibi
3007 4397 3305 4456 vindicare
3326 4398 3559 4458 univer·

154 4491 400 4550 ciderint
423 4490 538 4549 viri
568 4488 794 4547 nobiles
822 4490 1153 4563 plusquam
1184 4490 1484 4562 quingenti
1506 4510 1522 4562 ς
1546 4489 1618 4546 de
1639 4487 1803 4560 plebe
1831 4492 1879 4559 1)
1911 4499 2063 4550 sam,
2094 4499 2208 4539 nox
2237 4482 2467 4541 irruens
2486 4483 2837 4557 intempesta
2858 4486 3181 4559 prohibuit.
3217 4487 3559 4545 Differentes

36 4625 43 4654 ἱ
157 4596 281 4640 vero
304 4580 589 4640 infinitus
617 4584 743 4637 erat
772 4596 1066 4638 numerus.

793 4688 1032 4744 CAPUT
1074 4687 1164 4743 lx.

164 4781 441 4839 Civitatem
490 4780 732 4837 Murram
759 4781 1038 4843 obsident:
1085 4782 1356 4837 obsessam
1395 4776 1644 4852 capiunt.
1694 4779 1805 4836 Do-

223 4855 407 4909 minus
460 4853 778 4909 Withelmus
817 4855 1191 4909 Aurasicensis
1227 4855 1508 4921 episcopus
1538 4853 1798 4909 moritur.

231 4923 477 4999 Galsa-iu
507 4925 575 4982 ds
606 4925 867 4981 Turribus
897 4923 1137 4995 imiqnis
1165 4924 1423 4981 habetur.

231 5031 505 5088 Kalendis
533 5035 729 5088 autem
760 5031 1210 5102 Novembribus,
1244 5048 1374 5088 cum
1409 5032 1525 5101 iam
1557 5031 1710 5087 sicut
1738 5046 1808 5087 ex

176 5125 467 5195 compacto
494 5121 846 5179 tenebantur
864 5138 1066 5179 omnes
1105 5121 1418 5194 principes,
1451 5120 1552 5192 qui
1579 5119 1805 5176 cladem

178 5209 439 5267 evitantes
467 5210 545 5266 ab
573 5210 721 5266 urbe
748 5214 1129 5278 secesserant,
1162 5213 1358 5267 essent
1378 5207 1618 5277 reversi,
1639 5213 1809 5279 capta

176 5297 390 5367 iam,nt
406 5298 824 5371 premisimus,
848 5299 1357 5365 Albariensiurbe,
1394 5298 1466 5354 de
1504 5296 1807 5353 communi

184 5385 425 5446 consilio.
459 5389 715 5446 Martem
748 5389 951 5446 urbem
992 5388 1470 5457 munitissimam,
1503 5386 1577 5443 ab
1596 5384 1810 5442 Albara

182 5481 296 5535 octo
324 5478 639 5538 distantem
671 5478 1045 5550 milliaribus,
1068 5495 1140 5535 ne
1171 5478 1251 5534 nil
1272 5475 1505 5533 interim
1519 5479 1810 5547 ageretur,

180 5580 498 5644 expugnare
524 5572 900 5654 proponunt3
948 5585 1065 5629 non
1094 5566 1253 5626 enim
1293 5568 1566 5640 poterant
1594 5563 1809 5624 vocife-

1915 4577 2108 4631 autem
2141 4590 2327 4646 usque
2358 4574 2423 4631 in
2454 4580 2791 4647 sequentem
2820 4576 2998 4641 diem,
3030 4577 3214 4632 nostri
3246 4576 3473 4649 equites
3503 4577 3562 4632 et

1918 4665 2208 4735 majorum
2240 4679 2470 4732 manus,
2502 4665 2816 4735 negotium,
2850 4668 2917 4721 ut
2944 4681 3180 4723 summo
3202 4681 3374 4722 mane
3405 4663 3562 4721 redi-

1918 4760 2048 4813 rent
2068 4756 2128 4810 in
2160 4753 2218 4809 id
2240 4754 2459 4825 ipsum,
2483 4759 2600 4810 tota
2633 4763 2799 4811 nocte
2820 4755 2974 4812 circa
3004 4756 3230 4823 urbem,
3260 4771 3332 4813 ne
3368 4755 3566 4812 hosti-

1918 4847 2028 4902 bus
2059 4848 2281 4915 pateret
2327 4845 2536 4913 exitus,
2580 4846 2988 4902 custodierunt
3034 4846 3283 4916 vigilias.
3324 4850 3401 4902 At
3427 4863 3564 4907 vero

1918 4934 2082 5006 plebs
2103 4932 2386 4989 indomita
2414 4932 2602 5003 longis
2629 4934 2866 5005 fatigata
2894 4934 3191 4992 laboribus
3220 4939 3278 4992 et
3316 4936 3560 4995 diutina!

1917 5022 2091 5081 samis
2119 5022 2434 5079 acerbitate
2462 5029 2687 5091 vexata,
2707 5022 2906 5080 videos
2930 5025 3078 5096 quod
3098 5023 3351 5084 hostium
3386 5043 3560 5085 nemo

1917 5116 2273 5184 compareret
2300 5111 2360 5167 in
2380 5112 2691 5182 moenibus,
2725 5113 2878 5185 quod
2910 5114 3113 5171 civitas
3143 5115 3271 5171 sine
3302 5117 3555 5188 strepitu

1917 5206 2037 5261 tota
2074 5202 2417 5274 quiesceret,
2467 5200 2685 5273 absque
2732 5203 3025 5273 majorum
3082 5204 3441 5261 conscientia
3496 5206 3560 5262 in

1919 5294 2121 5350 urbem
2154 5292 2418 5365 ingressa
2454 5295 2545 5349 est
2576 5308 2591 5361 ;
2637 5295 2694 5349 et
2734 5309 2864 5349 eam
2904 5293 3259 5366 reperientes
3291 5309 3560 5364 vacuam,

1918 5384 2070 5442 clam
2091 5385 2147 5439 et
2168 5382 2291 5437 sine
2311 5381 2557 5453 strepitu
2585 5381 2858 5439 universa
2876 5382 2999 5454 ejus
3020 5382 3401 5440 obtinuerunt
3428 5399 3565 5456 spo-

1917 5473 2014 5530 lia.
2042 5472 2208 5531 Cives
2229 5472 2381 5530 enim
2410 5472 2468 5529 in
2497 5472 2811 5545 speluncas
2840 5488 2899 5530 se
2929 5471 3300 5530 contulerant
3328 5472 3566 5531 subter-

1918 5578 2142 5635 raneas,
2174 5566 2242 5621 ut
2270 5561 2448 5621 saluti
2475 5563 2848 5622 consulerent
2893 5563 2983 5622 vel
3027 5563 3103 5621 ad
3133 5570 3363 5639 tempus
3393 5562 3562 5622 Mane
