3784 6000
202 214 323 280 sn

1268 214 1696 281 enitantur
1740 190 2126 280 usensis
2163 210 2529 278 incarne·

203 359 358 412 runt.
391 350 597 412 Hostes
623 369 758 412 vero
798 352 1186 412 nihilominus
1222 354 1423 412 eadem
1455 361 1642 422 nocte,
1675 370 1843 412 eum·
1872 355 1928 423 Α
1958 358 2154 425 portas
2179 350 2429 410 civitatis
2458 347 2721 407 certatim
2752 347 3139 419 egredientes,
3187 365 3333 422 pene
3352 354 3480 409 tota
3516 351 3615 410 die

203 447 333 504 dem
351 444 591 503 fluvium
615 460 716 518 per
747 450 981 515 pontem
1005 444 1360 517 superiorem
1378 445 1744 509 transierant,
1777 446 1850 503 de

204 541 532 612 nostrorum
582 535 834 589 adventu
885 532 1065 600 ignari
1120 534 1372 606 penitus.
1425 533 1592 591 Mane
1648 537 1846 590 autem

202 622 374 691 iacto,
408 622 507 678 ubi
538 621 635 677 lux
668 621 857 694 prima
916 621 1090 678 terris
1117 637 1181 678 se
1245 621 1464 691 intulit,
1506 621 1845 681 nostricum

200 711 364 771 omni
419 709 712 768 celeritate
762 726 926 766 arma
981 710 1385 781 corripientes,
1435 712 1494 768 in
1542 729 1640 768 sex
1690 712 1846 768 acies

198 816 372 857 suum
406 801 681 856 ordinant
701 801 1036 868 exercitum,
1057 802 1233 857 certis
1255 801 1501 859 ducibus
1544 802 1852 875 praesigna·

197 890 295 948 tis.
328 888 503 947 Turci
544 906 697 954 vero,
741 894 864 959 jam
890 890 948 946 in
999 890 1188 947 vicino
1215 891 1533 959 constituti,
1570 893 1849 949 habentes

198 985 564 1053 compertum
594 996 692 1049 per
713 979 1128 1050 exploratores.
1151 981 1305 1054 quod
1341 983 1520 1036 nostri
1544 981 1629 1037 eis
1648 997 1848 1038 occur·

197 1072 422 1131 rebant,
458 1068 563 1140 ipsi
595 1071 768 1124 etiam
795 1070 865 1125 de
894 1071 1015 1126 suis
1049 1072 1233 1141 copiis
1256 1070 1402 1127 duas
1429 1072 1583 1127 acies
1613 1071 1845 1144 prasini-

197 1163 409 1226 serant,
443 1157 800 1230 reliquarum
834 1172 1130 1228 cupiarum
1185 1159 1403 1228 majore
1434 1158 1606 1214 turba
1635 1157 1847 1215 subse·

199 1252 435 1320 quente.
470 1249 704 1302 Factum
735 1251 821 1301 est
842 1251 1036 1302 autem
1078 1245 1380 1315 divinitus,
1413 1256 1474 1303 ut
1505 1248 1711 1311 nostri.
1742 1246 1844 1320 qui

196 1336 290 1392 vix
329 1341 515 1405 erant,
550 1342 617 1392 ut
646 1336 1043 1408 prediximus,
1065 1336 1440 1409 septingenti,
1477 1354 1578 1410 per
1597 1344 1841 1406 turmas,

192 1424 356 1498 iuxta
386 1426 466 1481 rei
501 1425 772 1481 militaris
810 1426 1181 1497 disciplinam
1216 1425 1509 1497 dispositi,
1540 1427 1710 1499 quasi
1739 1443 1841 1483 su-

194 1523 394 1588 scepto
423 1517 495 1570 de
516 1514 790 1587 supernis
808 1514 1192 1581 incremento,
1216 1515 1446 1572 inflnita
1478 1516 1658 1572 millia
1683 1516 1840 1574 vide·

196 1609 421 1662 rentur.
471 1602 922 1661 Procedentibus
970 1603 1167 1676 itaque
1211 1606 1489 1678 paulatim
1535 1611 1738 1661 contra
1783 1621 1843 1662 se

193 1691 550 1765 legionibus,
573 1696 873 1763 coeperunt
901 1709 1100 1749 eorum
1122 1694 1322 1767 primae
1344 1693 1493 1750 acies
1523 1694 1580 1749 in
1615 1703 1843 1751 nostros

192 1797 324 1838 cum
350 1783 571 1855 impetu
598 1782 818 1839 irruere
843 1782 1094 1839 maximo
1118 1789 1203 1851 ;et
1226 1784 1483 1840 immissa
1496 1783 1836 1855 sagittarum

190 1870 497 1943 grandine,
528 1871 598 1926 ad
631 1886 770 1927 suos
800 1872 1013 1929 babere
1064 1889 1384 1929 recursum.
1416 1871 1610 1929 Nostri
1641 1878 1838 1930 autem

189 1970 390 2014 eorum
423 1958 688 2030 neglecto
720 1959 964 2030 impetu,
996 1963 1096 2017 sed
1130 1961 1446 2034 quominus
1476 1966 1837 2032 accedentes,

189 2048 433 2105 vibratis
450 2048 621 2105 solito
642 2048 835 2123 vigore
855 2047 1074 2107 lanceis
1094 2058 1152 2107 et
1179 2050 1390 2120 gladiis
1411 2052 1837 2121 incumbentes,

188 2153 287 2196 eos
315 2139 375 2195 in
400 2155 572 2195 unam
596 2138 955 2211 compellunt
993 2140 1221 2197 turbam
1271 2138 1550 2209 solidari;
1584 2142 1842 2215 compri-

192 2228 487 2284 mentibus
517 2236 712 2284 autem
742 2244 842 2284 eos
873 2228 1132 2286 lucorum
1176 2231 1487 2303 angustiis,
1520 2230 1655 2287 hinc
1684 2231 1837 2302 lacu,

189 2317 329 2374 inde
357 2314 533 2373 fluvio
562 2319 842 2388 evagandi
876 2318 1170 2375 licentiam
1201 2319 1542 2388 inhibente;
1576 2320 1837 2377 videntes

189 2405 341 2478 quod
376 2406 445 2461 ad
477 2411 791 2462 consuetas
830 2407 1196 2465 discurrendi
1246 2416 1403 2465 artes
1433 2413 1491 2466 et
1522 2408 1836 2476 sagittandi

191 2492 551 2550 habilitatem
586 2511 884 2551 recurrere
919 2514 1031 2552 non
1063 2499 1330 2567 debatur,
1355 2505 1687 2555 nostrorum
1723 2515 1836 2555 non

188 2582 443 2640 valentes
462 2584 754 2641 sustinere
777 2586 1142 2656 instantiam,
1171 2595 1312 2642 etse
1344 2604 1456 2659 prae
1479 2587 1686 2644 timore
1715 2586 1838 2660 gla-

190 2671 419 2732 diorum
463 2674 940 2746 comprimentes,
985 2676 1045 2732 in
1097 2677 1221 2732 sola
1269 2677 1402 2749 suga
1424 2693 1585 2747 spem
1630 2677 1840 2734 salutis

191 2767 592 2820 constituunt:
630 2766 837 2819 dantes
890 2780 1025 2833 ergo
1063 2770 1245 2836 terga,
1279 2767 1474 2838 lugam
1524 2766 1837 2839 arripiunt.

197 2850 392 2909 Nostri
432 2868 564 2908 vero
585 2852 851 2908 certatim
886 2851 1254 2922 insectantes,
1300 2871 1482 2926 usque
1519 2856 1590 2910 ad
1627 2855 1840 2928 praedi-

191 2945 353 2997 ctum
385 2956 587 2997 eorum
617 2946 898 3007 castrum,
934 2942 1151 2998 Harenc
1182 2943 1437 3014 nomine,
1465 2945 1619 3017 quod
1650 2961 1686 3000 a
1716 2945 1839 3003 loco

189 3047 399 3105 pugnae
419 3032 615 3087 decem
648 3031 901 3088 distabat
930 3031 1302 3101 milliaribus,
1323 3035 1751 3091 eosoccidendo
1781 3038 1840 3091 et

1956 444 2171 499 nostris
2201 440 2540 516 gravissima
2572 439 2894 496 intulerunt
2924 442 3268 511 cortamina,
3291 459 3609 516 quousque

1956 531 2027 589 de
2081 529 2477 605 superioribus
2534 528 2787 584 civitatis
2842 529 3312 586 siunineantibus
3343 531 3615 587 excubiis

1955 627 2292 677 nostrorum
2322 620 2653 683 adventum,
2678 616 2737 671 in
2762 617 2962 673 urbem
2994 632 3056 672 se
3086 623 3431 688 receperunt
3456 634 3472 675 ε
3508 616 3609 675 uhi

1953 726 2128 779 snper
2154 716 2346 765 turres
2374 716 2429 763 et
2460 705 2695 773 moenia,
2725 710 2785 761 et
2813 706 2937 761 loca
2959 706 3352 765 eminentiora
3381 710 3611 765 consti-

1953 800 2085 867 tuti,
2105 799 2415 855 adventare
2445 796 2680 869 quidem
2706 794 3079 853 considerant
3107 797 3389 869 legiones,
3411 796 3606 867 ignari

1952 894 2148 945 tamen
2174 896 2506 943 nostrorum
2528 903 2602 942 an
2631 901 2874 942 suorum
2904 893 3102 943 essent
3122 894 3332 949 castra.
3357 903 3494 960 quie
3514 903 3613 944 ac·

1952 978 2243 1035 cederent.
2275 976 2531 1033 Tandem
2572 991 2706 1031 vero
2755 976 2969 1031 nostris
3002 975 3241 1046 propius
3270 977 3608 1032 accedenti-

1955 1070 2086 1135 bus,
2117 1068 2213 1123 ubi
2243 1081 2442 1124 eorum
2466 1071 2766 1136 coeperunt
2783 1082 2948 1122 arma
2984 1080 3356 1138 cognoscere,
3390 1081 3609 1138 eosque

1954 1159 2206 1230 praedam
2234 1167 2283 1213 ei
2321 1155 2625 1211 manubias
2653 1155 2883 1211 trahere
2919 1164 3385 1226 conspexeruntg
3417 1160 3474 1211 et
3502 1169 3608 1212 eoa

1952 1248 2141 1306 redire
2168 1247 2436 1316 victores,
2469 1244 2679 1300 attritis
2725 1258 2967 1301 suorum
3017 1243 3201 1314 copiis
3230 1250 3605 1317 compertum

1952 1338 2303 1404 habuerunt,
2353 1337 2412 1391 in
2442 1338 2642 1407 gravia
2681 1349 2745 1390 se
2790 1333 3093 1403 dederunt,
3147 1339 3309 1390 tanta
3347 1349 3453 1407 spe
3485 1335 3609 1390 l'ru·

1950 1428 2139 1496 strati,
2172 1427 2446 1482 lamenta.
2479 1422 2673 1481 Nostri
2704 1440 2833 1480 vero
2854 1424 2926 1480 ad
2969 1425 3172 1480 urbem
3230 1425 3603 1494 accedentes,

1949 1524 2008 1576 et
2037 1517 2244 1574 castris
2286 1514 2455 1581 illati,
2489 1515 2547 1570 in
2586 1513 2834 1569 victoriis
2877 1515 3130 1585 signum,
3177 1520 3233 1570 et
3261 1512 3481 1571 doloris
3509 1528 3601 1571 eo·

1951 1623 2079 1663 rum
2110 1607 2559 1666 incrementum,
2590 1604 2836 1659 ducenta
2876 1601 3196 1659 Turcorum
3244 1601 3435 1671 capita
3467 1618 3595 1658 ma·

1950 1697 2141 1754 chunis
2159 1692 2527 1766 jaculatoriis
2556 1693 2612 1747 in
2647 1695 2853 1747 urbem
2892 1689 3265 1763 contorqueri
3295 1690 3600 1761 ieceruntg

1952 1786 2172 1859 reliqua
2203 1800 2336 1839 vero
2366 1788 2500 1838 ante
2533 1782 2729 1837 urbem
2766 1782 2822 1836 in
2858 1781 3008 1853 palis
3041 1787 3440 1851 pra-ceperunt
3468 1796 3606 1837 eon·

1949 1874 2163 1934 servari
2195 1888 2506 1942 suspensa,
2540 1878 2604 1927 ut
2636 1883 2750 1928 tam
2785 1871 2906 1927 boec
2951 1886 3131 1943 qnam
3179 1870 3301 1939 illa,
3334 1875 3605 1943 tunquam

1948 1965 2201 2034 spinaira
2243 1963 2420 2030 ocula,
2464 1977 2666 2018 eorum
2711 1967 2992 2033 augerent
3036 1966 3095 2017 et
3143 1959 3604 2032 multiplicarent

1950 2055 2272 2111 molestias.
2297 2052 2520 2108 Dicitur
2549 2058 2741 2108 autem
2763 2065 3044 2108 numerus
3067 2050 3243 2107 fuisse
3262 2066 3462 2108 eorum
3496 2049 3602 2122 qui

1948 2147 2018 2201 ad
2045 2144 2383 2215 praedicium
2403 2142 2896 2198 Antiochenorum
2918 2139 3252 2197 subsidium
3279 2139 3474 2196 venire
3494 2138 3607 2197 de·

1947 2239 2269 2300 creverant,
2299 2233 2368 2288 ad
2404 2232 2600 2306 viginti
2633 2239 2762 2288 octo
2805 2231 3005 2300 millia,
3039 2232 3193 2289 sicut
3218 2246 3289 2287 ex
3318 2230 3604 2289 relatione

1947 2326 2307 2395 captivorum
2335 2320 2566 2394 plenius
2589 2324 2957 2390 compertum
2975 2326 3086 2376 est.
3110 2317 3349 2377 Factum
3381 2326 3475 2376 est
3494 2335 3602 2375 an·

1946 2418 2060 2470 tem
2086 2414 2190 2469 hoc
2222 2426 2420 2467 mense
2443 2409 2777 2478 Februario,
2801 2412 3049 2482 septima
3064 2410 3156 2466 die
3179 2407 3421 2477 mensis,
3442 2423 3601 2466 anno

1945 2503 2020 2560 ab
2052 2503 2454 2559 iucarnatione
2480 2499 2712 2557 Domini
2748 2499 2900 2556 109⁷.

2598 2605 2831 2665 CAPUT
2862 2609 2959 2666 iv,

1947 2699 2135 2757 Nostri
2187 2705 2429 2758 castrum
2494 2698 2793 2768 edificant.
2880 2703 3054 2756 Ναυῆ
3098 2693 3469 2754 Ιαηιιεηείιιηι
3537 2693 3603 2752 ιἰι

2013 2784 2181 2846 portu
2208 2773 2511 2842 applicant.
2546 2773 2787 2841 Populus
2817 2769 2892 2824 ud
2934 2784 3087 2826 mare
3123 2769 3489 2835 descendam&
3516 2768 3605 2823 in·

2017 2845 2198 2901 sidias
2225 2859 2441 2915 passas,
2463 2859 2534 2900 ex
2559 2853 2721 2914 poree
2749 2843 2978 2897 corruit.

2021 2951 2235 3009 Eodem
2280 2959 2536 3022 tempore
2562 2950 2750 3006 visum
2802 2952 2893 3006 est
2940 2948 3157 3007 nostris
3207 2946 3601 3023 principibus.

1952 3044 2099 3100 utin
2153 3042 2299 3099 colle
2344 3044 2599 3115 quodam
2651 3040 2752 3113 qui
2783 3057 2961 3112 supra
3006 3040 3225 3096 domini
3277 3038 3602 3095 Boamundi

191 3126 443 3192 stragem
476 3121 763 3177 infinit-²²¹⁰
797 3126 1114 3192 ⁰90r⁸⁰·¹02
1139 3122 1423 3195 Pssfflssssuti
1446 3129 1606 3179 ⁸⁰⁰2·
1640 3122 1839 3179 Viden·
1869 3107 1914 3176 C
1951 3142 2074 3189 erat
2098 3132 2363 3201 tentoria,
2387 3140 2638 3188 castrum
2666 3131 3086 3197 oedilicaretur3
3123 3138 3184 3184 ut
3204 3128 3255 3185 si
3278 3127 3601 3201 aliquando

190 3214 283 3264 ἴθ’
311 3215 509 3264 ‘mmm
544 3207 843 3280 Oppidssni·
870 3227 1012 3266 ⁸⁰⁰8
1040 3209 1096 3264 ἷῡ
1123 3214 1318 3283 fugam
1344 3228 1560 3278 versos·
1588 3211 1845 3269 bostium
1955 3221 2015 3278 in
2048 3228 2276 3277 nostras
2304 3220 2698 3293 expeditiones
2726 3217 2896 3275 Turci
2928 3224 3223 3275 tentarent
3249 3217 3600 3289 irrumpere,

187 3297 403 3369 gladiis
428 3313 570 3368 pene
590 3313 683 3352 om
695 3313 794 3353 nes
813 3298 1176 3368 occubuisse,
1201 3302 1470 3355 timentes
1492 3309 1620 3372 post
1638 3315 1837 3357 eorum

185 3400 388 3442 casum
420 3385 481 3440 in
503 3388 770 3456 praesidio
796 3404 1117 3454 remanere,
1149 3404 1427 3445 suscenso
1455 3390 1693 3462 oppido,
1728 3391 1838 3457 ipsi

183 3489 417 3547 qnoque
439 3474 496 3530 in
523 3479 715 3547 lugam
740 3477 891 3532 versi
918 3489 1079 3533 suni.
1106 3478 1183 3533 At
1205 3494 1337 3534 vero
1355 3480 1609 3551 regionis
1631 3480 1839 3537 incolas

182 3565 439 3622 Armenii
473 3570 532 3623 et
560 3566 660 3622 alii
695 3565 912 3635 fideles,
946 3585 1193 3640 quorum
1226 3569 1347 3626 illic
1381 3569 1568 3625 multa
1596 3579 1716 3626 erat
1746 3586 1840 3627 co·

180 3654 294 3726 pia,
332 3653 666 3726 praedictum
697 3663 985 3729 occupant
1017 3658 1429 3729 municipium,
1462 3658 1608 3714 illud
1640 3658 1833 3716 statim

181 3743 408 3799 nostris
441 3742 802 3817 principibus
848 3751 1167 3819 antequam
1217 3749 1473 3805 redirent
1500 3749 1573 3805 ad
1624 3755 1833 3819 castra,

178 3836 563 3907 resignantes.
595 3835 941 3892 Ceciderunt
983 3837 1083 3892 illa
1116 3837 1211 3893 die
1258 3838 1332 3894 de
1379 3838 1645 3894 hostibus
1671 3838 1833 3908 quasi

176 3923 382 3979 adduc
405 3923 587 3979 millia
612 3939 627 3979 ε
650 3940 717 3980 ex
741 3926 956 3996 quibus
977 3926 1298 3999 quingenta
1318 3928 1513 3999 capita
1535 3936 1835 4000 reportan-

176 4015 286 4080 tes,
313 4012 488 4068 erecti
520 4011 578 4069 in
610 4030 769 4085 spem
801 4016 1036 4081 bonam,
1059 4023 1115 4071 et
1140 4018 1212 4073 de
1240 4018 1475 4090 gemino
1507 4018 1607 4090 qui
1628 4018 1712 4073 eis
1741 4033 1834 4075 ac-

175 4100 396 4156 ciderat
424 4102 741 4173 triompho‚
762 4104 1048 4172 lii-tentes,
1078 4121 1208 4161 cum
1235 4108 1391 4162 mille
1415 4106 1623 4163 validis
1643 4109 1828 4180 equis,

175 4187 273 4258 qui
306 4187 390 4243 eis
422 4190 743 4260 plurimum
766 4199 934 4247 erant
964 4197 1301 4262 necessarii,
1324 4202 1383 4251 et
1402 4196 1606 4267 spoliis
1631 4198 1832 4267 ingen-

173 4277 335 4331 tibus
361 4274 436 4329 ad
465 4286 654 4331 castra
686 4282 894 4335 reversi
918 4287 1079 4349 sunt,
1114 4282 1357 4341 Domino
1391 4284 1672 4341 maximas
1701 4301 1830 4358 per·

173 4359 467 4418 solventes
485 4367 802 4434 gratiarum
825 4367 1099 4426 actiones.

826 4475 1055 4536 CAPUT
1090 4478 1187 4536 111.

179 4566 333 4625 Cives
361 4568 581 4641 coqm'lo
610 4567 983 4624 auxiliarium
1015 4585 1238 4697 rigorum
1264 4587 1396 4629 casu
1422 4575 1674 4646 praviter
1697 4592 1829 4634 con-

830 4648 1053 4697 stet-min
1087 4659 1176 4701 ur.

241 4735 314 4790 At
341 4747 475 4789 vero
504 4731 655 4789 cives
683 4730 916 4789 interim
977 4739 1097 4790 tota
1135 4741 1304 4792 nocte
1336 4738 1693 4809 promissum
1725 4755 1824 4796 ex-

169 4823 860 4896 spectantessubsidium,
881 4826 1031 4880 votis
1052 4828 1390 4883 ardentibus
1419 4826 1609 4885 lucem
1629 4832 1698 4886 ad
1711 4836 1826 4888 iore

172 4917 591 4987 proeoptabant,
626 4923 689 4973 ut
720 4918 982 4974 videlicet
1010 4917 1281 4976 hostibus
1312 4918 1564 4978 exterius
1596 4925 1824 4981 irruen-

170 5003 478 5074 tibus,ipsi
501 5022 727 5079 quoque
751 5008 1136 5066 nihilominus
1168 5014 1239 5066 ab
1264 5011 1511 5069 interius
1537 5015 1825 5084 prodeun-

169 5101 274 5164 tes,
309 5100 542 5151 nostros
582 5095 790 5152 harum
834 5114 1023 5154 rerum
1072 5099 1308 5173 ignaros
1351 5109 1404 5158 et
1439 5112 1695 5175 repertos
1722 5106 1822 5161 in-

168 5183 414 5254 cauria-s,
448 5194 686 5256 possent
733 5188 1080 5259 opprimere.
1131 5190 1405 5248 videntes
1437 5201 1634 5250 autem
1667 5197 1821 5252 eirea

170 5274 357 5332 noctis
379 5275 700 5333 novissima
715 5277 841 5348 jam
867 5278 1240 5337 illucescente
1259 5298 1467 5340 aurora
1487 5302 1503 5351 ς
1537 5284 1695 5355 quod
1714 5286 1817 5341 ad·

170 5370 379 5421 ventus
408 5365 644 5423 illorum
689 5367 850 5424 nulla
888 5373 1309 5442 comparebant
1352 5382 1729 5443 argurnenta3
1762 5384 1816 5433 el

169 5454 395 5524 cognito
425 5473 526 5528 per
552 5456 970 5529 exploratores,
1000 5460 1155 5533 quod
1193 5463 1373 5517 nostri
1409 5464 1700 5538 principes
1728 5465 1814 5522 eis

170 5539 392 5600 obviam
428 5546 876 5618 processissent,
904 5550 1241 5624 congregati
1274 5551 1597 5613 adinvicem
1628 5559 1687 5614 et
1712 5567 1817 5628 per

1952 3311 2037 3369 eis
2069 3328 2216 3367 nova
2240 3310 2488 3367 munitio
2532 3309 3017 3379 impedimentum
3049 3315 3369 3380 prestaret,
3401 3314 3460 3363 et
3489 3323 3604 3363 no-

1951 3406 2207 3456 strorum
2268 3404 2473 3456 castris
2543 3409 2697 3456 ess-st
2760 3397 2924 3469 quasi
2990 3395 3372 3454 antemurale.
3432 3392 3600 3463 Quod

1951 3499 2259 3567 postquam
2291 3495 2502 3549 factum
2536 3499 2701 3549 estet
2743 3492 3004 3564 diligenti
3036 3490 3315 3547 custodias
3343 3491 3601 3562 deputa-

1950 3587 2100 3653 tum,
2132 3594 2284 3639 totus
2303 3584 2593 3639 exerciius
2623 3587 2702 3639 ita
2739 3582 3053 3637 collocatus
3084 3588 3172 3636 est
3200 3578 3258 3634 in
3291 3584 3438 3646 tuto,
3473 3584 3596 3636 tan·

1947 3689 2123 3746 quarn
2157 3673 2206 3728 si
2258 3673 2418 3729 urbis
2461 3673 2748 3728 moenibus
2788 3678 2985 3729 essent
3015 3686 3116 3743 per
3134 3670 3448 3727 circuitum
3471 3666 3595 3724 val-

1945 3762 2069 3821 lati.
2111 3763 2250 3819 Erat
2277 3763 2434 3818 enim
2467 3764 2551 3819 eis
2574 3762 2646 3819 ab
2674 3762 2894 3817 oriente
2912 3761 3033 3817 haec
3052 3758 3460 3816 novamunitio
3481 3775 3498 3826 ς
3522 3761 3596 3816 ab

1944 3860 2143 3910 austro
2185 3868 2389 3908 murus
2407 3851 2682 3919 civitatis,
2703 3856 2760 3907 et
2781 3850 2949 3924 palus
2977 3847 3490 3920 murisadjacens3
3519 3850 3595 3905 ab

1940 3960 2145 4002 occasu
2171 3959 2305 3999 vero
2328 3943 2471 3999 solis
2495 3951 2550 3998 et
2592 3942 3007 4015 septentrione,
3057 3940 3270 3996 navius
3297 3939 3359 3995 in
3389 3939 3593 3995 civita·

1939 4037 2055 4090 tem
2088 4031 2492 4105 seobliquans.
2513 4031 2915 4103 Cumquejam
2951 4030 3011 4085 ln
3031 4045 3288 4085 mensem
3320 4037 3593 4100 quintum

1938 4140 1999 4180 se
2015 4124 2395 4195 protraxisset
2413 4123 2657 4189 obsidio,
2684 4137 2859 4177 naves
2878 4120 3149 4193 quasdam
3179 4118 3591 4188 Januensium,

1939 4214 2273 4289 peregrinos
2328 4223 2383 4270 et
2437 4215 2708 4271 victualia
2751 4214 3098 4279 deserentes,
3159 4212 3316 4268 infra
3390 4210 3590 4269 tannes

1937 4302 2194 4360 fluminis
2215 4319 2466 4376 egressas
2495 4320 2528 4359 a
2571 4303 2793 4375 pelago.
2825 4317 2889 4360 se
2935 4300 3345 4367 contulerant;
3374 4315 3592 4373 exspe-

1935 4398 2156 4449 ctantes
2185 4398 2242 4449 et
2269 4392 2327 4448 id
2360 4392 2549 4463 ipsum
2581 4392 2805 4449 nuntiis
2835 4391 3237 4461 frequentibus
3262 4391 3590 4462 exigentes,

1856 4487 1906 4556 Β
1938 4491 2001 4540 ut
2032 4483 2229 4541 missis
2275 4484 2345 4541 dc
2395 4482 2761 4555 principibus
2817 4482 3058 4555 aliquot,
3106 4482 3208 4556 qui
3238 4496 3338 4539 eos
3381 4496 3590 4541 secure

1939 4575 2349 4639 conducerent,
2408 4574 2477 4628 ad
2545 4578 2737 4629 castra
2792 4573 3321 4646 proficiscerentur.
3381 4568 3590 4628 Hostes

1937 4665 2092 4722 enim
2107 4664 2383 4730 scientes,
2405 4660 2561 4734 quod
2581 4679 2779 4719 eorum
2804 4679 2904 4736 qui
2928 4663 2987 4719 in
3011 4662 3378 4733 expeditione
3396 4667 3586 4731 erant,

1937 4755 2212 4827 frequens
2240 4760 2363 4810 erat
2392 4755 2461 4809 ad
2488 4769 2646 4810 mare
2689 4756 3004 4822 discursus,
3035 4760 3093 4809 et
3141 4768 3341 4809 eorum
3373 4753 3584 4809 iterum

1934 4845 2035 4917 qui
2067 4843 2124 4899 in
2159 4840 2402 4899 navibus
2430 4849 2615 4909 erant,
2664 4843 3004 4900 recurrendi
3050 4842 3122 4899 ad
3163 4850 3352 4899 castra
3378 4848 3584 4899 votum

1935 4949 2050 4989 non
2082 4932 2409 5002 remissius,
2456 4933 2581 4990 vias
2618 4933 2968 4990 obsidebant
3011 4940 3072 4988 et
3111 4932 3361 4998 itinera:
3392 4944 3446 4986 et
3477 4933 3584 4989 tre·

1932 5027 2178 5094 quentes
2206 5023 2651 5079 transeuntibus
2694 5022 3066 5095 porrigebant
3085 5021 3332 5078 insidias
3359 5026 3417 5075 et
3436 5030 3584 5077 stra·

1932 5127 2061 5185 gem
2093 5111 2152 5167 in
2183 5113 2269 5168 eis
2302 5113 2735 5184 operabantur:
2771 5113 2924 5168 unde
2950 5127 3062 5167 non
3100 5112 3210 5165 nisi
3237 5109 3298 5165 in
3324 5107 3579 5166 maximo

1930 5203 2203 5258 comitatu
2235 5202 2306 5256 ad
2331 5210 2523 5258 castra
2572 5207 3006 5273 prasumebant
3043 5203 3334 5255 accedere.
3369 5198 3582 5255 Decre-

1929 5295 2132 5347 verant
2157 5297 2351 5347 autem
2387 5306 2487 5362 per
2509 5292 2744 5348 eosdem
2764 5291 2889 5346 dies
2919 5289 2975 5345 in
3010 5289 3197 5347 canite
3229 5287 3442 5360 pontis,
3477 5288 3579 5345 uhi

1926 5386 2055 5438 erat
2112 5379 2412 5453 quoddam
2468 5396 2669 5437 eorum
2729 5378 3172 5452 superstitionis
3228 5381 3578 5446 oratorium,

1927 5470 2305 5527 munitionem
2338 5470 2652 5544 quamdam
2695 5469 2878 5527 nostri
2921 5470 3214 5543 principes
3239 5467 3482 5538 erigere,
3512 5471 3581 5525 nt

1925 5561 2127 5618 minna
2159 5560 2314 5620 iiber
2366 5560 2632 5622 hostibus
2677 5575 2780 5636 pst
2821 5567 3064 5635 pontem
3112 5563 3336 5632 pateret
3359 5561 3575 5618 exitus.
