3784 6000
182 282 309 345 ‘265

709 279 912 345 ms'r.
961 280 1246 347 RERUM
1289 284 1843 350 TRANSMARIN.
1887 318 1969 334 —
2012 286 2161 349 LlB.
2206 284 2366 348 XIX.
2412 282 2854 350 AMALRICUS
2895 283 3073 347 REX.

3477 281 3596 346 ’766

186 432 437 474 manum
468 415 731 490 porrigit,
752 417 973 476 invitus
1003 419 1276 490 nimium,
1298 423 1399 480 sed
1423 421 1706 492 velatam;
1738 423 1835 481 eui
1866 423 1918 493 Α
1949 422 2048 496 qui
2094 439 2222 481 eam
2272 438 2432 480 more
2478 421 2728 481 aliorum
2778 437 3096 495 regnorum
3152 422 3504 494 redegerunt
3533 420 3592 478 in

179 507 498 581 praedictus
525 505 691 577 Hugo
721 507 792 563 de
821 510 1095 578 Caesarea,
1126 510 1377 567 multum
1410 513 1835 570 admirantibus

181 600 243 653 et
270 595 649 667 stupentibus
678 596 979 670 AEgyptils,
1027 599 1178 670 quod
1212 604 1330 657 tam
1372 600 1552 658 libere
1598 618 1832 660 summo

182 683 435 757 principi
490 683 847 757 loqueretur,
895 685 1072 743 dixit:
1122 689 1371 757 Domine,
1420 690 1553 762 fides
1601 692 1833 761 anantes

180 787 293 829 aon
327 772 531 835 habet,-
571 773 667 830 red
710 776 769 830 in
816 774 920 845 fide
952 775 1154 843 media,
1201 794 1300 849 per
1343 794 1512 851 quam
1556 795 1616 837 se
1659 781 1834 836 solent

178 860 440 934 obligare
462 864 761 935 principes,
793 865 983 920 omnia
1003 864 1197 921 debent
1215 882 1330 923 esse
1346 866 1493 923 nuda
1515 883 1537 931 ,·
1565 874 1619 923 et
1638 876 1834 939 aperta

177 968 308 1009 eum
332 953 738 1022 sinceritute,et
756 952 1029 1023 colliqari,
1051 959 1102 1011 et
1121 956 1260 1012 solui
1277 959 1528 1013 convenit
1547 957 1830 1026 universa,

176 1056 308 1115 με
333 1041 472 1111 fidei
498 1041 939 1114 interpositione,
955 1045 1131 1116 puceis
1143 1045 1470 1117 quibuslibet
1487 1046 1827 1106 inseruntur.

176 1135 479 1204 Propterea
542 1140 644 1190 aut
670 1133 875 1190 nudam
903 1133 1082 1202 dabis,
1113 1145 1209 1191 aut
1250 1137 1435 1208 fictum
1482 1138 1716 1211 aliquid,
1775 1146 1832 1196 et

178 1224 371 1279 mium
396 1222 660 1293 puritatis
689 1223 912 1293 hebens,
944 1229 1299 1296 expui-telae
1314 1242 1571 1298 cogemur
1584 1227 1829 1299 opinari.

178 1313 351 1370 Tunc
380 1311 619 1368 demum
652 1311 867 1368 invitus
899 1312 1243 1385 plurimum,
1264 1319 1321 1371 et
1344 1315 1513 1386 quasi
1536 1317 1827 1389 majestati

178 1401 518 1466 detrahens,
548 1400 863 1457 subridens
908 1406 1125 1471 tamen,
1179 1398 1334 1476 quod
1366 1404 1618 1462 multum
1656 1423 1831 1478 aigre-

178 1489 448 1547 tulerunt
474 1487 748 1561 AEgyptii,
780 1488 1078 1547 dexteram
1099 1491 1341 1547 suamin
1358 1507 1592 1549 manum
1606 1494 1831 1551 domini

181 1578 450 1652 Bugonis
466 1578 684 1634 nudam
706 1577 969 1649 praebuit,
993 1580 1264 1637 eumdem
1287 1580 1615 1654 Hugonem,
1640 1587 1832 1656 pacto-

182 1685 317 1725 rum
344 1667 594 1725 formam
622 1667 1130 1738 determinantem,
1162 1669 1379 1727 eisdem
1412 1686 1558 1742 pene
1589 1671 1831 1745 syllabis

182 1772 441 1830 sequens
453 1759 711 1814 tenorem
728 1759 1144 1813 conventorum
1163 1758 1236 1815 bo
1246 1775 1319 1815 na
1337 1758 1469 1826 fide,
1484 1759 1611 1817 sine
1630 1761 1831 1819 fraude

180 1851 245 1905 et
276 1845 430 1904 malo
460 1845 693 1919 ingenio
721 1861 781 1903 se
809 1846 1250 1904 observaturum
1290 1851 1644 1907 contestans.
1696 1850 1830 1907 Erat

183 1941 409 2005 autem,
440 1935 592 1993 sicut
620 1935 896 1993 dominus
925 1936 1091 2009 Hugo
1132 1937 1298 1994 nobis
1339 1938 1558 2008 retulit,
1606 1940 1830 2011 iuvenis

183 2027 377 2102 prima
391 2025 713 2098 pubescens
731 2025 1026 2098 lanugine,
1044 2027 1261 2095 fuscus,
1279 2044 1552 2098 procerus
1563 2044 1825 2101 corpore,

179 2115 332 2172 facie
343 2112 877 2183 venusta,liberalis
895 2113 1236 2186 plurimum,
1251 2115 1588 2172 innumeras
1609 2117 1832 2175 habens

182 2219 438 2270 uxores3
471 2218 681 2259 nomen
714 2203 839 2274 ejus
870 2202 1179 2271 Elbadech,
1212 2204 1369 2261 filius
1390 2203 1585 2264 Elfeis.
1611 2206 1833 2272 Quibus

181 2292 474 2362 dimissis,
508 2292 1060 2365 regiaeliberalitatis
1083 2295 1335 2367 insigne,
1359 2312 1604 2353 munera
1624 2296 1833 2370 legatis

183 2381 407 2455 dirigit,
442 2397 573 2454 quae
602 2385 832 2438 tantum
883 2383 1202 2455 principem
1254 2401 1363 2441 sua
1414 2385 1746 2458 quantitate
1774 2390 1833 2444 et

182 2474 382 2547 specie
409 2472 888 2529 commendarent
910 2491 924 2543 ;
950 2482 1011 2529 ut
1033 2491 1066 2530 a
1091 2474 1234 2529 facie
1265 2474 1409 2530 tanti
1436 2474 1717 2548 principis
1739 2477 1829 2547 iu·

180 2563 448 2622 cundum
467 2562 1062 2637 haherentegressum
1078 2569 1135 2622 et
1155 2568 1222 2621 ad
1244 2581 1380 2622 suos
1398 2564 1715 2623 remitteret
1734 2565 1830 2623 lee-

180 2657 387 2714 tiores.

806 2725 1040 2783 CAPUT
1068 2726 1212 2783 xlx.

257 2818 467 2874 Dicitur
493 2831 664 2890 quare
687 2814 945 2887 princeps
973 2818 1266 2889 AE'pyptius
1293 2816 1507 2873 dicatur
1528 2816 1755 2874 Malene.

252 2910 323 2963 Bt
340 2906 617 2979 quoniam
633 2906 703 2962 de
719 2905 1153 2975 magnificentia
1165 2907 1315 2976 eJus,
1331 2906 1655 2964 secundum
1670 2909 1828 2980 quod

177 2995 523 3055 audivimus
540 2995 612 3052 ab
643 2994 733 3051 his
750 2993 857 3067 qui
891 2994 1155 3052 viderunt
1192 2997 1250 3052 et
1296 2994 1524 3052 oculata
1575 2996 1688 3053 fide
1735 2998 1826 3054 in-

173 3089 517 3158 spexerunt,
548 3086 766 3143 dictum
784 3087 893 3154 est,
916 3086 986 3140 de
1009 3084 1241 3141 nomine
1257 3100 1484 3159 quoque
1503 3086 1825 3159 dignitatis,

1944 513 2322 586 provinciam,
2353 513 2715 570 consuetudo
2746 512 2866 569 haec
2895 512 3174 584 obtinuit,
3205 516 3270 568 ut
3297 508 3443 568 servi
3476 510 3598 568 sint

1941 602 2191 675 AEgyptii
2222 608 2282 659 et
2310 616 2378 658 ea
2431 601 2756 659 reverentia
2805 603 3218 659 consueverint
3274 599 3594 673 appellare.

1941 688 2340 748 Nihilominus
2370 692 2562 745 autem
2594 693 2650 747 et
2677 690 2887 748 veteris
2918 687 3364 747 consuetudinis
3408 686 3594 758 portio

1941 788 2045 846 est,
2080 780 2235 852 quod
2269 779 2423 835 idem
2458 778 2728 850 princeps
2761 781 2877 836 otio
2925 794 3139 836 vacans
3185 781 3488 851 perpetuo,
3537 778 3596 833 et

1940 868 2165 926 deliciis
2195 866 2817 934 deditus,tumultuum
2834 868 3092 940 ignarus,
3113 863 3592 924 etsollicitudinis

1940 972 2169 1030 expers,
2201 961 2633 1029 procuratorem
2663 956 2862 1028 habet,
2894 956 2997 1031 qui
3026 956 3298 1013 universa
3336 951 3592 1012 admini-

1940 1046 2084 1100 strat
2112 1042 2273 1113 regni
2304 1041 2548 1110 negotia,
2577 1045 2852 1113 tanquam
2886 1041 3031 1098 alter
3054 1040 3268 1111 Joseph
3296 1057 3311 1108 ;
3341 1043 3397 1095 et
3426 1042 3593 1112 pote·

1939 1136 2151 1190 statem
2185 1129 2384 1203 gladii,
2416 1134 2473 1186 et
2501 1146 2676 1187 omne
2704 1130 2826 1187 vice
2856 1130 3079 1187 domini
3111 1130 3210 1201 jus
3241 1128 3462 1199 implet.
3485 1126 3592 1184 Hic

1939 1220 2218 1279 soldanus
2261 1220 2495 1283 dicitur,
2545 1223 2603 1275 ct
2648 1219 2708 1275 in
2758 1219 2868 1276 hac
2914 1217 3422 1277 administratione
3468 1220 3594 1274 erat

1938 1312 2137 1381 savar,
2171 1310 2326 1367 unde
2358 1309 2527 1367 nohis
2558 1311 2802 1367 verbum
2835 1313 2926 1367 est
2957 1314 3079 1366 tam
3111 1309 3410 1380 frequens.

2578 1415 2815 1473 CAPUT
2845 1417 2959 1473 XX.

1937 1508 2316 1580 Subiunqitur
2341 1522 2512 1579 quere
2536 1506 2682 1562 idem
2710 1507 2824 1576 ipse
2851 1505 3076 1561 dicatur
3103 1504 3367 1576 calipha:
3395 1511 3450 1561 et
3477 1516 3582 1576 quo

2153 1577 2310 1634 modo
2336 1581 2407 1634 sit
2424 1578 2796 1645 adversarius,
2827 1577 3158 1633 Batdaoenst
3184 1574 3450 1647 calipha:-

2012 1666 2228 1723 Prioris
2257 1673 2449 1723 autem
2482 1666 2736 1723 nominis
2767 1664 2889 1722 haec
2908 1670 2999 1722 est
3027 1666 3212 1722 ratio:
3262 1662 3592 1721 Mehemeth

1943 1756 2221 1832 propheta
2249 1772 2473 1823 eorum,
2509 1755 2628 1812 imo
2659 1755 2985 1825 subversor,
3016 1754 3118 1828 qui
3148 1755 3372 1828 primus
3388 1752 3590 1811 Orien·

1939 1846 2087 1903 tales
2118 1844 2363 1922 populos
2393 1844 2466 1900 ad
2497 1843 2840 1913 hujusmodi
2869 1843 3040 1900 traxit
3082 1843 3588 1916 superstitionem,

1940 1949 2336 1993 successorem
2368 1930 2578 1989 habuit
2623 1933 2817 1988 statim
2866 1936 2995 2005 post
3040 1947 3102 1988 se
3159 1931 3470 2003 quemdam
3513 1929 3590 1987 de

1941 2022 2411 2097 cooperatoribus
2440 2022 2588 2089 suis,
2620 2022 2869 2078 Bebecre
2920 2022 3176 2077 nomine.
3224 2018 3363 2076 Post
3409 2034 3585 2092 quem

1941 2112 2229 2172 successit
2254 2113 2315 2168 in
2346 2127 2526 2185 regno
2556 2112 2788 2173 Homer.
2822 2110 2977 2167 filius
3000 2110 3217 2178 Chata3
3251 2111 3382 2181 post
3426 2107 3587 2166 huuc

1939 2203 2199 2260 vhemen
2226 2221 2240 2271 ;
2274 2208 2405 2274 post
2432 2217 2605 2274 quem
2629 2200 2778 2267 Hali,
2797 2200 2954 2257 filius
2975 2197 3262 2257 Bithaleb.
3295 2198 3366 2256 ni
3384 2213 3587 2257 omnes

1942 2292 2082 2350 dicti
2115 2297 2255 2349 sunt
2283 2290 2545 2363 calipha,
2578 2291 2731 2348 sicut
2760 2295 2820 2347 et
2848 2290 3122 2361 deinceps
3143 2303 3346 2345 omnes
3377 2288 3476 2361 qni
3501 2286 3590 2343 eis

1943 2384 2386 2448 successerunt;
2418 2395 2485 2436 eo
2515 2379 2669 2452 quod
2719 2394 2922 2435 eorum
2975 2377 3254 2450 magistro
3299 2375 3590 2446 praeoipuo

1942 2472 2370 2536 successerunt,
2401 2475 2457 2524 et
2485 2467 2615 2540 ejus
2644 2471 2812 2524 erant
2840 2466 3114 2522 haersdes.
3145 2464 3261 2521 Iste
3290 2468 3485 2521 tamen
3517 2463 3592 2520 ab

1941 2576 2009 2617 eo
2039 2559 2302 2634 quintus,
2337 2556 2461 2614 Hali
2497 2555 2781 2623 videlicet,
2829 2572 2964 2612 cum
3011 2557 3168 2611 esset
3208 2553 3436 2610 caeteris
3489 2551 3595 2624 qul

1941 2663 2078 2705 eum
2111 2648 2547 2719 pracesserant,
2582 2644 2769 2714 magis
2798 2644 2858 2700 in
2889 2642 3072 2700 armis
3110 2645 3382 2699 strenuus
3427 2643 3488 2698 et
3529 2637 3593 2695 ia

1942 2750 2003 2792 re
2035 2734 2272 2792 militari
2304 2751 2483 2806 supra
2515 2733 2784 2790 homines
2813 2732 2975 2789 illius
3003 2730 3286 2804 temporis
3324 2727 3598 2786 exercita·

1940 2828 2062 2886 tus.
2094 2830 2152 2882 et
2179 2824 2365 2896 ipsius
2422 2823 2712 2880 Mebemet
2743 2821 3041 2893 patruelis,
3075 2818 3368 2892 indignari
3422 2816 3596 2889 coepit

1940 2912 2284 2987 plurimum,
2315 2913 2472 2984 quod
2503 2911 2667 2969 illius
2695 2912 2981 2968 diceretur
3009 2924 3351 2978 successor;
3383 2910 3441 2964 et
3472 2922 3587 2963 non

1941 3005 2129 3076 magis
2160 3003 2440 3077 propbeta
2468 3002 2739 3069 eximius,
2774 3007 2832 3057 et
2861 3002 3044 3057 multo
3077 2999 3261 3069 maior
3289 2996 3391 3055 illo
3421 2994 3600 3053 habe·

1940 3097 2117 3152 retur.
2149 3091 2265 3148 Nec
2316 3093 2455 3147 satis
2479 3091 2674 3147 visum
2692 3089 3016 3148 esteiitade
3036 3086 3314 3155 semelae,
3332 3085 3418 3142 vel
3433 3086 3580 3142 alios

173 3183 237 3235 et
266 3181 397 3234 ortu
420 3181 477 3234 et
510 3191 784 3248 processu
813 3177 962 3248 ejus,
995 3181 1278 3247 quantum
1312 3177 1483 3234 nobis
1514 3192 1688 3233 nosse
1717 3178 1822 3235 da·
1853 3169 1898 3239 C
1936 3182 2184 3255 opinari,
2218 3180 2331 3237 nisi
2362 3185 2420 3237 et
2438 3180 2493 3236 id
2513 3179 2708 3252 ipsum
2729 3180 2955 3251 publice
2973 3178 3347 3250 praedicarem
3379 3174 3590 3248 adjecit

180 3272 305 3324 tum
338 3272 444 3330 est.
479 3273 603 3324 tum
635 3281 704 3321 ex
734 3265 978 3322 lectione
998 3270 1251 3321 veterum
1278 3265 1678 3337 historiarum,
1701 3271 1824 3324 tum

174 3374 249 3414 ex
278 3356 602 3414 multorum
632 3355 887 3412 veridica
916 3356 1219 3421 relatione,
1252 3355 1313 3411 in
1349 3358 1607 3414 medium
1639 3357 1824 3428 prole-

174 3462 417 3516 ramus3
450 3461 565 3502 non
598 3446 750 3502 enim
782 3445 892 3502 erit
919 3445 1134 3515 absque
1167 3445 1421 3503 historiae
1459 3447 1826 3515 compendio,

179 3537 241 3594 in
258 3536 369 3593 hac
385 3541 549 3610 parte
571 3536 841 3593 lectorem
858 3536 1184 3593 reddidisse
1202 3536 1827 3611 doctiorem.Princeps

176 3625 363 3696 igitur
406 3626 736 3699 AEgyptius,
770 3625 918 3697 apud
953 3642 1091 3681 suos
1117 3626 1347 3682 duobus
1371 3625 1695 3699 appellatur
1725 3643 1828 3685 no·

174 3715 489 3783 minibus3
522 3714 739 3772 dicitur
767 3716 926 3772 enim
959 3714 1211 3787 calipha,
1243 3717 1396 3788 quod
1420 3716 1833 3789 interpretatur

174 3803 557 3861 successor-vel
576 3804 746 3860 liaeres
768 3820 865 3866 :eo
886 3805 1038 3876 quod
1063 3805 1284 3861 summi
1308 3821 1509 3861 eorum
1534 3806 1828 3878 propheto

174 3894 365 3951 vicem
397 3896 453 3949 et
481 3893 938 3960 successionem,
964 3894 1100 3963 jure
1132 3897 1324 3950 teneat
1339 3895 1829 3951 haereditat-imoi-

176 3982 339 4041 citur
367 3986 426 4039 et
454 3983 872 4055 Mulene,quod
903 3982 1319 4054 interpretatur
1343 3984 1602 4040 Dominus
1620 3989 1827 4043 noster.

182 4070 524 4128 Posterior-is
556 4071 811 4127 nominis
843 4072 987 4127 ratio
1016 4071 1150 4127 inde
1180 4069 1410 4127 videtur
1432 4072 1676 4129 traxisse
1718 4072 1831 4128 ini-

177 4160 352 4233 tium,
399 4176 469 4218 ex
514 4175 631 4234 quo
675 4160 886 4233 loseph
937 4164 1152 4227 noster,
1202 4165 1462 4233 tempore
1513 4160 1833 4218 Pharaonis

176 4264 415 4309 omnem
433 4249 662 4322 AEgypti
687 4249 1391 4318 regionem,vendentibus
1410 4249 1690 4323 AEgyptiis
1718 4266 1835 4320 proe

174 4338 457 4412 angustia
484 4338 656 4394 famis
684 4338 1081 4410 possessiones
1095 4354 1254 4407 suas,
1272 4339 1414 4395 emit
1436 4355 1452 4407 3
1471 4339 1835 4413 subjecitque

175 4445 279 4486 eas
309 4427 617 4496 Pharaoni,
646 4431 703 4483 et
732 4432 977 4484 cunctos
1010 4428 1257 4499 populos
1286 4445 1386 4486 eos
1426 4445 1462 4485 a
1504 4430 1838 4486 novissimis

1941 3272 2122 3329 etiam
2156 3270 2301 3328 illud
2331 3270 2705 3343 blasphemie
2721 3269 2958 3343 plenum
2978 3270 3170 3326 dicere
3192 3271 3247 3324 et
3267 3280 3368 3339 per
3387 3264 3599 3338 vulgus

1940 3361 2345 3428 disseminare,
2376 3360 2534 3432 quod
2566 3357 2810 3432 angelus
2842 3358 2987 3432 legis
3025 3357 3176 3415 lator
3221 3353 3474 3424 Gabriel,
3523 3352 3598 3410 ad

1941 3465 2004 3507 se
2035 3449 2245 3505 missus
2265 3447 2743 3504 rueratdivinitus
2771 3464 2787 3514 ς
2820 3447 2922 3504 scd
2945 3462 3138 3503 errore
3177 3447 3454 3516 deceptus
3469 3457 3600 3500 eam

1941 3540 2229 3599 Mehemct
2252 3535 2633 3594 contulisse.:
2681 3537 2837 3592 unde
2874 3536 2983 3591 luit
3029 3534 3287 3608 graviter
3327 3551 3363 3590 a
3411 3530 3604 3588 Domi-

1943 3645 2017 3685 no
2047 3632 2364 3697 correptus.
2398 3625 2551 3695 Haec,
2611 3626 2725 3682 etsi
2760 3624 2987 3682 absona
3014 3623 3368 3696 quibusdam
3398 3634 3600 3678 eorum

1942 3722 2000 3774 ct
2031 3715 2106 3771 ab
2135 3730 2338 3771 eorum
2373 3712 2784 3770 traditionibus
2815 3710 3066 3769 multum
3099 3709 3412 3767 dissentire
3440 3707 3598 3764 vide·

1942 3806 2179 3873 bantur,
2208 3803 2435 3860 invenit
2465 3810 2654 3859 tamen
2685 3801 2964 3875 populum
2999 3800 3101 3873 qui
3132 3800 3244 3857 sibi
3292 3796 3590 3868 crederet3

1944 3896 2140 3967 sicque
2169 3894 2227 3950 in
2257 3898 2429 3966 gente
2458 3891 2579 3961 illa,
2612 3895 2882 3949 exortum
2914 3895 3005 3947 est
3033 3888 3480 3963 schisma,quod
3499 3903 3596 3960 pe·

1945 3993 2067 4042 stea
2096 4000 2211 4040 non
2244 3982 2450 4040 defecit
2481 3997 2667 4054 usque
2693 3980 2753 4036 in
2785 3984 3126 4053 praesentem
3143 3978 3319 4048 diem,
3350 3976 3482 4035 aliis
3510 3976 3596 4033 di·

1945 4073 2211 4131 centibus
2222 4070 2504 4129 Mohemet
2522 4071 2799 4142 maiorem
2812 4085 2965 4137 esse,
2979 4067 3248 4126 etomniu
3259 4084 3310 4123 m
3325 4065 3598 4124 eximium

1948 4162 2388 4236 prophetarum,
2420 4168 2473 4217 et
2503 4160 2562 4216 hi
2585 4159 2785 4233 lingua
2808 4174 3013 4218 eorum
3031 4159 3310 4216 dicuntur
3345 4154 3553 4214 Sumni
3578 4170 3596 4225 3

1949 4251 2075 4309 aliis
2087 4249 2444 4317 dicentibus,
2464 4247 2591 4305 Hali
2608 4249 2801 4305 solum
2819 4263 2949 4306 esse
2970 4248 3316 4322 prophetam
3339 4243 3597 4313 Domini,

1949 4345 2009 4398 et
2037 4340 2134 4397 isti
2168 4337 2446 4397 dicuntur
2473 4338 2624 4395 Seia.
2658 4337 2901 4395 Occisus
2929 4342 3020 4395 est
3046 4345 3240 4393 antem
3288 4334 3602 4408 praedictus

1952 4430 2103 4496 Hali,
2132 4435 2190 4486 et
2218 4428 2469 4486 obtinuit
2499 4444 2631 4499 pars
2661 4427 2904 4484 adversa
2933 4427 3343 4501 principatum.
3385 4428 3443 4482 et
3488 4422 3604 4482 ruit

176 4515 450 4574 terminis
484 4515 729 4587 AEgypti,
780 4516 851 4571 ad
901 4523 1187 4572 extremos
1237 4518 1383 4574 flues
1431 4518 1583 4589 ejus,
1634 4519 1831 4576 dicens
1860 4519 1908 4585 D
1940 4536 2118 4594 penes
2143 4534 2423 4592 sequaces
2454 4516 2750 4574 Mehemet
2785 4516 3126 4574 monarchia
3149 4515 3210 4572 in
3232 4513 3468 4571 Oriente
3495 4527 3513 4581 3
3543 4514 3602 4570 et

178 4620 458 4679 agrorum
488 4605 853 4662 cultoribus:
886 4606 1146 4674 Quintam
1188 4610 1407 4678 partem
1443 4607 1565 4678 rem·
1606 4608 1827 4681 dabitis,

176 4698 419 4768 quatuor
452 4694 689 4768 reliquas
729 4697 984 4765 permitto
1038 4695 1182 4751 vobis
1222 4698 1281 4751 in
1333 4703 1654 4768 sementem,
1683 4705 1736 4756 et
1775 4702 1835 4756 in

177 4783 325 4842 cibos
354 4785 593 4857 familiis
623 4786 816 4841 vestris
845 4791 896 4841 et
924 4783 1130 4841 liberis.
1164 4784 1318 4842 Emit
1347 4800 1485 4859 ergo
1516 4786 1680 4857 prius
1705 4804 1837 4861 pos-

181 4873 491 4942 sessiones,
522 4874 733 4931 deinde
763 4890 1044 4947 personas
1069 4893 1083 4943 ;
1121 4875 1276 4931 unde
1303 4876 1561 4948 estquod
1586 4877 1835 4935 arctiore

180 4961 415 5022 vinculo
448 4969 719 5021 tenentur
747 4965 991 5038 AEgyptii
1021 4965 1259 5022 domino
1302 4981 1425 5034 suo,
1473 4971 1533 5023 et
1578 4967 1836 5041 amplius

185 5053 668 5128 sunteiobligati,
689 5069 867 5127 quam
892 5053 1140 5110 aliarum
1160 5054 1518 5113 habitatores
1531 5056 1834 5126 regionum

184 5143 630 5217 magistratibus
659 5143 804 5201 suis.
822 5144 1045 5217 Quippe
1067 5147 1167 5217 qui
1199 5148 1255 5201 et
1272 5160 1373 5203 eos
1392 5148 1449 5201 et
1479 5161 1680 5202 eorum
1704 5161 1837 5216 pos-

181 5233 475 5292 sessiones
524 5233 707 5308 pretio
738 5233 1158 5292 interveniente
1201 5226 1839 5307 comparavit2undeet

180 5322 382 5379 servili
440 5338 614 5393 nexu,
648 5327 704 5380 et
759 5329 1014 5381 extrema
1069 5324 1403 5382 conditione
1457 5323 1509 5380 ei
1567 5327 1839 5382 tenentur

182 5412 415 5470 annexi.
448 5414 532 5470 lta
578 5428 715 5486 ergo
748 5430 849 5484 per
893 5414 1095 5485 optimi
1131 5414 1519 5487 procuratoris
1546 5413 1638 5470 sui
1669 5429 1836 5487 egre-

184 5500 341 5574 giam
354 5500 805 5560 sollicitudinem
825 5503 1189 5577 temporibus
1212 5502 1603 5575 pharaonum,
1625 5503 1837 5562 deinde

186 5590 657 5664 Ptolsmoeorum,
688 5596 745 5651 et
772 5597 974 5667 postea
1009 5594 1370 5668 temporibus
1419 5592 1835 5666 Romanorum,

1945 4610 2090 4667 alios
2120 4609 2426 4667 contrariae
2458 4606 2747 4677 opinionis
2777 4606 2930 4662 viros
2978 4603 3415 4678 opprimebant,
3469 4605 3602 4658 tan·

1944 4714 2120 4772 quam
2182 4701 2527 4771 potestatem
2567 4691 3602 4767 habentes-Annoigitur286aregno

1946 4792 2244 4864 saepedicti
2273 4793 2623 4861 seductoris,
2655 4789 2905 4849 surrexit
2941 4785 3030 4842 vir
3076 4784 3317 4858 quidam
3370 4781 3601 4852 nobilis,

1947 4881 2182 4939 nomine
2210 4881 2478 4950 Abdalla,
2510 4882 2663 4937 filius
2713 4878 3002 4934 uehemet
3054 4875 3157 4931 mii
3207 4872 3444 4947 Japhar,
3494 4871 3602 4929 sslii

1947 4969 2253 5036 Mehemet,
2286 4969 2393 5027 lilii
2424 4970 2570 5032 Hali,
2604 4969 2707 5025 lilii
2741 4967 2991 5035 Hussan,
3027 4962 3132 5020 lilii
3170 4961 3298 5019 Hali
3344 4961 3599 5035 madorls,

1948 5059 2020 5115 de
2049 5075 2163 5131 quo
2195 5059 2607 5131 praemisimus.
2638 5057 2742 5115 Hic
2774 5071 3046 5129 egressus
3078 5054 3150 5112 de
3178 5052 3429 5110 selemia
3467 5050 3604 5110 civi·

1948 5152 2083 5217 tate,
2111 5163 2239 5220 quis
2270 5147 2447 5205 estin
2493 5147 2746 5215 Oriente,
2797 5144 3061 5203 transivit
3109 5143 3170 5200 iu
3215 5141 3493 5210 Africam,
3543 5135 3601 5198 et

1947 5238 2244 5310 occupatis
2277 5236 2675 5294 universarum
2705 5235 2942 5292 illarum
2974 5233 3229 5305 partium
3262 5229 3480 5303 regnis,
3503 5244 3602 5288 vo·

1947 5325 2097 5384 cavit
2142 5343 2206 5383 se
2248 5327 2497 5396 Mehedt,
2541 5325 3144 5400 quodinterpretatur
3188 5319 3550 5392 complanans
3579 5322 3603 5371 ἕ

1948 5414 2118 5488 quasi
2147 5415 2248 5488 qui
2281 5415 2550 5475 universa
2571 5416 2644 5473 ad
2664 5413 2916 5487 quietem
2946 5411 3163 5486 dirigit,
3197 5414 3254 5467 et
3276 5409 3406 5466 sine
3420 5408 3598 5467 offen-

1946 5504 2138 5564 diculo
2167 5505 2288 5562 vias
2321 5505 2530 5579 populo
2560 5504 2752 5562 effecit
2799 5502 3109 5576 planiores.
3155 5498 3600 5571 AEdificavitque

1946 5593 2240 5656 civitatem
2287 5595 2362 5656 de
2403 5594 2644 5654 nomine
2680 5609 2790 5654 suo
2837 5590 3184 5663 maximam,
3243 5587 3595 5651 mehediam.
