<?xml version="1.0" encoding="UTF-8"?>
<!DOCTYPE html PUBLIC "-//W3C//DTD XHTML 1.0 Transitional//EN"
    "http://www.w3.org/TR/xhtml1/DTD/xhtml1-transitional.dtd">
<html xmlns="http://www.w3.org/1999/xhtml" xml:lang="en" lang="en">
 <head>
  <title>
</title>
<meta http-equiv="Content-Type" content="text/html;charset=utf-8" />
  <meta name='ocr-system' content='tesseract 3.04.00' />
  <meta name='ocr-capabilities' content='ocr_page ocr_carea ocr_par ocr_line ocrx_word'/>
</head>
<body>
  <div class='ocr_page' id='page_1' title='image "./patrologiaecurs32goog_0036.png"; bbox 0 0 3784 6000; ppageno 0'>
   <div class='ocr_carea' id='block_1_1' title="bbox 174 190 3581 295">
    <p class='ocr_par' dir='ltr' id='par_1_1' title="bbox 174 190 3581 295">
     <span class='ocr_line' id='line_1_1' title="bbox 174 190 3581 295; baseline -0.004 -1"><span class='ocrx_word' id='word_1_1' title='bbox 174 233 252 295; x_wconf 73' lang='lat' dir='ltr'><strong>ee</strong></span> <span class='ocrx_word' id='word_1_2' title='bbox 656 190 661 200; x_wconf 74' lang='grc'><em>’</em></span> <span class='ocrx_word' id='word_1_3' title='bbox 1229 223 1577 288; x_wconf 56' lang='lat' dir='ltr'><strong>Auunci-1</strong></span> <span class='ocrx_word' id='word_1_4' title='bbox 1620 220 2128 286; x_wconf 71' lang='lat' dir='ltr'><strong>Lexovmusts</strong></span> <span class='ocrx_word' id='word_1_5' title='bbox 2171 223 2523 288; x_wconf 72' lang='lat' dir='ltr'><strong>selseom</strong></span> <span class='ocrx_word' id='word_1_6' title='bbox 3502 220 3581 281; x_wconf 64' lang='lat' dir='ltr'><strong>ea</strong></span> 
     </span>
    </p>
   </div>
   <div class='ocr_carea' id='block_1_2' title="bbox 169 356 3579 438">
    <p class='ocr_par' dir='ltr' id='par_1_2' title="bbox 169 356 3579 438">
     <span class='ocr_line' id='line_1_2' title="bbox 169 356 3579 438; baseline -0.003 -15"><span class='ocrx_word' id='word_1_7' title='bbox 169 360 796 438; x_wconf 77' lang='lat' dir='ltr'><strong>profitearinimicum,</strong></span> <span class='ocrx_word' id='word_1_8' title='bbox 818 359 956 432; x_wconf 91' lang='lat' dir='ltr'><strong>quia</strong></span> <span class='ocrx_word' id='word_1_9' title='bbox 1005 357 1262 416; x_wconf 88' lang='lat' dir='ltr'><strong>amicum</strong></span> <span class='ocrx_word' id='word_1_10' title='bbox 1303 358 1597 431; x_wconf 82' lang='lat' dir='ltr'><strong>profitenti</strong></span> <span class='ocrx_word' id='word_1_11' title='bbox 1635 373 1820 432; x_wconf 89' lang='lat' dir='ltr'><strong>neque</strong></span> <span class='ocrx_word' id='word_1_12' title='bbox 1852 363 1907 428; x_wconf 78' lang='grc' dir='ltr'><strong>Α</strong></span> <span class='ocrx_word' id='word_1_13' title='bbox 1936 359 2102 428; x_wconf 90' lang='lat' dir='ltr'><strong>dum,</strong></span> <span class='ocrx_word' id='word_1_14' title='bbox 2133 359 2190 414; x_wconf 91' lang='lat' dir='ltr'><strong>in</strong></span> <span class='ocrx_word' id='word_1_15' title='bbox 2210 358 2480 429; x_wconf 84' lang='lat' dir='ltr'><strong>crastin0,</strong></span> <span class='ocrx_word' id='word_1_16' title='bbox 2515 359 2565 417; x_wconf 91' lang='lat' dir='ltr'><strong>si</strong></span> <span class='ocrx_word' id='word_1_17' title='bbox 2587 363 2784 417; x_wconf 88' lang='lat' dir='ltr'><strong>tamen</strong></span> <span class='ocrx_word' id='word_1_18' title='bbox 2805 358 3222 415; x_wconf 85' lang='lat' dir='ltr'><strong>antelucanum</strong></span> <span class='ocrx_word' id='word_1_19' title='bbox 3257 356 3579 416; x_wconf 88' lang='lat' dir='ltr'><strong>crastinum</strong></span> 
     </span>
    </p>
   </div>
   <div class='ocr_carea' id='block_1_3' title="bbox 167 447 1845 4443">
    <p class='ocr_par' dir='ltr' id='par_1_3' title="bbox 167 447 1845 4443">
     <span class='ocr_line' id='line_1_3' title="bbox 171 447 1812 521; baseline -0.004 -10"><span class='ocrx_word' id='word_1_20' title='bbox 171 454 318 510; x_wconf 83' lang='lat' dir='ltr'><strong>fides</strong></span> <span class='ocrx_word' id='word_1_21' title='bbox 348 452 680 518; x_wconf 89' lang='lat' dir='ltr'><strong>haberetur,</strong></span> <span class='ocrx_word' id='word_1_22' title='bbox 712 465 815 506; x_wconf 91' lang='lat' dir='ltr'><strong>nec</strong></span> <span class='ocrx_word' id='word_1_23' title='bbox 857 447 1072 521; x_wconf 87' lang='lat' dir='ltr'><strong>aliquis</strong></span> <span class='ocrx_word' id='word_1_24' title='bbox 1114 450 1485 519; x_wconf 65' lang='lat' dir='ltr'><strong>prestaretur</strong></span> <span class='ocrx_word' id='word_1_25' title='bbox 1522 465 1812 506; x_wconf 88' lang='lat' dir='ltr'><strong>accessus.</strong></span> 
     </span>
     <span class='ocr_line' id='line_1_4' title="bbox 168 536 1812 614; baseline -0.004 -15"><span class='ocrx_word' id='word_1_26' title='bbox 168 543 383 603; x_wconf 89' lang='lat' dir='ltr'><strong>Poterit</strong></span> <span class='ocrx_word' id='word_1_27' title='bbox 412 541 588 614; x_wconf 88' lang='lat' dir='ltr'><strong>igitur</strong></span> <span class='ocrx_word' id='word_1_28' title='bbox 615 537 977 596; x_wconf 85' lang='lat' dir='ltr'><strong>conciliando</strong></span> <span class='ocrx_word' id='word_1_29' title='bbox 991 536 1168 592; x_wconf 75' lang='lat' dir='ltr'><strong>favori</strong></span> <span class='ocrx_word' id='word_1_30' title='bbox 1192 536 1488 594; x_wconf 76' lang='lat' dir='ltr'><strong>simulatio</strong></span> <span class='ocrx_word' id='word_1_31' title='bbox 1509 537 1812 605; x_wconf 86' lang='lat' dir='ltr'><strong>deservire,</strong></span> 
     </span>
     <span class='ocr_line' id='line_1_5' title="bbox 174 624 1816 699; baseline -0.005 -9"><span class='ocrx_word' id='word_1_32' title='bbox 174 638 240 690; x_wconf 91' lang='lat' dir='ltr'><strong>ut</strong></span> <span class='ocrx_word' id='word_1_33' title='bbox 271 630 509 688; x_wconf 73' lang='lat' dir='ltr'><strong>utilitati</strong></span> <span class='ocrx_word' id='word_1_34' title='bbox 528 632 737 685; x_wconf 84' lang='lat' dir='ltr'><strong>vestrae</strong></span> <span class='ocrx_word' id='word_1_35' title='bbox 756 624 986 684; x_wconf 89' lang='lat' dir='ltr'><strong>cautius</strong></span> <span class='ocrx_word' id='word_1_36' title='bbox 1017 624 1198 682; x_wconf 77' lang='lat' dir='ltr'><strong>virtus</strong></span> <span class='ocrx_word' id='word_1_37' title='bbox 1220 625 1412 699; x_wconf 91' lang='lat' dir='ltr'><strong>operis</strong></span> <span class='ocrx_word' id='word_1_38' title='bbox 1438 629 1494 681; x_wconf 90' lang='lat' dir='ltr'><strong>et</strong></span> <span class='ocrx_word' id='word_1_39' title='bbox 1525 625 1816 682; x_wconf 90' lang='lat' dir='ltr'><strong>industria</strong></span> 
     </span>
     <span class='ocr_line' id='line_1_6' title="bbox 174 715 1815 788; baseline -0.004 -9"><span class='ocrx_word' id='word_1_40' title='bbox 174 720 464 780; x_wconf 88' lang='lat' dir='ltr'><strong>sermonis</strong></span> <span class='ocrx_word' id='word_1_41' title='bbox 491 719 813 776; x_wconf 87' lang='lat' dir='ltr'><strong>incumbat.</strong></span> <span class='ocrx_word' id='word_1_42' title='bbox 845 715 1092 773; x_wconf 83' lang='lat' dir='ltr'><strong>Proinde</strong></span> <span class='ocrx_word' id='word_1_43' title='bbox 1117 715 1526 784; x_wconf 73' lang='lat' dir='ltr'><strong>consolamini,</strong></span> <span class='ocrx_word' id='word_1_44' title='bbox 1557 717 1698 788; x_wconf 89' lang='lat' dir='ltr'><strong>quia</strong></span> <span class='ocrx_word' id='word_1_45' title='bbox 1744 716 1815 773; x_wconf 92' lang='lat' dir='ltr'><strong>de</strong></span> 
     </span>
     <span class='ocr_line' id='line_1_7' title="bbox 170 804 1816 880; baseline -0.005 -11"><span class='ocrx_word' id='word_1_46' title='bbox 170 813 424 871; x_wconf 89' lang='lat' dir='ltr'><strong>adventu</strong></span> <span class='ocrx_word' id='word_1_47' title='bbox 455 809 584 880; x_wconf 70' lang='lat' dir='ltr'><strong>eius</strong></span> <span class='ocrx_word' id='word_1_48' title='bbox 608 808 680 864; x_wconf 91' lang='lat' dir='ltr'><strong>ad</strong></span> <span class='ocrx_word' id='word_1_49' title='bbox 704 809 894 880; x_wconf 89' lang='lat' dir='ltr'><strong>partes</strong></span> <span class='ocrx_word' id='word_1_50' title='bbox 922 805 1068 863; x_wconf 91' lang='lat' dir='ltr'><strong>istas</strong></span> <span class='ocrx_word' id='word_1_51' title='bbox 1090 804 1345 877; x_wconf 88' lang='lat' dir='ltr'><strong>plurima</strong></span> <span class='ocrx_word' id='word_1_52' title='bbox 1373 805 1542 862; x_wconf 90' lang='lat' dir='ltr'><strong>nobis</strong></span> <span class='ocrx_word' id='word_1_53' title='bbox 1558 821 1816 862; x_wconf 91' lang='lat' dir='ltr'><strong>commo-</strong></span> 
     </span>
     <span class='ocr_line' id='line_1_8' title="bbox 170 895 1815 972; baseline -0.005 -14"><span class='ocrx_word' id='word_1_54' title='bbox 170 903 323 959; x_wconf 87' lang='lat' dir='ltr'><strong>ditas</strong></span> <span class='ocrx_word' id='word_1_55' title='bbox 343 900 552 972; x_wconf 89' lang='lat' dir='ltr'><strong>incipit</strong></span> <span class='ocrx_word' id='word_1_56' title='bbox 580 914 880 969; x_wconf 85' lang='lat' dir='ltr'><strong>apparere,</strong></span> <span class='ocrx_word' id='word_1_57' title='bbox 921 896 1058 970; x_wconf 89' lang='lat' dir='ltr'><strong>quia</strong></span> <span class='ocrx_word' id='word_1_58' title='bbox 1106 913 1363 970; x_wconf 81' lang='lat' dir='ltr'><strong>proesens</strong></span> <span class='ocrx_word' id='word_1_59' title='bbox 1419 896 1712 953; x_wconf 77' lang='lat' dir='ltr'><strong>efficacius</strong></span> <span class='ocrx_word' id='word_1_60' title='bbox 1743 895 1815 950; x_wconf 87' lang='lat' dir='ltr'><strong>ab</strong></span> 
     </span>
     <span class='ocr_line' id='line_1_9' title="bbox 167 984 1814 1063; baseline -0.004 -16"><span class='ocrx_word' id='word_1_61' title='bbox 167 991 259 1048; x_wconf 88' lang='lat' dir='ltr'><strong>his</strong></span> <span class='ocrx_word' id='word_1_62' title='bbox 278 990 375 1063; x_wconf 88' lang='lat' dir='ltr'><strong>qui</strong></span> <span class='ocrx_word' id='word_1_63' title='bbox 400 1005 498 1047; x_wconf 83' lang='lat' dir='ltr'><strong>vos</strong></span> <span class='ocrx_word' id='word_1_64' title='bbox 519 987 771 1060; x_wconf 90' lang='lat' dir='ltr'><strong>diligunt</strong></span> <span class='ocrx_word' id='word_1_65' title='bbox 786 986 1000 1058; x_wconf 89' lang='lat' dir='ltr'><strong>poterit</strong></span> <span class='ocrx_word' id='word_1_66' title='bbox 1019 984 1343 1059; x_wconf 89' lang='lat' dir='ltr'><strong>implorari,</strong></span> <span class='ocrx_word' id='word_1_67' title='bbox 1357 1001 1464 1043; x_wconf 92' lang='lat' dir='ltr'><strong>nec</strong></span> <span class='ocrx_word' id='word_1_68' title='bbox 1478 985 1814 1043; x_wconf 87' lang='lat' dir='ltr'><strong>indecorum</strong></span> 
     </span>
     <span class='ocr_line' id='line_1_10' title="bbox 170 1074 1813 1152; baseline -0.004 -16"><span class='ocrx_word' id='word_1_69' title='bbox 170 1080 284 1136; x_wconf 89' lang='lat' dir='ltr'><strong>sibi</strong></span> <span class='ocrx_word' id='word_1_70' title='bbox 318 1082 587 1152; x_wconf 84' lang='lat' dir='ltr'><strong>reputare</strong></span> <span class='ocrx_word' id='word_1_71' title='bbox 618 1076 826 1148; x_wconf 89' lang='lat' dir='ltr'><strong>poterit</strong></span> <span class='ocrx_word' id='word_1_72' title='bbox 855 1092 1059 1133; x_wconf 89' lang='lat' dir='ltr'><strong>eorum</strong></span> <span class='ocrx_word' id='word_1_73' title='bbox 1091 1074 1420 1133; x_wconf 77' lang='lat' dir='ltr'><strong>auctoritati</strong></span> <span class='ocrx_word' id='word_1_74' title='bbox 1453 1080 1509 1132; x_wconf 90' lang='lat' dir='ltr'><strong>te</strong></span> <span class='ocrx_word' id='word_1_75' title='bbox 1547 1074 1813 1132; x_wconf 63' lang='lat' dir='ltr'><strong>Ecclesiae</strong></span> 
     </span>
     <span class='ocr_line' id='line_1_11' title="bbox 167 1162 1718 1239; baseline -0.004 -13"><span class='ocrx_word' id='word_1_76' title='bbox 167 1169 393 1237; x_wconf 88' lang='lat' dir='ltr'><strong>cedere,</strong></span> <span class='ocrx_word' id='word_1_77' title='bbox 427 1165 799 1239; x_wconf 78' lang='lat' dir='ltr'><strong>acquiescere</strong></span> <span class='ocrx_word' id='word_1_78' title='bbox 829 1164 1110 1225; x_wconf 87' lang='lat' dir='ltr'><strong>consiliis,</strong></span> <span class='ocrx_word' id='word_1_79' title='bbox 1133 1164 1400 1236; x_wconf 89' lang='lat' dir='ltr'><strong>precibus</strong></span> <span class='ocrx_word' id='word_1_80' title='bbox 1429 1162 1718 1220; x_wconf 89' lang='lat' dir='ltr'><strong>inclinari.</strong></span> 
     </span>
     <span class='ocr_line' id='line_1_12' title="bbox 242 1252 1816 1320; baseline -0.003 -8"><span class='ocrx_word' id='word_1_81' title='bbox 242 1256 416 1314; x_wconf 84' lang='lat' dir='ltr'><strong>Venit</strong></span> <span class='ocrx_word' id='word_1_82' title='bbox 444 1258 638 1312; x_wconf 89' lang='lat' dir='ltr'><strong>autem</strong></span> <span class='ocrx_word' id='word_1_83' title='bbox 671 1253 852 1311; x_wconf 89' lang='lat' dir='ltr'><strong>animi</strong></span> <span class='ocrx_word' id='word_1_84' title='bbox 873 1253 1043 1311; x_wconf 89' lang='lat' dir='ltr'><strong>solito</strong></span> <span class='ocrx_word' id='word_1_85' title='bbox 1061 1252 1492 1318; x_wconf 76' lang='lat' dir='ltr'><strong>mansuetioris,</strong></span> <span class='ocrx_word' id='word_1_86' title='bbox 1527 1256 1593 1309; x_wconf 93' lang='lat' dir='ltr'><strong>ut</strong></span> <span class='ocrx_word' id='word_1_87' title='bbox 1623 1253 1816 1320; x_wconf 89' lang='lat' dir='ltr'><strong>aiunt,</strong></span> 
     </span>
     <span class='ocr_line' id='line_1_13' title="bbox 172 1341 1817 1419; baseline -0.002 -16"><span class='ocrx_word' id='word_1_88' title='bbox 172 1346 312 1419; x_wconf 90' lang='lat' dir='ltr'><strong>quia</strong></span> <span class='ocrx_word' id='word_1_89' title='bbox 340 1346 603 1402; x_wconf 90' lang='lat' dir='ltr'><strong>animum</strong></span> <span class='ocrx_word' id='word_1_90' title='bbox 633 1345 781 1415; x_wconf 89' lang='lat' dir='ltr'><strong>ejus,</strong></span> <span class='ocrx_word' id='word_1_91' title='bbox 832 1342 966 1400; x_wconf 90' lang='lat' dir='ltr'><strong>licet</strong></span> <span class='ocrx_word' id='word_1_92' title='bbox 995 1343 1119 1414; x_wconf 90' lang='lat' dir='ltr'><strong>ipse</strong></span> <span class='ocrx_word' id='word_1_93' title='bbox 1151 1341 1503 1412; x_wconf 87' lang='lat' dir='ltr'><strong>dissimulet,</strong></span> <span class='ocrx_word' id='word_1_94' title='bbox 1550 1343 1817 1415; x_wconf 80' lang='lat' dir='ltr'><strong>quaedam</strong></span> 
     </span>
     <span class='ocr_line' id='line_1_14' title="bbox 173 1431 1818 1508; baseline -0.001 -17"><span class='ocrx_word' id='word_1_95' title='bbox 173 1450 444 1508; x_wconf 62' lang='lat' dir='ltr'><strong>praesagae</strong></span> <span class='ocrx_word' id='word_1_96' title='bbox 468 1434 797 1489; x_wconf 75' lang='lat' dir='ltr'><strong>futurorum</strong></span> <span class='ocrx_word' id='word_1_97' title='bbox 823 1431 1659 1502; x_wconf 88' lang='lat' dir='ltr'><strong>amaritudinesinterpellant,</strong></span> <span class='ocrx_word' id='word_1_98' title='bbox 1676 1449 1818 1504; x_wconf 92' lang='lat' dir='ltr'><strong>quo-</strong></span> 
     </span>
     <span class='ocr_line' id='line_1_15' title="bbox 172 1520 1819 1595; baseline -0.001 -15"><span class='ocrx_word' id='word_1_99' title='bbox 172 1523 333 1581; x_wconf 88' lang='lat' dir='ltr'><strong>niam</strong></span> <span class='ocrx_word' id='word_1_100' title='bbox 357 1521 702 1595; x_wconf 87' lang='lat' dir='ltr'><strong>intelligitin</strong></span> <span class='ocrx_word' id='word_1_101' title='bbox 718 1521 1012 1595; x_wconf 89' lang='lat' dir='ltr'><strong>plerisque</strong></span> <span class='ocrx_word' id='word_1_102' title='bbox 1033 1521 1175 1579; x_wconf 90' lang='lat' dir='ltr'><strong>loeis</strong></span> <span class='ocrx_word' id='word_1_103' title='bbox 1205 1520 1317 1577; x_wconf 91' lang='lat' dir='ltr'><strong>sibi</strong></span> <span class='ocrx_word' id='word_1_104' title='bbox 1349 1521 1627 1578; x_wconf 85' lang='lat' dir='ltr'><strong>scintillas</strong></span> <span class='ocrx_word' id='word_1_105' title='bbox 1654 1536 1819 1593; x_wconf 87' lang='lat' dir='ltr'><strong>quas-</strong></span> 
     </span>
     <span class='ocr_line' id='line_1_16' title="bbox 172 1610 1817 1670; baseline -0.002 0"><span class='ocrx_word' id='word_1_106' title='bbox 172 1613 305 1670; x_wconf 86' lang='lat' dir='ltr'><strong>dam</strong></span> <span class='ocrx_word' id='word_1_107' title='bbox 341 1612 413 1669; x_wconf 88' lang='lat' dir='ltr'><strong>ad</strong></span> <span class='ocrx_word' id='word_1_108' title='bbox 445 1611 747 1668; x_wconf 82' lang='lat' dir='ltr'><strong>excitanda</strong></span> <span class='ocrx_word' id='word_1_109' title='bbox 771 1610 1640 1668; x_wconf 83' lang='lat' dir='ltr'><strong>incendiacont&#39;overi.Movetur</strong></span> <span class='ocrx_word' id='word_1_110' title='bbox 1657 1610 1817 1667; x_wconf 91' lang='lat' dir='ltr'><strong>enim</strong></span> 
     </span>
     <span class='ocr_line' id='line_1_17' title="bbox 172 1697 1818 1769; baseline -0.002 -11"><span class='ocrx_word' id='word_1_111' title='bbox 172 1701 531 1758; x_wconf 76' lang='lat' dir='ltr'><strong>Francorum</strong></span> <span class='ocrx_word' id='word_1_112' title='bbox 555 1699 798 1769; x_wconf 90' lang='lat' dir='ltr'><strong>invidia,</strong></span> <span class='ocrx_word' id='word_1_113' title='bbox 831 1698 1142 1756; x_wconf 87' lang='lat' dir='ltr'><strong>calumniis</strong></span> <span class='ocrx_word' id='word_1_114' title='bbox 1164 1698 1630 1767; x_wconf 83' lang='lat' dir='ltr'><strong>Flandrensium,</strong></span> <span class='ocrx_word' id='word_1_115' title='bbox 1655 1697 1818 1755; x_wconf 89' lang='lat' dir='ltr'><strong>Wal-</strong></span> 
     </span>
     <span class='ocr_line' id='line_1_18' title="bbox 170 1787 1820 1861; baseline -0.002 -15"><span class='ocrx_word' id='word_1_116' title='bbox 170 1789 432 1847; x_wconf 89' lang='lat' dir='ltr'><strong>leusium</strong></span> <span class='ocrx_word' id='word_1_117' title='bbox 465 1788 850 1861; x_wconf 85' lang='lat' dir='ltr'><strong>improbitate,</strong></span> <span class='ocrx_word' id='word_1_118' title='bbox 882 1792 1182 1846; x_wconf 85' lang='lat' dir='ltr'><strong>Scotorum</strong></span> <span class='ocrx_word' id='word_1_119' title='bbox 1213 1787 1464 1856; x_wconf 74' lang='lat' dir='ltr'><strong>insidiis,</strong></span> <span class='ocrx_word' id='word_1_120' title='bbox 1497 1787 1820 1844; x_wconf 87' lang='lat' dir='ltr'><strong>temeritate</strong></span> 
     </span>
     <span class='ocr_line' id='line_1_19' title="bbox 178 1876 1819 1948; baseline -0.002 -12"><span class='ocrx_word' id='word_1_121' title='bbox 178 1878 500 1946; x_wconf 84' lang='lat' dir='ltr'><strong>Britonum,</strong></span> <span class='ocrx_word' id='word_1_122' title='bbox 534 1878 896 1935; x_wconf 85' lang='lat' dir='ltr'><strong>Pictavorum</strong></span> <span class='ocrx_word' id='word_1_123' title='bbox 929 1876 1269 1942; x_wconf 83' lang='lat' dir='ltr'><strong>l&#39;oederibus,</strong></span> <span class='ocrx_word' id='word_1_124' title='bbox 1300 1876 1592 1934; x_wconf 89' lang='lat' dir='ltr'><strong>interioris</strong></span> <span class='ocrx_word' id='word_1_125' title='bbox 1640 1877 1819 1948; x_wconf 84' lang='lat' dir='ltr'><strong>Aqui-</strong></span> 
     </span>
     <span class='ocr_line' id='line_1_20' title="bbox 178 1964 1824 2038; baseline -0.001 -15"><span class='ocrx_word' id='word_1_126' title='bbox 178 1966 350 2024; x_wconf 65' lang='lat' dir='ltr'><strong>tania</strong></span> <span class='ocrx_word' id='word_1_127' title='bbox 391 1966 750 2037; x_wconf 81' lang='lat' dir='ltr'><strong>sumptibus,</strong></span> <span class='ocrx_word' id='word_1_128' title='bbox 816 1966 1188 2023; x_wconf 89' lang='lat' dir='ltr'><strong>Guasconum</strong></span> <span class='ocrx_word' id='word_1_129' title='bbox 1240 1964 1497 2034; x_wconf 88' lang='lat' dir='ltr'><strong>levitate,</strong></span> <span class='ocrx_word' id='word_1_130' title='bbox 1539 1970 1597 2023; x_wconf 86' lang='lat' dir='ltr'><strong>et</strong></span> <span class='ocrx_word' id='word_1_131' title='bbox 1640 1964 1824 2038; x_wconf 84' lang='lat' dir='ltr'><strong>(quod</strong></span> 
     </span>
     <span class='ocr_line' id='line_1_21' title="bbox 177 2055 1824 2130; baseline 0 -18"><span class='ocrx_word' id='word_1_132' title='bbox 177 2056 411 2130; x_wconf 86' lang='lat' dir='ltr'><strong>gravius</strong></span> <span class='ocrx_word' id='word_1_133' title='bbox 439 2056 547 2126; x_wconf 88' lang='lat' dir='ltr'><strong>est)</strong></span> <span class='ocrx_word' id='word_1_134' title='bbox 617 2055 917 2112; x_wconf 75' lang='lat' dir='ltr'><strong>simultate</strong></span> <span class='ocrx_word' id='word_1_135' title='bbox 967 2057 1081 2112; x_wconf 82' lang='lat' dir='ltr'><strong>fere</strong></span> <span class='ocrx_word' id='word_1_136' title='bbox 1131 2055 1394 2112; x_wconf 92' lang='lat' dir='ltr'><strong>omnium</strong></span> <span class='ocrx_word' id='word_1_137' title='bbox 1447 2071 1824 2128; x_wconf 83' lang='lat' dir='ltr'><strong>quoscunque</strong></span> 
     </span>
     <span class='ocr_line' id='line_1_22' title="bbox 179 2144 1822 2218; baseline 0 -16"><span class='ocrx_word' id='word_1_138' title='bbox 179 2144 387 2203; x_wconf 89' lang='lat' dir='ltr'><strong>ditioni</strong></span> <span class='ocrx_word' id='word_1_139' title='bbox 416 2145 1248 2216; x_wconf 74' lang='lat' dir='ltr'><strong>eJusconstatessesubJectos.</strong></span> <span class='ocrx_word' id='word_1_140' title='bbox 1274 2146 1617 2218; x_wconf 79' lang='lat' dir='ltr'><strong>Suspectam</strong></span> <span class='ocrx_word' id='word_1_141' title='bbox 1644 2146 1822 2202; x_wconf 90' lang='lat' dir='ltr'><strong>etiam</strong></span> 
     </span>
     <span class='ocr_line' id='line_1_23' title="bbox 175 2233 1822 2306; baseline -0.001 -14"><span class='ocrx_word' id='word_1_142' title='bbox 175 2234 354 2292; x_wconf 89' lang='lat' dir='ltr'><strong>babet</strong></span> <span class='ocrx_word' id='word_1_143' title='bbox 382 2234 626 2291; x_wconf 86' lang='lat' dir='ltr'><strong>Romani</strong></span> <span class='ocrx_word' id='word_1_144' title='bbox 650 2233 941 2306; x_wconf 75' lang='lat' dir='ltr'><strong>pontificis</strong></span> <span class='ocrx_word' id='word_1_145' title='bbox 973 2249 1150 2306; x_wconf 90' lang='lat' dir='ltr'><strong>quam</strong></span> <span class='ocrx_word' id='word_1_146' title='bbox 1181 2233 1303 2303; x_wconf 91' lang='lat' dir='ltr'><strong>ipse</strong></span> <span class='ocrx_word' id='word_1_147' title='bbox 1336 2238 1496 2291; x_wconf 83' lang='lat' dir='ltr'><strong>motu</strong></span> <span class='ocrx_word' id='word_1_148' title='bbox 1520 2236 1822 2306; x_wconf 89' lang='lat' dir='ltr'><strong>repentino</strong></span> 
     </span>
     <span class='ocr_line' id='line_1_24' title="bbox 176 2322 1821 2395; baseline -0.001 -14"><span class='ocrx_word' id='word_1_149' title='bbox 176 2323 469 2382; x_wconf 84' lang='lat' dir='ltr'><strong>contraxit</strong></span> <span class='ocrx_word' id='word_1_150' title='bbox 490 2323 792 2381; x_wconf 79' lang='lat' dir='ltr'><strong>offensam.</strong></span> <span class='ocrx_word' id='word_1_151' title='bbox 844 2322 1146 2395; x_wconf 85' lang='lat' dir='ltr'><strong>Regnique</strong></span> <span class='ocrx_word' id='word_1_152' title='bbox 1202 2327 1395 2380; x_wconf 89' lang='lat' dir='ltr'><strong>status</strong></span> <span class='ocrx_word' id='word_1_153' title='bbox 1429 2324 1573 2379; x_wconf 88' lang='lat' dir='ltr'><strong>adeo</strong></span> <span class='ocrx_word' id='word_1_154' title='bbox 1605 2324 1676 2381; x_wconf 90' lang='lat' dir='ltr'><strong>de</strong></span> <span class='ocrx_word' id='word_1_155' title='bbox 1720 2324 1821 2381; x_wconf 90' lang='lat' dir='ltr'><strong>ab·</strong></span> 
     </span>
     <span class='ocr_line' id='line_1_25' title="bbox 177 2410 1828 2484; baseline -0.001 -14"><span class='ocrx_word' id='word_1_156' title='bbox 177 2412 379 2470; x_wconf 70' lang='lat' dir='ltr'><strong>sentim</strong></span> <span class='ocrx_word' id='word_1_157' title='bbox 408 2416 615 2468; x_wconf 74' lang='lat' dir='ltr'><strong>vestrae</strong></span> <span class='ocrx_word' id='word_1_158' title='bbox 664 2427 844 2467; x_wconf 89' lang='lat' dir='ltr'><strong>causa</strong></span> <span class='ocrx_word' id='word_1_159' title='bbox 892 2410 1170 2467; x_wconf 75' lang='lat' dir='ltr'><strong>confusus</strong></span> <span class='ocrx_word' id='word_1_160' title='bbox 1217 2416 1328 2482; x_wconf 89' lang='lat' dir='ltr'><strong>est,</strong></span> <span class='ocrx_word' id='word_1_161' title='bbox 1376 2415 1440 2466; x_wconf 92' lang='lat' dir='ltr'><strong>ut</strong></span> <span class='ocrx_word' id='word_1_162' title='bbox 1493 2412 1611 2484; x_wconf 70' lang='lat' dir='ltr'><strong>{nec</strong></span> <span class='ocrx_word' id='word_1_163' title='bbox 1654 2412 1828 2468; x_wconf 86' lang='lat' dir='ltr'><strong>ecele-</strong></span> 
     </span>
     <span class='ocr_line' id='line_1_26' title="bbox 179 2499 1828 2573; baseline -0.001 -15"><span class='ocrx_word' id='word_1_164' title='bbox 179 2499 414 2558; x_wconf 88' lang='lat' dir='ltr'><strong>siastica</strong></span> <span class='ocrx_word' id='word_1_165' title='bbox 444 2515 548 2556; x_wconf 88' lang='lat' dir='ltr'><strong>nec</strong></span> <span class='ocrx_word' id='word_1_166' title='bbox 578 2499 880 2557; x_wconf 65' lang='lat' dir='ltr'><strong>secularia</strong></span> <span class='ocrx_word' id='word_1_167' title='bbox 908 2516 1016 2556; x_wconf 91' lang='lat' dir='ltr'><strong>suo</strong></span> <span class='ocrx_word' id='word_1_168' title='bbox 1039 2500 1355 2571; x_wconf 87' lang='lat' dir='ltr'><strong>procedant</strong></span> <span class='ocrx_word' id='word_1_169' title='bbox 1382 2499 1604 2569; x_wconf 87' lang='lat' dir='ltr'><strong>ordine,</strong></span> <span class='ocrx_word' id='word_1_170' title='bbox 1638 2516 1828 2573; x_wconf 92' lang='lat' dir='ltr'><strong>neque</strong></span> 
     </span>
     <span class='ocr_line' id='line_1_27' title="bbox 183 2587 1823 2663; baseline 0.001 -18"><span class='ocrx_word' id='word_1_171' title='bbox 183 2589 500 2663; x_wconf 89' lang='lat' dir='ltr'><strong>quisquam</strong></span> <span class='ocrx_word' id='word_1_172' title='bbox 513 2589 813 2661; x_wconf 88' lang='lat' dir='ltr'><strong>sciatquid</strong></span> <span class='ocrx_word' id='word_1_173' title='bbox 834 2588 951 2661; x_wconf 77' lang='lat' dir='ltr'><strong>juri</strong></span> <span class='ocrx_word' id='word_1_174' title='bbox 974 2588 1386 2657; x_wconf 88' lang='lat' dir='ltr'><strong>ecclesiastico,</strong></span> <span class='ocrx_word' id='word_1_175' title='bbox 1402 2587 1540 2661; x_wconf 91' lang='lat' dir='ltr'><strong>quid</strong></span> <span class='ocrx_word' id='word_1_176' title='bbox 1563 2590 1823 2646; x_wconf 82' lang='lat' dir='ltr'><strong>saeculari</strong></span> 
     </span>
     <span class='ocr_line' id='line_1_28' title="bbox 190 2676 1825 2751; baseline 0 -16"><span class='ocrx_word' id='word_1_177' title='bbox 190 2678 396 2735; x_wconf 88' lang='lat' dir='ltr'><strong>debeat</strong></span> <span class='ocrx_word' id='word_1_178' title='bbox 418 2679 742 2751; x_wconf 90' lang='lat' dir='ltr'><strong>assignare.</strong></span> <span class='ocrx_word' id='word_1_179' title='bbox 775 2676 884 2735; x_wconf 92' lang='lat' dir='ltr'><strong>Pro</strong></span> <span class='ocrx_word' id='word_1_180' title='bbox 915 2677 1298 2735; x_wconf 89' lang='lat' dir='ltr'><strong>hisomnibus</strong></span> <span class='ocrx_word' id='word_1_181' title='bbox 1314 2678 1613 2749; x_wconf 89' lang='lat' dir='ltr'><strong>proposuit</strong></span> <span class='ocrx_word' id='word_1_182' title='bbox 1635 2679 1825 2751; x_wconf 91' lang='lat' dir='ltr'><strong>primo</strong></span> 
     </span>
     <span class='ocr_line' id='line_1_29' title="bbox 185 2767 1828 2840; baseline 0 -14"><span class='ocrx_word' id='word_1_183' title='bbox 185 2784 320 2826; x_wconf 89' lang='lat' dir='ltr'><strong>cum</strong></span> <span class='ocrx_word' id='word_1_184' title='bbox 351 2783 486 2840; x_wconf 91' lang='lat' dir='ltr'><strong>rege</strong></span> <span class='ocrx_word' id='word_1_185' title='bbox 510 2768 861 2825; x_wconf 83' lang='lat' dir='ltr'><strong>Francorum</strong></span> <span class='ocrx_word' id='word_1_186' title='bbox 892 2767 1341 2840; x_wconf 83' lang='lat' dir='ltr'><strong>quibuscunque</strong></span> <span class='ocrx_word' id='word_1_187' title='bbox 1389 2768 1828 2826; x_wconf 88' lang='lat' dir='ltr'><strong>conditionibus</strong></span> 
     </span>
     <span class='ocr_line' id='line_1_30' title="bbox 184 2856 1828 2931; baseline 0 -16"><span class='ocrx_word' id='word_1_188' title='bbox 184 2856 515 2922; x_wconf 84' lang='lat' dir='ltr'><strong>convenire,</strong></span> <span class='ocrx_word' id='word_1_189' title='bbox 549 2864 610 2914; x_wconf 89' lang='lat' dir='ltr'><strong>ut</strong></span> <span class='ocrx_word' id='word_1_190' title='bbox 640 2873 746 2913; x_wconf 90' lang='lat' dir='ltr'><strong>suo</strong></span> <span class='ocrx_word' id='word_1_191' title='bbox 789 2861 849 2913; x_wconf 91' lang='lat' dir='ltr'><strong>et</strong></span> <span class='ocrx_word' id='word_1_192' title='bbox 872 2857 1063 2928; x_wconf 91' lang='lat' dir='ltr'><strong>ipsius</strong></span> <span class='ocrx_word' id='word_1_193' title='bbox 1093 2861 1309 2913; x_wconf 86' lang='lat' dir='ltr'><strong>terrore</strong></span> <span class='ocrx_word' id='word_1_194' title='bbox 1342 2859 1655 2931; x_wconf 87' lang='lat' dir='ltr'><strong>conjuncto</strong></span> <span class='ocrx_word' id='word_1_195' title='bbox 1688 2857 1828 2915; x_wconf 76' lang='lat' dir='ltr'><strong>iaci-</strong></span> 
     </span>
     <span class='ocr_line' id='line_1_31' title="bbox 183 2944 1822 3020; baseline -0.001 -16"><span class='ocrx_word' id='word_1_196' title='bbox 183 2944 301 3004; x_wconf 86' lang='lat' dir='ltr'><strong>lius</strong></span> <span class='ocrx_word' id='word_1_197' title='bbox 360 2946 548 3019; x_wconf 88' lang='lat' dir='ltr'><strong>possit</strong></span> <span class='ocrx_word' id='word_1_198' title='bbox 596 2951 800 3003; x_wconf 78' lang='lat' dir='ltr'><strong>caetera</strong></span> <span class='ocrx_word' id='word_1_199' title='bbox 840 2945 1231 3018; x_wconf 87' lang='lat' dir='ltr'><strong>complanare.</strong></span> <span class='ocrx_word' id='word_1_200' title='bbox 1284 2947 1579 3020; x_wconf 83' lang='lat' dir='ltr'><strong>Disposuit</strong></span> <span class='ocrx_word' id='word_1_201' title='bbox 1623 2948 1822 3015; x_wconf 91' lang='lat' dir='ltr'><strong>etiam,</strong></span> 
     </span>
     <span class='ocr_line' id='line_1_32' title="bbox 187 3035 1826 3111; baseline -0.001 -16"><span class='ocrx_word' id='word_1_202' title='bbox 187 3037 343 3095; x_wconf 85' lang='lat' dir='ltr'><strong>sicut</strong></span> <span class='ocrx_word' id='word_1_203' title='bbox 363 3037 548 3109; x_wconf 88' lang='lat' dir='ltr'><strong>aiunt,</strong></span> <span class='ocrx_word' id='word_1_204' title='bbox 569 3036 628 3093; x_wconf 91' lang='lat' dir='ltr'><strong>in</strong></span> <span class='ocrx_word' id='word_1_205' title='bbox 676 3036 970 3109; x_wconf 89' lang='lat' dir='ltr'><strong>plerisque</strong></span> <span class='ocrx_word' id='word_1_206' title='bbox 1005 3035 1207 3093; x_wconf 90' lang='lat' dir='ltr'><strong>mitius</strong></span> <span class='ocrx_word' id='word_1_207' title='bbox 1227 3053 1415 3110; x_wconf 87' lang='lat' dir='ltr'><strong>agere,</strong></span> <span class='ocrx_word' id='word_1_208' title='bbox 1450 3041 1515 3093; x_wconf 91' lang='lat' dir='ltr'><strong>ut</strong></span> <span class='ocrx_word' id='word_1_209' title='bbox 1534 3038 1603 3094; x_wconf 90' lang='lat' dir='ltr'><strong>ad</strong></span> <span class='ocrx_word' id='word_1_210' title='bbox 1627 3053 1826 3111; x_wconf 90' lang='lat' dir='ltr'><strong>pacem</strong></span> 
     </span>
     <span class='ocr_line' id='line_1_33' title="bbox 182 3124 1829 3199; baseline -0.002 -15"><span class='ocrx_word' id='word_1_211' title='bbox 182 3125 384 3184; x_wconf 87' lang='lat' dir='ltr'><strong>omnia</strong></span> <span class='ocrx_word' id='word_1_212' title='bbox 400 3124 790 3182; x_wconf 82' lang='lat' dir='ltr'><strong>dissimulatis</strong></span> <span class='ocrx_word' id='word_1_213' title='bbox 808 3129 1153 3183; x_wconf 86' lang='lat' dir='ltr'><strong>revocentur</strong></span> <span class='ocrx_word' id='word_1_214' title='bbox 1167 3124 1423 3196; x_wconf 87' lang='lat' dir='ltr'><strong>injuriis,</strong></span> <span class='ocrx_word' id='word_1_215' title='bbox 1436 3131 1495 3182; x_wconf 90' lang='lat' dir='ltr'><strong>et</strong></span> <span class='ocrx_word' id='word_1_216' title='bbox 1518 3127 1643 3199; x_wconf 88' lang='lat' dir='ltr'><strong>ipse</strong></span> <span class='ocrx_word' id='word_1_217' title='bbox 1659 3126 1829 3183; x_wconf 91' lang='lat' dir='ltr'><strong>celeri</strong></span> 
     </span>
     <span class='ocr_line' id='line_1_34' title="bbox 185 3213 1833 3285; baseline 0.001 -14"><span class='ocrx_word' id='word_1_218' title='bbox 185 3215 372 3272; x_wconf 89' lang='lat' dir='ltr'><strong>reditu</strong></span> <span class='ocrx_word' id='word_1_219' title='bbox 404 3213 478 3270; x_wconf 92' lang='lat' dir='ltr'><strong>ad</strong></span> <span class='ocrx_word' id='word_1_220' title='bbox 500 3213 928 3285; x_wconf 87' lang='lat' dir='ltr'><strong>reprimendam</strong></span> <span class='ocrx_word' id='word_1_221' title='bbox 959 3213 1342 3272; x_wconf 86' lang='lat' dir='ltr'><strong>Wallencium</strong></span> <span class='ocrx_word' id='word_1_222' title='bbox 1374 3219 1698 3273; x_wconf 89' lang='lat' dir='ltr'><strong>revertatur</strong></span> <span class='ocrx_word' id='word_1_223' title='bbox 1731 3232 1833 3273; x_wconf 89' lang='lat' dir='ltr'><strong>au-</strong></span> 
     </span>
     <span class='ocr_line' id='line_1_35' title="bbox 185 3302 1830 3377; baseline 0.001 -16"><span class='ocrx_word' id='word_1_224' title='bbox 185 3303 441 3371; x_wconf 86' lang='lat' dir='ltr'><strong>daciam,</strong></span> <span class='ocrx_word' id='word_1_225' title='bbox 475 3302 816 3374; x_wconf 87' lang='lat' dir='ltr'><strong>priusquam</strong></span> <span class='ocrx_word' id='word_1_226' title='bbox 839 3318 973 3359; x_wconf 91' lang='lat' dir='ltr'><strong>cum</strong></span> <span class='ocrx_word' id='word_1_227' title='bbox 1005 3302 1088 3359; x_wconf 88' lang='lat' dir='ltr'><strong>eis</strong></span> <span class='ocrx_word' id='word_1_228' title='bbox 1117 3303 1271 3360; x_wconf 91' lang='lat' dir='ltr'><strong>Scoti</strong></span> <span class='ocrx_word' id='word_1_229' title='bbox 1307 3303 1830 3377; x_wconf 83' lang='lat' dir='ltr'><strong>Britonesquecon·</strong></span> 
     </span>
     <span class='ocr_line' id='line_1_36' title="bbox 180 3390 1840 3467; baseline 0.002 -19"><span class='ocrx_word' id='word_1_230' title='bbox 180 3390 448 3460; x_wconf 86' lang='lat' dir='ltr'><strong>veniant,</strong></span> <span class='ocrx_word' id='word_1_231' title='bbox 480 3394 537 3448; x_wconf 92' lang='lat' dir='ltr'><strong>et</strong></span> <span class='ocrx_word' id='word_1_232' title='bbox 555 3390 821 3460; x_wconf 82' lang='lat' dir='ltr'><strong>Albania,</strong></span> <span class='ocrx_word' id='word_1_233' title='bbox 844 3392 998 3448; x_wconf 89' lang='lat' dir='ltr'><strong>sicut</strong></span> <span class='ocrx_word' id='word_1_234' title='bbox 1022 3392 1433 3464; x_wconf 89' lang='lat' dir='ltr'><strong>prophetatum</strong></span> <span class='ocrx_word' id='word_1_235' title='bbox 1464 3397 1573 3457; x_wconf 88' lang='lat' dir='ltr'><strong>est,</strong></span> <span class='ocrx_word' id='word_1_236' title='bbox 1598 3394 1840 3467; x_wconf 83' lang='lat' dir='ltr'><strong>incipiat</strong></span> 
     </span>
     <span class='ocr_line' id='line_1_37' title="bbox 193 3479 1839 3553; baseline 0.002 -16"><span class='ocrx_word' id='word_1_237' title='bbox 193 3480 511 3553; x_wconf 88' lang='lat' dir='ltr'><strong>indignari.</strong></span> <span class='ocrx_word' id='word_1_238' title='bbox 546 3479 913 3551; x_wconf 89' lang='lat' dir='ltr'><strong>Venitigitur</strong></span> <span class='ocrx_word' id='word_1_239' title='bbox 946 3480 1234 3553; x_wconf 87' lang='lat' dir='ltr'><strong>imperata</strong></span> <span class='ocrx_word' id='word_1_240' title='bbox 1263 3480 1543 3553; x_wconf 80' lang='lat' dir='ltr'><strong>facturus,</strong></span> <span class='ocrx_word' id='word_1_241' title='bbox 1571 3482 1621 3538; x_wconf 91' lang='lat' dir='ltr'><strong>si</strong></span> <span class='ocrx_word' id='word_1_242' title='bbox 1662 3483 1839 3541; x_wconf 77' lang='lat' dir='ltr'><strong>fuerit</strong></span> 
     </span>
     <span class='ocr_line' id='line_1_38' title="bbox 193 3568 1840 3643; baseline 0.001 -16"><span class='ocrx_word' id='word_1_243' title='bbox 193 3570 296 3643; x_wconf 90' lang='lat' dir='ltr'><strong>qui</strong></span> <span class='ocrx_word' id='word_1_244' title='bbox 326 3570 475 3627; x_wconf 88' lang='lat' dir='ltr'><strong>sciat</strong></span> <span class='ocrx_word' id='word_1_245' title='bbox 501 3568 589 3626; x_wconf 89' lang='lat' dir='ltr'><strong>vel</strong></span> <span class='ocrx_word' id='word_1_246' title='bbox 610 3570 1147 3641; x_wconf 87' lang='lat' dir='ltr'><strong>audeatimperare,</strong></span> <span class='ocrx_word' id='word_1_247' title='bbox 1179 3569 1385 3627; x_wconf 87' lang='lat' dir='ltr'><strong>utilius</strong></span> <span class='ocrx_word' id='word_1_248' title='bbox 1417 3571 1713 3629; x_wconf 65' lang='lat' dir='ltr'><strong>:estimans</strong></span> <span class='ocrx_word' id='word_1_249' title='bbox 1735 3572 1840 3629; x_wconf 90' lang='lat' dir='ltr'><strong>ali-</strong></span> 
     </span>
     <span class='ocr_line' id='line_1_39' title="bbox 195 3658 1840 3734; baseline 0.001 -18"><span class='ocrx_word' id='word_1_250' title='bbox 195 3659 340 3732; x_wconf 91' lang='lat' dir='ltr'><strong>quid</strong></span> <span class='ocrx_word' id='word_1_251' title='bbox 353 3658 423 3714; x_wconf 91' lang='lat' dir='ltr'><strong>ad</strong></span> <span class='ocrx_word' id='word_1_252' title='bbox 439 3661 672 3730; x_wconf 91' lang='lat' dir='ltr'><strong>tempus</strong></span> <span class='ocrx_word' id='word_1_253' title='bbox 684 3658 755 3714; x_wconf 90' lang='lat' dir='ltr'><strong>de</strong></span> <span class='ocrx_word' id='word_1_254' title='bbox 767 3658 918 3714; x_wconf 78' lang='lat' dir='ltr'><strong>fastu</strong></span> <span class='ocrx_word' id='word_1_255' title='bbox 933 3659 1143 3715; x_wconf 83' lang='lat' dir='ltr'><strong>veteris</strong></span> <span class='ocrx_word' id='word_1_256' title='bbox 1157 3659 1456 3731; x_wconf 89' lang='lat' dir='ltr'><strong>supercilii</strong></span> <span class='ocrx_word' id='word_1_257' title='bbox 1468 3665 1840 3734; x_wconf 85' lang='lat' dir='ltr'><strong>sequestrare</strong></span> 
     </span>
     <span class='ocr_line' id='line_1_40' title="bbox 191 3747 1841 3822; baseline 0.001 -17"><span class='ocrx_word' id='word_1_258' title='bbox 191 3764 372 3822; x_wconf 89' lang='lat' dir='ltr'><strong>quam</strong></span> <span class='ocrx_word' id='word_1_259' title='bbox 391 3751 808 3819; x_wconf 80' lang='lat' dir='ltr'><strong>exspectarent</strong></span> <span class='ocrx_word' id='word_1_260' title='bbox 831 3748 891 3804; x_wconf 93' lang='lat' dir='ltr'><strong>in</strong></span> <span class='ocrx_word' id='word_1_261' title='bbox 917 3747 1234 3820; x_wconf 89' lang='lat' dir='ltr'><strong>perniciem</strong></span> <span class='ocrx_word' id='word_1_262' title='bbox 1256 3748 1406 3820; x_wconf 73' lang='lat' dir='ltr'><strong>eJus,</strong></span> <span class='ocrx_word' id='word_1_263' title='bbox 1421 3765 1549 3821; x_wconf 77' lang='lat' dir='ltr'><strong>quae</strong></span> <span class='ocrx_word' id='word_1_264' title='bbox 1564 3750 1841 3819; x_wconf 72' lang='lat' dir='ltr'><strong>praedicta</strong></span> 
     </span>
     <span class='ocr_line' id='line_1_41' title="bbox 191 3836 1641 3909; baseline -0.002 -14"><span class='ocrx_word' id='word_1_265' title='bbox 191 3841 355 3905; x_wconf 87' lang='lat' dir='ltr'><strong>sunt,</strong></span> <span class='ocrx_word' id='word_1_266' title='bbox 384 3837 584 3895; x_wconf 89' lang='lat' dir='ltr'><strong>omnia</strong></span> <span class='ocrx_word' id='word_1_267' title='bbox 609 3836 699 3893; x_wconf 93' lang='lat' dir='ltr'><strong>vel</strong></span> <span class='ocrx_word' id='word_1_268' title='bbox 725 3837 1001 3909; x_wconf 88' lang='lat' dir='ltr'><strong>pleraque</strong></span> <span class='ocrx_word' id='word_1_269' title='bbox 1032 3841 1401 3894; x_wconf 84' lang='lat' dir='ltr'><strong>concurrant.</strong></span> <span class='ocrx_word' id='word_1_270' title='bbox 1425 3838 1641 3895; x_wconf 90' lang='lat' dir='ltr'><strong>Valete.</strong></span> 
     </span>
     <span class='ocr_line' id='line_1_42' title="bbox 269 3926 1845 3998; baseline 0.001 -16"><span class='ocrx_word' id='word_1_271' title='bbox 269 3926 868 3998; x_wconf 80' lang='lat' dir='ltr'><strong>Dominus‘personam</strong></span> <span class='ocrx_word' id='word_1_272' title='bbox 879 3930 1129 3984; x_wconf 88' lang='lat' dir='ltr'><strong>vestram</strong></span> <span class='ocrx_word' id='word_1_273' title='bbox 1152 3927 1845 3998; x_wconf 86' lang='lat' dir='ltr'><strong>conservetincolumem,</strong></span> 
     </span>
     <span class='ocr_line' id='line_1_43' title="bbox 196 4014 1843 4075; baseline 0.001 -4"><span class='ocrx_word' id='word_1_274' title='bbox 196 4017 253 4071; x_wconf 91' lang='lat' dir='ltr'><strong>et</strong></span> <span class='ocrx_word' id='word_1_275' title='bbox 269 4014 677 4071; x_wconf 86' lang='lat' dir='ltr'><strong>adversitatem</strong></span> <span class='ocrx_word' id='word_1_276' title='bbox 705 4021 956 4072; x_wconf 90' lang='lat' dir='ltr'><strong>vestram</strong></span> <span class='ocrx_word' id='word_1_277' title='bbox 973 4015 1248 4074; x_wconf 85' lang='lat' dir='ltr'><strong>velociter</strong></span> <span class='ocrx_word' id='word_1_278' title='bbox 1271 4017 1340 4072; x_wconf 93' lang='lat' dir='ltr'><strong>ad</strong></span> <span class='ocrx_word' id='word_1_279' title='bbox 1358 4017 1647 4074; x_wconf 84' lang='lat' dir='ltr'><strong>secundos</strong></span> <span class='ocrx_word' id='word_1_280' title='bbox 1676 4018 1843 4075; x_wconf 92' lang='lat' dir='ltr'><strong>redu·</strong></span> 
     </span>
     <span class='ocr_line' id='line_1_44' title="bbox 198 4103 1844 4164; baseline 0.002 -5"><span class='ocrx_word' id='word_1_281' title='bbox 198 4107 293 4159; x_wconf 89' lang='lat' dir='ltr'><strong>cat</strong></span> <span class='ocrx_word' id='word_1_282' title='bbox 321 4106 584 4159; x_wconf 87' lang='lat' dir='ltr'><strong>eventus.</strong></span> <span class='ocrx_word' id='word_1_283' title='bbox 615 4103 836 4160; x_wconf 89' lang='lat' dir='ltr'><strong>Verum</strong></span> <span class='ocrx_word' id='word_1_284' title='bbox 868 4104 920 4160; x_wconf 91' lang='lat' dir='ltr'><strong>si</strong></span> <span class='ocrx_word' id='word_1_285' title='bbox 952 4104 1070 4161; x_wconf 76' lang='lat' dir='ltr'><strong>baec</strong></span> <span class='ocrx_word' id='word_1_286' title='bbox 1126 4105 1301 4162; x_wconf 90' lang='lat' dir='ltr'><strong>alicui</strong></span> <span class='ocrx_word' id='word_1_287' title='bbox 1333 4106 1615 4164; x_wconf 83' lang='lat' dir='ltr'><strong>duxeritis</strong></span> <span class='ocrx_word' id='word_1_288' title='bbox 1645 4111 1844 4163; x_wconf 91' lang='lat' dir='ltr'><strong>osten-</strong></span> 
     </span>
     <span class='ocr_line' id='line_1_45' title="bbox 197 4193 1840 4268; baseline 0.002 -19"><span class='ocrx_word' id='word_1_289' title='bbox 197 4193 410 4260; x_wconf 85' lang='lat' dir='ltr'><strong>denda,</strong></span> <span class='ocrx_word' id='word_1_290' title='bbox 435 4208 646 4248; x_wconf 91' lang='lat' dir='ltr'><strong>nomen</strong></span> <span class='ocrx_word' id='word_1_291' title='bbox 668 4193 1068 4264; x_wconf 86' lang='lat' dir='ltr'><strong>supprimatur</strong></span> <span class='ocrx_word' id='word_1_292' title='bbox 1083 4194 1527 4266; x_wconf 85' lang='lat' dir='ltr'><strong>auctoris,‘quia,</strong></span> <span class='ocrx_word' id='word_1_293' title='bbox 1551 4199 1840 4268; x_wconf 88' lang='lat' dir='ltr'><strong>quantum</strong></span> 
     </span>
     <span class='ocr_line' id='line_1_46' title="bbox 201 4279 1841 4353; baseline 0.001 -15"><span class='ocrx_word' id='word_1_294' title='bbox 201 4297 331 4338; x_wconf 91' lang='lat' dir='ltr'><strong>mea</strong></span> <span class='ocrx_word' id='word_1_295' title='bbox 358 4281 608 4349; x_wconf 70' lang='lat' dir='ltr'><strong>intersit,</strong></span> <span class='ocrx_word' id='word_1_296' title='bbox 649 4279 771 4336; x_wconf 77' lang='lat' dir='ltr'><strong>haee</strong></span> <span class='ocrx_word' id='word_1_297' title='bbox 801 4280 872 4337; x_wconf 91' lang='lat' dir='ltr'><strong>ad</strong></span> <span class='ocrx_word' id='word_1_298' title='bbox 905 4281 1058 4353; x_wconf 91' lang='lat' dir='ltr'><strong>regis</strong></span> <span class='ocrx_word' id='word_1_299' title='bbox 1081 4282 1346 4338; x_wconf 82' lang='lat' dir='ltr'><strong>notitiam</strong></span> <span class='ocrx_word' id='word_1_300' title='bbox 1378 4299 1496 4338; x_wconf 90' lang='lat' dir='ltr'><strong>non</strong></span> <span class='ocrx_word' id='word_1_301' title='bbox 1530 4283 1726 4340; x_wconf 89' lang='lat' dir='ltr'><strong>venire</strong></span> <span class='ocrx_word' id='word_1_302' title='bbox 1746 4300 1841 4340; x_wconf 89' lang='lat' dir='ltr'><strong>ve·</strong></span> 
     </span>
     <span class='ocr_line' id='line_1_47' title="bbox 198 4369 1845 4443; baseline 0.003 -17"><span class='ocrx_word' id='word_1_303' title='bbox 198 4374 320 4426; x_wconf 88' lang='lat' dir='ltr'><strong>stra</strong></span> <span class='ocrx_word' id='word_1_304' title='bbox 338 4369 695 4441; x_wconf 82' lang='lat' dir='ltr'><strong>experientia</strong></span> <span class='ocrx_word' id='word_1_305' title='bbox 722 4386 840 4427; x_wconf 90' lang='lat' dir='ltr'><strong>non</strong></span> <span class='ocrx_word' id='word_1_306' title='bbox 882 4370 1132 4443; x_wconf 82' lang='lat' dir='ltr'><strong>ignorat.</strong></span> <span class='ocrx_word' id='word_1_307' title='bbox 1176 4370 1498 4429; x_wconf 85' lang='lat' dir='ltr'><strong>Rescribite</strong></span> <span class='ocrx_word' id='word_1_308' title='bbox 1529 4372 1673 4429; x_wconf 87' lang='lat' dir='ltr'><strong>mihi</strong></span> <span class='ocrx_word' id='word_1_309' title='bbox 1714 4390 1845 4432; x_wconf 89' lang='lat' dir='ltr'><strong>cre-</strong></span> 
     </span>
    </p>
   </div>
   <div class='ocr_carea' id='block_1_4' title="bbox 1923 446 3678 3280">
    <p class='ocr_par' dir='ltr' id='par_1_4' title="bbox 1923 446 3678 3280">
     <span class='ocr_line' id='line_1_48' title="bbox 1926 446 3578 521; baseline 0.001 -18"><span class='ocrx_word' id='word_1_310' title='bbox 1926 447 2036 504; x_wconf 90' lang='lat' dir='ltr'><strong>dici</strong></span> <span class='ocrx_word' id='word_1_311' title='bbox 2070 448 2299 517; x_wconf 91' lang='lat' dir='ltr'><strong>debeat,</strong></span> <span class='ocrx_word' id='word_1_312' title='bbox 2318 449 2657 521; x_wconf 89' lang='lat' dir='ltr'><strong>posthabita</strong></span> <span class='ocrx_word' id='word_1_313' title='bbox 2670 448 3083 505; x_wconf 77' lang='lat' dir='ltr'><strong>sacratissimae</strong></span> <span class='ocrx_word' id='word_1_314' title='bbox 3100 447 3213 503; x_wconf 93' lang='lat' dir='ltr'><strong>diei</strong></span> <span class='ocrx_word' id='word_1_315' title='bbox 3236 446 3578 514; x_wconf 86' lang='lat' dir='ltr'><strong>reverentia,</strong></span> 
     </span>
     <span class='ocr_line' id='line_1_49' title="bbox 1924 535 3578 610; baseline -0.001 -18"><span class='ocrx_word' id='word_1_316' title='bbox 1924 540 2161 610; x_wconf 89' lang='lat' dir='ltr'><strong>accepta</strong></span> <span class='ocrx_word' id='word_1_317' title='bbox 2182 538 2253 593; x_wconf 88' lang='lat' dir='ltr'><strong>ab</strong></span> <span class='ocrx_word' id='word_1_318' title='bbox 2276 538 2570 610; x_wconf 86' lang='lat' dir='ltr'><strong>episcopo,</strong></span> <span class='ocrx_word' id='word_1_319' title='bbox 2603 537 2696 593; x_wconf 92' lang='lat' dir='ltr'><strong>cui</strong></span> <span class='ocrx_word' id='word_1_320' title='bbox 2728 537 3118 604; x_wconf 58' lang='lat' dir='ltr'><strong>adhaerebam,</strong></span> <span class='ocrx_word' id='word_1_321' title='bbox 3154 535 3578 602; x_wconf 88' lang='lat' dir='ltr'><strong>benedictione,</strong></span> 
     </span>
     <span class='ocr_line' id='line_1_50' title="bbox 1926 623 3571 695; baseline -0.001 -13"><span class='ocrx_word' id='word_1_322' title='bbox 1926 627 2201 684; x_wconf 91' lang='lat' dir='ltr'><strong>mandato</strong></span> <span class='ocrx_word' id='word_1_323' title='bbox 2217 627 2902 684; x_wconf 80' lang='lat' dir='ltr'><strong>vestroinstantiesimam</strong></span> <span class='ocrx_word' id='word_1_324' title='bbox 2926 625 3300 683; x_wconf 87' lang='lat' dir='ltr'><strong>adhibiturus</strong></span> <span class='ocrx_word' id='word_1_325' title='bbox 3324 623 3571 695; x_wconf 87' lang='lat' dir='ltr'><strong>diligen·</strong></span> 
     </span>
     <span class='ocr_line' id='line_1_51' title="bbox 1923 713 3578 788; baseline -0.001 -18"><span class='ocrx_word' id='word_1_326' title='bbox 1923 713 2089 786; x_wconf 90' lang='lat' dir='ltr'><strong>tiam,</strong></span> <span class='ocrx_word' id='word_1_327' title='bbox 2121 715 2531 788; x_wconf 84' lang='lat' dir='ltr'><strong>Sylvauectum</strong></span> <span class='ocrx_word' id='word_1_328' title='bbox 2575 714 2726 782; x_wconf 90' lang='lat' dir='ltr'><strong>veni,</strong></span> <span class='ocrx_word' id='word_1_329' title='bbox 2788 715 2988 787; x_wconf 87' lang='lat' dir='ltr'><strong>ibique</strong></span> <span class='ocrx_word' id='word_1_330' title='bbox 3030 713 3332 771; x_wconf 90' lang='lat' dir='ltr'><strong>dominum</strong></span> <span class='ocrx_word' id='word_1_331' title='bbox 3383 728 3578 786; x_wconf 88' lang='lat' dir='ltr'><strong>regem</strong></span> 
     </span>
     <span class='ocr_line' id='line_1_52' title="bbox 1929 803 3581 879; baseline -0.002 -18"><span class='ocrx_word' id='word_1_332' title='bbox 1929 806 2281 863; x_wconf 84' lang='lat' dir='ltr'><strong>Francorum</strong></span> <span class='ocrx_word' id='word_1_333' title='bbox 2304 806 2375 863; x_wconf 91' lang='lat' dir='ltr'><strong>de</strong></span> <span class='ocrx_word' id='word_1_334' title='bbox 2397 805 2787 879; x_wconf 87' lang='lat' dir='ltr'><strong>perquirendo</strong></span> <span class='ocrx_word' id='word_1_335' title='bbox 2831 804 2995 861; x_wconf 88' lang='lat' dir='ltr'><strong>vobis</strong></span> <span class='ocrx_word' id='word_1_336' title='bbox 3034 803 3311 876; x_wconf 87' lang='lat' dir='ltr'><strong>bospitio,</strong></span> <span class='ocrx_word' id='word_1_337' title='bbox 3356 805 3581 875; x_wconf 89' lang='lat' dir='ltr'><strong>quauta</strong></span> 
     </span>
     <span class='ocr_line' id='line_1_53' title="bbox 1927 891 3584 967; baseline -0.003 -16"><span class='ocrx_word' id='word_1_338' title='bbox 1927 897 2084 967; x_wconf 87' lang='lat' dir='ltr'><strong>potui</strong></span> <span class='ocrx_word' id='word_1_339' title='bbox 2131 895 2488 963; x_wconf 89' lang='lat' dir='ltr'><strong>humilitate,</strong></span> <span class='ocrx_word' id='word_1_340' title='bbox 2532 894 2793 952; x_wconf 88' lang='lat' dir='ltr'><strong>conveni.</strong></span> <span class='ocrx_word' id='word_1_341' title='bbox 2836 893 3021 950; x_wconf 91' lang='lat' dir='ltr'><strong>Solita</strong></span> <span class='ocrx_word' id='word_1_342' title='bbox 3082 892 3224 949; x_wconf 91' lang='lat' dir='ltr'><strong>mibi</strong></span> <span class='ocrx_word' id='word_1_343' title='bbox 3278 891 3584 964; x_wconf 87' lang='lat' dir='ltr'><strong>respondit</strong></span> 
     </span>
     <span class='ocr_line' id='line_1_54' title="bbox 1925 979 3578 1059; baseline -0.002 -18"><span class='ocrx_word' id='word_1_344' title='bbox 1925 985 2281 1059; x_wconf 82' lang='lat' dir='ltr'><strong>benignitate</strong></span> <span class='ocrx_word' id='word_1_345' title='bbox 2300 986 2452 1057; x_wconf 91' lang='lat' dir='ltr'><strong>quod</strong></span> <span class='ocrx_word' id='word_1_346' title='bbox 2484 985 2553 1040; x_wconf 91' lang='lat' dir='ltr'><strong>de</strong></span> <span class='ocrx_word' id='word_1_347' title='bbox 2573 987 2765 1040; x_wconf 89' lang='lat' dir='ltr'><strong>vestro</strong></span> <span class='ocrx_word' id='word_1_348' title='bbox 2799 983 3036 1054; x_wconf 88' lang='lat' dir='ltr'><strong>negotio</strong></span> <span class='ocrx_word' id='word_1_349' title='bbox 3068 982 3150 1039; x_wconf 90' lang='lat' dir='ltr'><strong>ita</strong></span> <span class='ocrx_word' id='word_1_350' title='bbox 3180 980 3337 1038; x_wconf 88' lang='lat' dir='ltr'><strong>inter</strong></span> <span class='ocrx_word' id='word_1_351' title='bbox 3379 979 3578 1037; x_wconf 89' lang='lat' dir='ltr'><strong>domi·</strong></span> 
     </span>
     <span class='ocr_line' id='line_1_55' title="bbox 1927 1071 3580 1148; baseline -0.003 -17"><span class='ocrx_word' id='word_1_352' title='bbox 1927 1090 2072 1131; x_wconf 91' lang='lat' dir='ltr'><strong>num</strong></span> <span class='ocrx_word' id='word_1_353' title='bbox 2104 1091 2314 1148; x_wconf 89' lang='lat' dir='ltr'><strong>papam</strong></span> <span class='ocrx_word' id='word_1_354' title='bbox 2332 1079 2389 1131; x_wconf 92' lang='lat' dir='ltr'><strong>et</strong></span> <span class='ocrx_word' id='word_1_355' title='bbox 2417 1074 2611 1146; x_wconf 90' lang='lat' dir='ltr'><strong>ipsum</strong></span> <span class='ocrx_word' id='word_1_356' title='bbox 2637 1076 2983 1130; x_wconf 88' lang='lat' dir='ltr'><strong>convenerat</strong></span> <span class='ocrx_word' id='word_1_357' title='bbox 3005 1073 3149 1144; x_wconf 91' lang='lat' dir='ltr'><strong>quod</strong></span> <span class='ocrx_word' id='word_1_358' title='bbox 3177 1088 3279 1128; x_wconf 90' lang='lat' dir='ltr'><strong>vos</strong></span> <span class='ocrx_word' id='word_1_359' title='bbox 3304 1071 3580 1142; x_wconf 89' lang='lat' dir='ltr'><strong>usquead</strong></span> 
     </span>
     <span class='ocr_line' id='line_1_56' title="bbox 1926 1160 3580 1230; baseline 0 -13"><span class='ocrx_word' id='word_1_360' title='bbox 1926 1160 2148 1220; x_wconf 87' lang='lat' dir='ltr'><strong>Vallem</strong></span> <span class='ocrx_word' id='word_1_361' title='bbox 2174 1164 2398 1220; x_wconf 69' lang='lat' dir='ltr'><strong>Sanctae</strong></span> <span class='ocrx_word' id='word_1_362' title='bbox 2420 1163 2635 1230; x_wconf 66' lang='lat' dir='ltr'><strong>Mariae,</strong></span> <span class='ocrx_word' id='word_1_363' title='bbox 2658 1161 3068 1219; x_wconf 79' lang='lat' dir='ltr'><strong>cisterciensis</strong></span> <span class='ocrx_word' id='word_1_364' title='bbox 3099 1161 3333 1218; x_wconf 89' lang='lat' dir='ltr'><strong>Ordinis</strong></span> <span class='ocrx_word' id='word_1_365' title='bbox 3373 1176 3580 1217; x_wconf 86' lang='lat' dir='ltr'><strong>mona-</strong></span> 
     </span>
     <span class='ocr_line' id='line_1_57' title="bbox 1924 1248 3582 1325; baseline -0.001 -17"><span class='ocrx_word' id='word_1_366' title='bbox 1924 1252 2173 1309; x_wconf 85' lang='lat' dir='ltr'><strong>sterium</strong></span> <span class='ocrx_word' id='word_1_367' title='bbox 2193 1268 2370 1325; x_wconf 89' lang='lat' dir='ltr'><strong>prope</strong></span> <span class='ocrx_word' id='word_1_368' title='bbox 2382 1251 2768 1317; x_wconf 83' lang='lat' dir='ltr'><strong>Pontisaram,</strong></span> <span class='ocrx_word' id='word_1_369' title='bbox 2780 1251 3050 1307; x_wconf 86' lang='lat' dir='ltr'><strong>accedere</strong></span> <span class='ocrx_word' id='word_1_370' title='bbox 3062 1250 3369 1319; x_wconf 80' lang='lat' dir='ltr'><strong>deberetis,</strong></span> <span class='ocrx_word' id='word_1_371' title='bbox 3384 1248 3582 1321; x_wconf 84' lang='lat' dir='ltr'><strong>ibique</strong></span> 
     </span>
     <span class='ocr_line' id='line_1_58' title="bbox 1927 1337 3584 1411; baseline -0.002 -14"><span class='ocrx_word' id='word_1_372' title='bbox 1927 1341 2261 1410; x_wconf 80' lang='lat' dir='ltr'><strong>subsistere,</strong></span> <span class='ocrx_word' id='word_1_373' title='bbox 2310 1342 2493 1399; x_wconf 89' lang='lat' dir='ltr'><strong>donec</strong></span> <span class='ocrx_word' id='word_1_374' title='bbox 2540 1356 2610 1397; x_wconf 84' lang='lat' dir='ltr'><strong>ex</strong></span> <span class='ocrx_word' id='word_1_375' title='bbox 2651 1340 2952 1397; x_wconf 90' lang='lat' dir='ltr'><strong>communi</strong></span> <span class='ocrx_word' id='word_1_376' title='bbox 3002 1338 3247 1397; x_wconf 87' lang='lat' dir='ltr'><strong>consilio</strong></span> <span class='ocrx_word' id='word_1_377' title='bbox 3309 1337 3584 1411; x_wconf 89' lang='lat' dir='ltr'><strong>proprius</strong></span> 
     </span>
     <span class='ocr_line' id='line_1_59' title="bbox 1926 1428 3656 1502; baseline -0.003 -15"><span class='ocrx_word' id='word_1_378' title='bbox 1926 1431 2282 1500; x_wconf 77' lang='lat' dir='ltr'><strong>evocemini3</strong></span> <span class='ocrx_word' id='word_1_379' title='bbox 2317 1447 2421 1487; x_wconf 90' lang='lat' dir='ltr'><strong>nec</strong></span> <span class='ocrx_word' id='word_1_380' title='bbox 2443 1446 2568 1487; x_wconf 89' lang='lat' dir='ltr'><strong>esse</strong></span> <span class='ocrx_word' id='word_1_381' title='bbox 2603 1429 2839 1486; x_wconf 89' lang='lat' dir='ltr'><strong>interim</strong></span> <span class='ocrx_word' id='word_1_382' title='bbox 2876 1445 3059 1502; x_wconf 88' lang='lat' dir='ltr'><strong>super</strong></span> <span class='ocrx_word' id='word_1_383' title='bbox 3101 1428 3353 1499; x_wconf 84' lang='lat' dir='ltr'><strong>hospitio</strong></span> <span class='ocrx_word' id='word_1_384' title='bbox 3380 1431 3579 1484; x_wconf 87' lang='lat' dir='ltr'><strong>vestro</strong></span> <span class='ocrx_word' id='word_1_385' title='bbox 3645 1474 3656 1481; x_wconf 96' lang='lat'><strong>.</strong></span> 
     </span>
     <span class='ocr_line' id='line_1_60' title="bbox 1928 1518 3584 1591; baseline -0.002 -15"><span class='ocrx_word' id='word_1_386' title='bbox 1928 1520 2181 1576; x_wconf 91' lang='lat' dir='ltr'><strong>multum</strong></span> <span class='ocrx_word' id='word_1_387' title='bbox 2215 1520 2622 1589; x_wconf 89' lang='lat' dir='ltr'><strong>laborandum,</strong></span> <span class='ocrx_word' id='word_1_388' title='bbox 2649 1535 2782 1576; x_wconf 90' lang='lat' dir='ltr'><strong>cum</strong></span> <span class='ocrx_word' id='word_1_389' title='bbox 2809 1523 3004 1575; x_wconf 91' lang='lat' dir='ltr'><strong>utrum</strong></span> <span class='ocrx_word' id='word_1_390' title='bbox 3037 1518 3175 1575; x_wconf 90' lang='lat' dir='ltr'><strong>illuc</strong></span> <span class='ocrx_word' id='word_1_391' title='bbox 3206 1533 3395 1591; x_wconf 88' lang='lat' dir='ltr'><strong>usque</strong></span> <span class='ocrx_word' id='word_1_392' title='bbox 3414 1533 3584 1574; x_wconf 90' lang='lat' dir='ltr'><strong>vene-</strong></span> 
     </span>
     <span class='ocr_line' id='line_1_61' title="bbox 1929 1605 3664 1678; baseline 0.001 -13"><span class='ocrx_word' id='word_1_393' title='bbox 1929 1609 2061 1665; x_wconf 90' lang='lat' dir='ltr'><strong>ritis</strong></span> <span class='ocrx_word' id='word_1_394' title='bbox 2121 1609 2200 1664; x_wconf 90' lang='lat' dir='ltr'><strong>sit</strong></span> <span class='ocrx_word' id='word_1_395' title='bbox 2256 1608 2567 1666; x_wconf 90' lang='lat' dir='ltr'><strong>incertum.</strong></span> <span class='ocrx_word' id='word_1_396' title='bbox 2613 1612 2694 1665; x_wconf 83' lang='lat' dir='ltr'><strong>Ad</strong></span> <span class='ocrx_word' id='word_1_397' title='bbox 2771 1609 2894 1666; x_wconf 86' lang='lat' dir='ltr'><strong>baec</strong></span> <span class='ocrx_word' id='word_1_398' title='bbox 2959 1624 3090 1665; x_wconf 90' lang='lat' dir='ltr'><strong>eum</strong></span> <span class='ocrx_word' id='word_1_399' title='bbox 3142 1605 3583 1678; x_wconf 75' lang='lat' dir='ltr'><strong>subjunxissem</strong></span> <span class='ocrx_word' id='word_1_400' title='bbox 3659 1662 3664 1667; x_wconf 93' lang='lat'><strong>.</strong></span> 
     </span>
     <span class='ocr_line' id='line_1_62' title="bbox 1932 1693 3678 1771; baseline -0.004 -14"><span class='ocrx_word' id='word_1_401' title='bbox 1932 1699 2321 1757; x_wconf 88' lang='lat' dir='ltr'><strong>necessariam</strong></span> <span class='ocrx_word' id='word_1_402' title='bbox 2352 1698 2473 1755; x_wconf 78' lang='lat' dir='ltr'><strong>rore</strong></span> <span class='ocrx_word' id='word_1_403' title='bbox 2517 1698 2750 1755; x_wconf 89' lang='lat' dir='ltr'><strong>interim</strong></span> <span class='ocrx_word' id='word_1_404' title='bbox 2795 1696 3033 1770; x_wconf 90' lang='lat' dir='ltr'><strong>hospitii</strong></span> <span class='ocrx_word' id='word_1_405' title='bbox 3070 1696 3240 1753; x_wconf 89' lang='lat' dir='ltr'><strong>vestri</strong></span> <span class='ocrx_word' id='word_1_406' title='bbox 3272 1693 3584 1769; x_wconf 88' lang='lat' dir='ltr'><strong>providen-</strong></span> <span class='ocrx_word' id='word_1_407' title='bbox 3659 1704 3678 1771; x_wconf 59' lang='lat'>3</span> 
     </span>
     <span class='ocr_line' id='line_1_63' title="bbox 1935 1783 3678 1860; baseline -0.004 -14"><span class='ocrx_word' id='word_1_408' title='bbox 1935 1789 2075 1846; x_wconf 91' lang='lat' dir='ltr'><strong>tiam</strong></span> <span class='ocrx_word' id='word_1_409' title='bbox 2090 1792 2326 1860; x_wconf 88' lang='lat' dir='ltr'><strong>propter</strong></span> <span class='ocrx_word' id='word_1_410' title='bbox 2350 1792 2580 1844; x_wconf 90' lang='lat' dir='ltr'><strong>tantum</strong></span> <span class='ocrx_word' id='word_1_411' title='bbox 2607 1788 2999 1859; x_wconf 88' lang='lat' dir='ltr'><strong>undecunque</strong></span> <span class='ocrx_word' id='word_1_412' title='bbox 3023 1800 3399 1854; x_wconf 90' lang='lat' dir='ltr'><strong>concursum,</strong></span> <span class='ocrx_word' id='word_1_413' title='bbox 3424 1799 3498 1840; x_wconf 92' lang='lat' dir='ltr'><strong>ne</strong></span> <span class='ocrx_word' id='word_1_414' title='bbox 3526 1783 3577 1840; x_wconf 89' lang='lat' dir='ltr'><strong>si</strong></span> <span class='ocrx_word' id='word_1_415' title='bbox 3667 1804 3678 1859; x_wconf 67' lang='grc' dir='ltr'>ς</span> 
     </span>
     <span class='ocr_line' id='line_1_64' title="bbox 1934 1868 3678 1948; baseline -0.005 -13"><span class='ocrx_word' id='word_1_416' title='bbox 1934 1878 2080 1937; x_wconf 79' lang='lat' dir='ltr'><strong>sorte</strong></span> <span class='ocrx_word' id='word_1_417' title='bbox 2117 1877 2409 1945; x_wconf 86' lang='lat' dir='ltr'><strong>veneritis,</strong></span> <span class='ocrx_word' id='word_1_418' title='bbox 2458 1893 2557 1933; x_wconf 88' lang='lat' dir='ltr'><strong>vos</strong></span> <span class='ocrx_word' id='word_1_419' title='bbox 2606 1881 2664 1933; x_wconf 91' lang='lat' dir='ltr'><strong>et</strong></span> <span class='ocrx_word' id='word_1_420' title='bbox 2710 1878 2883 1935; x_wconf 91' lang='lat' dir='ltr'><strong>vestri</strong></span> <span class='ocrx_word' id='word_1_421' title='bbox 2935 1873 3235 1933; x_wconf 85' lang='lat' dir='ltr'><strong>inhoneste</strong></span> <span class='ocrx_word' id='word_1_422' title='bbox 3263 1871 3581 1948; x_wconf 81' lang='lat' dir='ltr'><strong>vagemini,</strong></span> <span class='ocrx_word' id='word_1_423' title='bbox 3665 1868 3678 1915; x_wconf 86' lang='lat'>:</span> 
     </span>
     <span class='ocr_line' id='line_1_65' title="bbox 1934 1964 3584 2043; baseline -0.002 -17"><span class='ocrx_word' id='word_1_424' title='bbox 1934 1969 2234 2043; x_wconf 89' lang='lat' dir='ltr'><strong>respondit</strong></span> <span class='ocrx_word' id='word_1_425' title='bbox 2263 1984 2344 2038; x_wconf 89' lang='lat' dir='ltr'><strong>se,</strong></span> <span class='ocrx_word' id='word_1_426' title='bbox 2370 1983 2503 2024; x_wconf 90' lang='lat' dir='ltr'><strong>cum</strong></span> <span class='ocrx_word' id='word_1_427' title='bbox 2553 1969 2624 2024; x_wconf 90' lang='lat' dir='ltr'><strong>ad</strong></span> <span class='ocrx_word' id='word_1_428' title='bbox 2676 1967 2784 2025; x_wconf 88' lang='lat' dir='ltr'><strong>boc</strong></span> <span class='ocrx_word' id='word_1_429' title='bbox 2833 1968 3069 2023; x_wconf 91' lang='lat' dir='ltr'><strong>ventum</strong></span> <span class='ocrx_word' id='word_1_430' title='bbox 3110 1964 3305 2033; x_wconf 82' lang='lat' dir='ltr'><strong>fuerit,</strong></span> <span class='ocrx_word' id='word_1_431' title='bbox 3342 1980 3584 2038; x_wconf 88' lang='lat' dir='ltr'><strong>operam</strong></span> 
     </span>
     <span class='ocr_line' id='line_1_66' title="bbox 1932 2053 3585 2131; baseline -0.004 -14"><span class='ocrx_word' id='word_1_432' title='bbox 1932 2061 2235 2131; x_wconf 90' lang='lat' dir='ltr'><strong>daturum,</strong></span> <span class='ocrx_word' id='word_1_433' title='bbox 2261 2064 2328 2116; x_wconf 89' lang='lat' dir='ltr'><strong>ut</strong></span> <span class='ocrx_word' id='word_1_434' title='bbox 2358 2067 2475 2114; x_wconf 90' lang='lat' dir='ltr'><strong>tam</strong></span> <span class='ocrx_word' id='word_1_435' title='bbox 2508 2074 2679 2131; x_wconf 88' lang='lat' dir='ltr'><strong>super</strong></span> <span class='ocrx_word' id='word_1_436' title='bbox 2711 2056 2965 2129; x_wconf 88' lang='lat' dir='ltr'><strong>hospitio</strong></span> <span class='ocrx_word' id='word_1_437' title='bbox 2988 2070 3161 2128; x_wconf 88' lang='lat' dir='ltr'><strong>quarn</strong></span> <span class='ocrx_word' id='word_1_438' title='bbox 3210 2053 3368 2125; x_wconf 89' lang='lat' dir='ltr'><strong>aliis,</strong></span> <span class='ocrx_word' id='word_1_439' title='bbox 3409 2059 3585 2126; x_wconf 89' lang='lat' dir='ltr'><strong>prout</strong></span> 
     </span>
     <span class='ocr_line' id='line_1_67' title="bbox 1934 2139 3583 2218; baseline -0.004 -14"><span class='ocrx_word' id='word_1_440' title='bbox 1934 2153 2188 2204; x_wconf 88' lang='lat' dir='ltr'><strong>vestram</strong></span> <span class='ocrx_word' id='word_1_441' title='bbox 2202 2148 2367 2204; x_wconf 88' lang='lat' dir='ltr'><strong>decet</strong></span> <span class='ocrx_word' id='word_1_442' title='bbox 2377 2146 2799 2217; x_wconf 86' lang='lat' dir='ltr'><strong>excellentiam,</strong></span> <span class='ocrx_word' id='word_1_443' title='bbox 2822 2145 3197 2218; x_wconf 87' lang='lat' dir='ltr'><strong>provideatur</strong></span> <span class='ocrx_word' id='word_1_444' title='bbox 3213 2143 3398 2200; x_wconf 89' lang='lat' dir='ltr'><strong>vobis.</strong></span> <span class='ocrx_word' id='word_1_445' title='bbox 3422 2139 3583 2198; x_wconf 91' lang='lat' dir='ltr'><strong>Nihil</strong></span> 
     </span>
     <span class='ocr_line' id='line_1_68' title="bbox 1934 2230 3586 2309; baseline -0.004 -16"><span class='ocrx_word' id='word_1_446' title='bbox 1934 2236 2189 2309; x_wconf 89' lang='lat' dir='ltr'><strong>amplius</strong></span> <span class='ocrx_word' id='word_1_447' title='bbox 2220 2237 2292 2293; x_wconf 93' lang='lat' dir='ltr'><strong>ab</strong></span> <span class='ocrx_word' id='word_1_448' title='bbox 2322 2253 2388 2293; x_wconf 92' lang='lat' dir='ltr'><strong>eo</strong></span> <span class='ocrx_word' id='word_1_449' title='bbox 2419 2237 2580 2309; x_wconf 87' lang='lat' dir='ltr'><strong>potui</strong></span> <span class='ocrx_word' id='word_1_450' title='bbox 2605 2240 2969 2308; x_wconf 85' lang='lat' dir='ltr'><strong>extorquere,</strong></span> <span class='ocrx_word' id='word_1_451' title='bbox 2991 2233 3140 2291; x_wconf 76' lang='lat' dir='ltr'><strong>&#39;licet</strong></span> <span class='ocrx_word' id='word_1_452' title='bbox 3183 2231 3375 2290; x_wconf 90' lang='lat' dir='ltr'><strong>multa</strong></span> <span class='ocrx_word' id='word_1_453' title='bbox 3415 2230 3586 2288; x_wconf 90' lang='lat' dir='ltr'><strong>insti·</strong></span> 
     </span>
     <span class='ocr_line' id='line_1_69' title="bbox 1935 2321 3590 2399; baseline -0.002 -17"><span class='ocrx_word' id='word_1_454' title='bbox 1935 2324 2139 2383; x_wconf 88' lang='lat' dir='ltr'><strong>tissem</strong></span> <span class='ocrx_word' id='word_1_455' title='bbox 2169 2326 2563 2399; x_wconf 90' lang='lat' dir='ltr'><strong>improbitate.</strong></span> <span class='ocrx_word' id='word_1_456' title='bbox 2595 2326 2759 2383; x_wconf 88' lang='lat' dir='ltr'><strong>Unde</strong></span> <span class='ocrx_word' id='word_1_457' title='bbox 2789 2340 2913 2398; x_wconf 78' lang='lat' dir='ltr'><strong>quae</strong></span> <span class='ocrx_word' id='word_1_458' title='bbox 2944 2324 3225 2381; x_wconf 88' lang='lat' dir='ltr'><strong>hactenus</strong></span> <span class='ocrx_word' id='word_1_459' title='bbox 3255 2339 3289 2380; x_wconf 99' lang='lat' dir='ltr'><strong>a</strong></span> <span class='ocrx_word' id='word_1_460' title='bbox 3320 2338 3411 2379; x_wconf 93' lang='lat' dir='ltr'><strong>me</strong></span> <span class='ocrx_word' id='word_1_461' title='bbox 3429 2321 3590 2379; x_wconf 88' lang='lat' dir='ltr'><strong>circa</strong></span> 
     </span>
     <span class='ocr_line' id='line_1_70' title="bbox 1936 2409 3586 2487; baseline -0.002 -16"><span class='ocrx_word' id='word_1_462' title='bbox 1936 2415 1994 2471; x_wconf 90' lang='lat' dir='ltr'><strong>id</strong></span> <span class='ocrx_word' id='word_1_463' title='bbox 2027 2420 2157 2472; x_wconf 89' lang='lat' dir='ltr'><strong>acta</strong></span> <span class='ocrx_word' id='word_1_464' title='bbox 2186 2422 2343 2487; x_wconf 86' lang='lat' dir='ltr'><strong>sunt,</strong></span> <span class='ocrx_word' id='word_1_465' title='bbox 2377 2416 2542 2474; x_wconf 90' lang='lat' dir='ltr'><strong>vobis</strong></span> <span class='ocrx_word' id='word_1_466' title='bbox 2566 2415 2851 2487; x_wconf 81' lang='lat' dir='ltr'><strong>significo,</strong></span> <span class='ocrx_word' id='word_1_467' title='bbox 2875 2418 3126 2471; x_wconf 91' lang='lat' dir='ltr'><strong>vestram</strong></span> <span class='ocrx_word' id='word_1_468' title='bbox 3148 2409 3586 2481; x_wconf 88' lang='lat' dir='ltr'><strong>desiderans,si</strong></span> 
     </span>
     <span class='ocr_line' id='line_1_71' title="bbox 1934 2500 3589 2576; baseline -0.002 -16"><span class='ocrx_word' id='word_1_469' title='bbox 1934 2504 2141 2576; x_wconf 88' lang='lat' dir='ltr'><strong>placet,</strong></span> <span class='ocrx_word' id='word_1_470' title='bbox 2188 2504 2402 2563; x_wconf 87' lang='lat' dir='ltr'><strong>iterum</strong></span> <span class='ocrx_word' id='word_1_471' title='bbox 2442 2505 2647 2562; x_wconf 91' lang='lat' dir='ltr'><strong>audire</strong></span> <span class='ocrx_word' id='word_1_472' title='bbox 2681 2505 3052 2561; x_wconf 85' lang='lat' dir='ltr'><strong>voluntatem.</strong></span> <span class='ocrx_word' id='word_1_473' title='bbox 3110 2508 3332 2559; x_wconf 80' lang='lat' dir='ltr'><strong>Domus</strong></span> <span class='ocrx_word' id='word_1_474' title='bbox 3385 2500 3589 2558; x_wconf 80' lang='lat' dir='ltr'><strong>fratris</strong></span> 
     </span>
     <span class='ocr_line' id='line_1_72' title="bbox 1939 2588 3587 2666; baseline -0.002 -17"><span class='ocrx_word' id='word_1_475' title='bbox 1939 2609 2051 2650; x_wconf 80' lang='lat' dir='ltr'><strong>met</strong></span> <span class='ocrx_word' id='word_1_476' title='bbox 2079 2599 2274 2651; x_wconf 90' lang='lat' dir='ltr'><strong>vestra</strong></span> <span class='ocrx_word' id='word_1_477' title='bbox 2301 2600 2411 2666; x_wconf 92' lang='lat' dir='ltr'><strong>est,</strong></span> <span class='ocrx_word' id='word_1_478' title='bbox 2445 2594 2549 2652; x_wconf 91' lang='lat' dir='ltr'><strong>sed</strong></span> <span class='ocrx_word' id='word_1_479' title='bbox 2596 2612 2628 2651; x_wconf 90' lang='lat' dir='ltr'><strong>a</strong></span> <span class='ocrx_word' id='word_1_480' title='bbox 2672 2595 2798 2651; x_wconf 91' lang='lat' dir='ltr'><strong>loco</strong></span> <span class='ocrx_word' id='word_1_481' title='bbox 2846 2591 3123 2664; x_wconf 84' lang='lat' dir='ltr'><strong>colloquii</strong></span> <span class='ocrx_word' id='word_1_482' title='bbox 3166 2591 3349 2648; x_wconf 89' lang='lat' dir='ltr'><strong>distat</strong></span> <span class='ocrx_word' id='word_1_483' title='bbox 3395 2588 3587 2646; x_wconf 82' lang='lat' dir='ltr'><strong>tribus</strong></span> 
     </span>
     <span class='ocr_line' id='line_1_73' title="bbox 1935 2679 3589 2760; baseline -0.002 -21"><span class='ocrx_word' id='word_1_484' title='bbox 1935 2682 2137 2741; x_wconf 86' lang='lat' dir='ltr'><strong>leucis.</strong></span> <span class='ocrx_word' id='word_1_485' title='bbox 2174 2686 2291 2760; x_wconf 82' lang='lat' dir='ltr'><strong>Ego</strong></span> <span class='ocrx_word' id='word_1_486' title='bbox 2311 2689 2506 2741; x_wconf 88' lang='lat' dir='ltr'><strong>tamen</strong></span> <span class='ocrx_word' id='word_1_487' title='bbox 2539 2684 2771 2742; x_wconf 88' lang='lat' dir='ltr'><strong>interim</strong></span> <span class='ocrx_word' id='word_1_488' title='bbox 2825 2684 2981 2756; x_wconf 86' lang='lat' dir='ltr'><strong>quod</strong></span> <span class='ocrx_word' id='word_1_489' title='bbox 3025 2685 3224 2755; x_wconf 89' lang='lat' dir='ltr'><strong>potero</strong></span> <span class='ocrx_word' id='word_1_490' title='bbox 3266 2679 3498 2752; x_wconf 74' lang='lat' dir='ltr'><strong>faciam,</strong></span> <span class='ocrx_word' id='word_1_491' title='bbox 3528 2682 3589 2736; x_wconf 87' lang='lat' dir='ltr'><strong>et</strong></span> 
     </span>
     <span class='ocr_line' id='line_1_74' title="bbox 1938 2770 3590 2848; baseline -0.003 -17"><span class='ocrx_word' id='word_1_492' title='bbox 1938 2776 2127 2833; x_wconf 89' lang='lat' dir='ltr'><strong>modis</strong></span> <span class='ocrx_word' id='word_1_493' title='bbox 2158 2774 2429 2832; x_wconf 87' lang='lat' dir='ltr'><strong>omnibus</strong></span> <span class='ocrx_word' id='word_1_494' title='bbox 2460 2774 2849 2848; x_wconf 88' lang='lat' dir='ltr'><strong>propinquius</strong></span> <span class='ocrx_word' id='word_1_495' title='bbox 2881 2773 3045 2830; x_wconf 77' lang='lat' dir='ltr'><strong>vobis</strong></span> <span class='ocrx_word' id='word_1_496' title='bbox 3088 2770 3408 2844; x_wconf 87' lang='lat' dir='ltr'><strong>hospitium</strong></span> <span class='ocrx_word' id='word_1_497' title='bbox 3451 2785 3590 2843; x_wconf 89' lang='lat' dir='ltr'><strong>per-</strong></span> 
     </span>
     <span class='ocr_line' id='line_1_75' title="bbox 1937 2863 3589 2937; baseline -0.004 -15"><span class='ocrx_word' id='word_1_498' title='bbox 1937 2866 2190 2937; x_wconf 89' lang='lat' dir='ltr'><strong>quiram.</strong></span> <span class='ocrx_word' id='word_1_499' title='bbox 2206 2864 2317 2922; x_wconf 89' lang='lat' dir='ltr'><strong>Sed</strong></span> <span class='ocrx_word' id='word_1_500' title='bbox 2347 2865 2609 2920; x_wconf 89' lang='lat' dir='ltr'><strong>mandati</strong></span> <span class='ocrx_word' id='word_1_501' title='bbox 2624 2863 2801 2920; x_wconf 87' lang='lat' dir='ltr'><strong>vestri</strong></span> <span class='ocrx_word' id='word_1_502' title='bbox 2817 2864 3130 2920; x_wconf 90' lang='lat' dir='ltr'><strong>adventum</strong></span> <span class='ocrx_word' id='word_1_503' title='bbox 3145 2877 3338 2918; x_wconf 89' lang='lat' dir='ltr'><strong>serum</strong></span> <span class='ocrx_word' id='word_1_504' title='bbox 3353 2875 3589 2917; x_wconf 86' lang='lat' dir='ltr'><strong>accuso.</strong></span> 
     </span>
     <span class='ocr_line' id='line_1_76' title="bbox 1937 2949 3590 3027; baseline -0.003 -18"><span class='ocrx_word' id='word_1_505' title='bbox 1937 2953 2262 3012; x_wconf 76' lang='lat' dir='ltr'><strong>Accelerari</strong></span> <span class='ocrx_word' id='word_1_506' title='bbox 2294 2970 2429 3027; x_wconf 90' lang='lat' dir='ltr'><strong>rogo</strong></span> <span class='ocrx_word' id='word_1_507' title='bbox 2462 2953 2757 3021; x_wconf 91' lang='lat' dir='ltr'><strong>nuntium,</strong></span> <span class='ocrx_word' id='word_1_508' title='bbox 2792 2957 2856 3009; x_wconf 91' lang='lat' dir='ltr'><strong>ut</strong></span> <span class='ocrx_word' id='word_1_509' title='bbox 2876 2950 3233 3011; x_wconf 87' lang='lat' dir='ltr'><strong>acceleretur</strong></span> <span class='ocrx_word' id='word_1_510' title='bbox 3264 2949 3590 3023; x_wconf 86' lang='lat' dir='ltr'><strong>negotium.</strong></span> 
     </span>
     <span class='ocr_line' id='line_1_77' title="bbox 1941 3037 3597 3116; baseline -0.004 -15"><span class='ocrx_word' id='word_1_511' title='bbox 1941 3044 2193 3116; x_wconf 86' lang='lat' dir='ltr'><strong>Tempus</strong></span> <span class='ocrx_word' id='word_1_512' title='bbox 2224 3045 2382 3101; x_wconf 91' lang='lat' dir='ltr'><strong>enim</strong></span> <span class='ocrx_word' id='word_1_513' title='bbox 2416 3043 2585 3100; x_wconf 87' lang='lat' dir='ltr'><strong>breve</strong></span> <span class='ocrx_word' id='word_1_514' title='bbox 2607 3048 2718 3113; x_wconf 89' lang='lat' dir='ltr'><strong>est,</strong></span> <span class='ocrx_word' id='word_1_515' title='bbox 2751 3047 2809 3099; x_wconf 91' lang='lat' dir='ltr'><strong>et</strong></span> <span class='ocrx_word' id='word_1_516' title='bbox 2828 3042 3121 3099; x_wconf 90' lang='lat' dir='ltr'><strong>tumultus</strong></span> <span class='ocrx_word' id='word_1_517' title='bbox 3149 3043 3373 3110; x_wconf 89' lang='lat' dir='ltr'><strong>tantus,</strong></span> <span class='ocrx_word' id='word_1_518' title='bbox 3405 3043 3469 3095; x_wconf 90' lang='lat' dir='ltr'><strong>ut</strong></span> <span class='ocrx_word' id='word_1_519' title='bbox 3497 3037 3597 3094; x_wconf 85' lang='lat' dir='ltr'><strong>vix</strong></span> 
     </span>
     <span class='ocr_line' id='line_1_78' title="bbox 1941 3128 3595 3206; baseline -0.004 -17"><span class='ocrx_word' id='word_1_520' title='bbox 1941 3136 2103 3190; x_wconf 87' lang='lat' dir='ltr'><strong>locus</strong></span> <span class='ocrx_word' id='word_1_521' title='bbox 2135 3137 2329 3205; x_wconf 90' lang='lat' dir='ltr'><strong>pateat</strong></span> <span class='ocrx_word' id='word_1_522' title='bbox 2355 3132 2457 3206; x_wconf 92' lang='lat' dir='ltr'><strong>qui</strong></span> <span class='ocrx_word' id='word_1_523' title='bbox 2480 3132 2608 3204; x_wconf 91' lang='lat' dir='ltr'><strong>jam</strong></span> <span class='ocrx_word' id='word_1_524' title='bbox 2641 3149 2755 3190; x_wconf 89' lang='lat' dir='ltr'><strong>non</strong></span> <span class='ocrx_word' id='word_1_525' title='bbox 2788 3133 2861 3189; x_wconf 91' lang='lat' dir='ltr'><strong>sit</strong></span> <span class='ocrx_word' id='word_1_526' title='bbox 2892 3135 3232 3204; x_wconf 84' lang='lat' dir='ltr'><strong>occupatus.</strong></span> <span class='ocrx_word' id='word_1_527' title='bbox 3255 3128 3461 3185; x_wconf 82' lang='lat' dir='ltr'><strong>Valeat</strong></span> <span class='ocrx_word' id='word_1_528' title='bbox 3488 3128 3595 3184; x_wconf 92' lang='lat' dir='ltr'><strong>do-</strong></span> 
     </span>
     <span class='ocr_line' id='line_1_79' title="bbox 1944 3222 2765 3280; baseline -0.002 0"><span class='ocrx_word' id='word_1_529' title='bbox 1944 3223 2141 3280; x_wconf 87' lang='lat' dir='ltr'><strong>minus</strong></span> <span class='ocrx_word' id='word_1_530' title='bbox 2171 3239 2335 3280; x_wconf 89' lang='lat' dir='ltr'><strong>meus</strong></span> <span class='ocrx_word' id='word_1_531' title='bbox 2357 3222 2765 3280; x_wconf 89' lang='lat' dir='ltr'><strong>charissimus.</strong></span> 
     </span>
    </p>
   </div>
   <div class='ocr_carea' id='block_1_5' title="bbox 2588 3350 2955 3513">
    <p class='ocr_par' dir='ltr' id='par_1_5' title="bbox 2588 3350 2955 3513">
     <span class='ocr_line' id='line_1_80' title="bbox 2649 3350 2895 3409; baseline 0.004 -2"><span class='ocrx_word' id='word_1_532' title='bbox 2649 3350 2895 3409; x_wconf 84' lang='lat' dir='ltr'><strong>XXXVI.</strong></span> 
     </span>
     <span class='ocr_line' id='line_1_81' title="bbox 2588 3473 2955 3513; baseline 0 0"><span class='ocrx_word' id='word_1_533' title='bbox 2588 3473 2664 3513; x_wconf 71' lang='lat' dir='ltr'><strong>an</strong></span> <span class='ocrx_word' id='word_1_534' title='bbox 2700 3473 2955 3513; x_wconf 67' lang='lat' dir='ltr'><strong>nomnen.</strong></span> 
     </span>
    </p>
   </div>
   <div class='ocr_carea' id='block_1_6' title="bbox 1947 3578 3607 4458">
    <p class='ocr_par' dir='ltr' id='par_1_6' title="bbox 1947 3578 3600 3732">
     <span class='ocr_line' id='line_1_82' title="bbox 2018 3578 3600 3655; baseline -0.004 -14"><span class='ocrx_word' id='word_1_535' title='bbox 2018 3584 2240 3641; x_wconf 71' lang='lat' dir='ltr'><strong>Tactus</strong></span> <span class='ocrx_word' id='word_1_536' title='bbox 2267 3581 2671 3642; x_wconf 86' lang='lat' dir='ltr'><strong>Cantuariensi</strong></span> <span class='ocrx_word' id='word_1_537' title='bbox 2703 3580 3142 3655; x_wconf 88' lang='lat' dir='ltr'><strong>archiepiscopo</strong></span> <span class='ocrx_word' id='word_1_538' title='bbox 3193 3595 3339 3637; x_wconf 92' lang='lat' dir='ltr'><strong>suus</strong></span> <span class='ocrx_word' id='word_1_539' title='bbox 3375 3578 3600 3635; x_wconf 70' lang='lat' dir='ltr'><strong>Banna·</strong></span> 
     </span>
     <span class='ocr_line' id='line_1_83' title="bbox 1947 3690 2081 3732; baseline -0.015 0"><span class='ocrx_word' id='word_1_540' title='bbox 1947 3690 2081 3732; x_wconf 79' lang='lat' dir='ltr'><strong>rus.</strong></span> 
     </span>
    </p>

    <p class='ocr_par' dir='ltr' id='par_1_7' title="bbox 1949 3756 3607 4458">
     <span class='ocr_line' id='line_1_84' title="bbox 2024 3756 3602 3835; baseline -0.004 -16"><span class='ocrx_word' id='word_1_541' title='bbox 2024 3762 2256 3820; x_wconf 87' lang='lat' dir='ltr'><strong>Diutius</strong></span> <span class='ocrx_word' id='word_1_542' title='bbox 2284 3762 2636 3835; x_wconf 83' lang='lat' dir='ltr'><strong>exspectavi,</strong></span> <span class='ocrx_word' id='word_1_543' title='bbox 2675 3761 2723 3818; x_wconf 86' lang='lat' dir='ltr'><strong>si</strong></span> <span class='ocrx_word' id='word_1_544' title='bbox 2781 3761 2918 3834; x_wconf 89' lang='lat' dir='ltr'><strong>quid</strong></span> <span class='ocrx_word' id='word_1_545' title='bbox 2970 3761 3119 3819; x_wconf 78' lang='lat' dir='ltr'><strong>sorte</strong></span> <span class='ocrx_word' id='word_1_546' title='bbox 3165 3758 3405 3817; x_wconf 87' lang='lat' dir='ltr'><strong>auribus</strong></span> <span class='ocrx_word' id='word_1_547' title='bbox 3449 3756 3602 3814; x_wconf 87' lang='lat' dir='ltr'><strong>meis</strong></span> 
     </span>
     <span class='ocr_line' id='line_1_85' title="bbox 1950 3848 3599 3924; baseline -0.002 -16"><span class='ocrx_word' id='word_1_548' title='bbox 1950 3852 2317 3910; x_wconf 89' lang='lat' dir='ltr'><strong>insonuisset</strong></span> <span class='ocrx_word' id='word_1_549' title='bbox 2341 3852 2498 3924; x_wconf 88' lang='lat' dir='ltr'><strong>quod</strong></span> <span class='ocrx_word' id='word_1_550' title='bbox 2527 3860 2721 3909; x_wconf 80' lang='lat' dir='ltr'><strong>vestrae</strong></span> <span class='ocrx_word' id='word_1_551' title='bbox 2743 3851 3033 3909; x_wconf 85' lang='lat' dir='ltr'><strong>sanctitati</strong></span> <span class='ocrx_word' id='word_1_552' title='bbox 3064 3850 3309 3924; x_wconf 91' lang='lat' dir='ltr'><strong>dignum</strong></span> <span class='ocrx_word' id='word_1_553' title='bbox 3324 3848 3599 3905; x_wconf 84' lang='lat' dir='ltr'><strong>ducerem</strong></span> 
     </span>
     <span class='ocr_line' id='line_1_86' title="bbox 1949 3938 3602 4014; baseline -0.004 -15"><span class='ocrx_word' id='word_1_554' title='bbox 1949 3942 2243 4001; x_wconf 89' lang='lat' dir='ltr'><strong>intimare.</strong></span> <span class='ocrx_word' id='word_1_555' title='bbox 2275 3940 2492 3999; x_wconf 87' lang='lat' dir='ltr'><strong>Verum</strong></span> <span class='ocrx_word' id='word_1_556' title='bbox 2516 3941 2796 4014; x_wconf 80' lang='lat' dir='ltr'><strong>quoniam</strong></span> <span class='ocrx_word' id='word_1_557' title='bbox 2817 3942 2982 3998; x_wconf 88' lang='lat' dir='ltr'><strong>video</strong></span> <span class='ocrx_word' id='word_1_558' title='bbox 3005 3956 3104 3998; x_wconf 83' lang='lat' dir='ltr'><strong>vos</strong></span> <span class='ocrx_word' id='word_1_559' title='bbox 3124 3945 3181 3997; x_wconf 92' lang='lat' dir='ltr'><strong>et</strong></span> <span class='ocrx_word' id='word_1_560' title='bbox 3209 3945 3431 3998; x_wconf 86' lang='lat' dir='ltr'><strong>vestros</strong></span> <span class='ocrx_word' id='word_1_561' title='bbox 3450 3938 3602 3997; x_wconf 92' lang='lat' dir='ltr'><strong>obli-</strong></span> 
     </span>
     <span class='ocr_line' id='line_1_87' title="bbox 1952 4030 3602 4103; baseline -0.001 -16"><span class='ocrx_word' id='word_1_562' title='bbox 1952 4032 2109 4089; x_wconf 91' lang='lat' dir='ltr'><strong>vioni</strong></span> <span class='ocrx_word' id='word_1_563' title='bbox 2140 4033 2617 4103; x_wconf 78' lang='lat' dir='ltr'><strong>datos,tanquam</strong></span> <span class='ocrx_word' id='word_1_564' title='bbox 2660 4038 2974 4088; x_wconf 85' lang='lat' dir='ltr'><strong>mortuosa</strong></span> <span class='ocrx_word' id='word_1_565' title='bbox 3016 4030 3176 4087; x_wconf 79' lang='lat' dir='ltr'><strong>corde</strong></span> <span class='ocrx_word' id='word_1_566' title='bbox 3220 4030 3394 4103; x_wconf 74' lang='lat' dir='ltr'><strong>(Psal.</strong></span> <span class='ocrx_word' id='word_1_567' title='bbox 3444 4030 3602 4102; x_wconf 78' lang='lat' dir='ltr'><strong>xxx),</strong></span> 
     </span>
     <span class='ocr_line' id='line_1_88' title="bbox 1951 4117 3607 4190; baseline 0.001 -17"><span class='ocrx_word' id='word_1_568' title='bbox 1951 4135 2050 4176; x_wconf 81' lang='lat' dir='ltr'><strong>neo</strong></span> <span class='ocrx_word' id='word_1_569' title='bbox 2076 4122 2152 4175; x_wconf 74' lang='lat' dir='ltr'><strong>est</strong></span> <span class='ocrx_word' id='word_1_570' title='bbox 2182 4119 2281 4190; x_wconf 82' lang='lat' dir='ltr'><strong>qui</strong></span> <span class='ocrx_word' id='word_1_571' title='bbox 2302 4118 2618 4176; x_wconf 79' lang='lat' dir='ltr'><strong>consoletur</strong></span> <span class='ocrx_word' id='word_1_572' title='bbox 2639 4134 2738 4175; x_wconf 89' lang='lat' dir='ltr'><strong>vos</strong></span> <span class='ocrx_word' id='word_1_573' title='bbox 2766 4133 2837 4174; x_wconf 78' lang='lat' dir='ltr'><strong>ex</strong></span> <span class='ocrx_word' id='word_1_574' title='bbox 2866 4117 3119 4173; x_wconf 71' lang='lat' dir='ltr'><strong>omnibus</strong></span> <span class='ocrx_word' id='word_1_575' title='bbox 3148 4117 3336 4173; x_wconf 77' lang='lat' dir='ltr'><strong>choris</strong></span> <span class='ocrx_word' id='word_1_576' title='bbox 3390 4117 3607 4174; x_wconf 81' lang='lat' dir='ltr'><strong>vestris</strong></span> 
     </span>
     <span class='ocr_line' id='line_1_89' title="bbox 1950 4205 3605 4279; baseline -0.002 -16"><span class='ocrx_word' id='word_1_577' title='bbox 1950 4208 2175 4279; x_wconf 74' lang='lat' dir='ltr'><strong>(Thren.</strong></span> <span class='ocrx_word' id='word_1_578' title='bbox 2211 4208 2276 4279; x_wconf 90' lang='lat'><strong>1),</strong></span> <span class='ocrx_word' id='word_1_579' title='bbox 2308 4212 2552 4279; x_wconf 89' lang='lat' dir='ltr'><strong>stupens</strong></span> <span class='ocrx_word' id='word_1_580' title='bbox 2598 4206 2858 4263; x_wconf 90' lang='lat' dir='ltr'><strong>admiror</strong></span> <span class='ocrx_word' id='word_1_581' title='bbox 2898 4210 3124 4263; x_wconf 89' lang='lat' dir='ltr'><strong>tantum</strong></span> <span class='ocrx_word' id='word_1_582' title='bbox 3158 4205 3461 4263; x_wconf 84' lang='lat' dir='ltr'><strong>charitatis</strong></span> <span class='ocrx_word' id='word_1_583' title='bbox 3500 4205 3605 4261; x_wconf 89' lang='lat' dir='ltr'><strong>de-</strong></span> 
     </span>
     <span class='ocr_line' id='line_1_90' title="bbox 1952 4293 3604 4369; baseline 0 -16"><span class='ocrx_word' id='word_1_584' title='bbox 1952 4297 2189 4365; x_wconf 76' lang='lat' dir='ltr'><strong>fectum,</strong></span> <span class='ocrx_word' id='word_1_585' title='bbox 2222 4312 2356 4352; x_wconf 91' lang='lat' dir='ltr'><strong>cum</strong></span> <span class='ocrx_word' id='word_1_586' title='bbox 2381 4313 2452 4353; x_wconf 83' lang='lat' dir='ltr'><strong>ex</strong></span> <span class='ocrx_word' id='word_1_587' title='bbox 2480 4296 2574 4353; x_wconf 91' lang='lat' dir='ltr'><strong>his</strong></span> <span class='ocrx_word' id='word_1_588' title='bbox 2603 4313 2751 4368; x_wconf 88' lang='lat' dir='ltr'><strong>quos</strong></span> <span class='ocrx_word' id='word_1_589' title='bbox 2771 4296 2861 4354; x_wconf 91' lang='lat' dir='ltr'><strong>vel</strong></span> <span class='ocrx_word' id='word_1_590' title='bbox 2881 4295 3222 4354; x_wconf 84' lang='lat' dir='ltr'><strong>excellentia</strong></span> <span class='ocrx_word' id='word_1_591' title='bbox 3248 4295 3492 4369; x_wconf 87' lang='lat' dir='ltr'><strong>gradus,</strong></span> <span class='ocrx_word' id='word_1_592' title='bbox 3514 4293 3604 4353; x_wconf 89' lang='lat' dir='ltr'><strong>vel</strong></span> 
     </span>
     <span class='ocr_line' id='line_1_91' title="bbox 1950 4383 3604 4458; baseline -0.002 -16"><span class='ocrx_word' id='word_1_593' title='bbox 1950 4386 2295 4457; x_wconf 90' lang='lat' dir='ltr'><strong>obsequium</strong></span> <span class='ocrx_word' id='word_1_594' title='bbox 2328 4385 2633 4456; x_wconf 85' lang='lat' dir='ltr'><strong>multiplex</strong></span> <span class='ocrx_word' id='word_1_595' title='bbox 2662 4401 3033 4458; x_wconf 87' lang='lat' dir='ltr'><strong>comparasse</strong></span> <span class='ocrx_word' id='word_1_596' title='bbox 3063 4384 3393 4451; x_wconf 91' lang='lat' dir='ltr'><strong>videbatur,</strong></span> <span class='ocrx_word' id='word_1_597' title='bbox 3414 4383 3604 4442; x_wconf 84' lang='lat' dir='ltr'><strong>fideli-</strong></span> 
     </span>
    </p>
   </div>
   <div class='ocr_carea' id='block_1_7' title="bbox 200 4458 3609 4546">
    <p class='ocr_par' dir='ltr' id='par_1_8' title="bbox 200 4458 3609 4546">
     <span class='ocr_line' id='line_1_92' title="bbox 200 4458 3609 4546; baseline -0.001 -12"><span class='ocrx_word' id='word_1_598' title='bbox 200 4458 388 4527; x_wconf 66' lang='lat' dir='ltr'><strong>bffflss»</strong></span> <span class='ocrx_word' id='word_1_599' title='bbox 433 4459 538 4516; x_wconf 71' lang='grc' dir='ltr'><strong>8οᾱ</strong></span> <span class='ocrx_word' id='word_1_600' title='bbox 588 4466 826 4530; x_wconf 63' lang='grc' dir='ltr'><strong>89οΝῑῆ</strong></span> <span class='ocrx_word' id='word_1_601' title='bbox 876 4468 940 4517; x_wconf 71' lang='grc' dir='ltr'><strong>ῑῑῑ</strong></span> <span class='ocrx_word' id='word_1_602' title='bbox 969 4460 1262 4532; x_wconf 69' lang='grc' dir='ltr'><strong>(111οΦ0ῧο</strong></span> <span class='ocrx_word' id='word_1_603' title='bbox 1291 4460 1716 4532; x_wconf 66' lang='grc' dir='ltr'><strong>Ρΐθθθᾶθῦἆῑῑῐῐ]</strong></span> <span class='ocrx_word' id='word_1_604' title='bbox 1748 4463 1841 4532; x_wconf 74' lang='grc' dir='ltr'><strong>δῑῑ,</strong></span> <span class='ocrx_word' id='word_1_605' title='bbox 1876 4480 1925 4543; x_wconf 84' lang='lat' dir='ltr'>D</span> <span class='ocrx_word' id='word_1_606' title='bbox 1957 4474 2067 4530; x_wconf 88' lang='lat' dir='ltr'><strong>bus</strong></span> <span class='ocrx_word' id='word_1_607' title='bbox 2097 4478 2153 4530; x_wconf 91' lang='lat' dir='ltr'><strong>et</strong></span> <span class='ocrx_word' id='word_1_608' title='bbox 2192 4474 2399 4531; x_wconf 84' lang='lat' dir='ltr'><strong>amicis</strong></span> <span class='ocrx_word' id='word_1_609' title='bbox 2431 4490 2502 4529; x_wconf 91' lang='lat' dir='ltr'><strong>ne</strong></span> <span class='ocrx_word' id='word_1_610' title='bbox 2534 4490 2689 4531; x_wconf 91' lang='lat' dir='ltr'><strong>unus</strong></span> <span class='ocrx_word' id='word_1_611' title='bbox 2719 4475 2956 4546; x_wconf 85' lang='lat' dir='ltr'><strong>quidem</strong></span> <span class='ocrx_word' id='word_1_612' title='bbox 2988 4473 3230 4530; x_wconf 86' lang='lat' dir='ltr'><strong>relictus</strong></span> <span class='ocrx_word' id='word_1_613' title='bbox 3247 4472 3347 4542; x_wconf 90' lang='lat' dir='ltr'><strong>sit,</strong></span> <span class='ocrx_word' id='word_1_614' title='bbox 3379 4474 3609 4546; x_wconf 90' lang='lat' dir='ltr'><strong>quiste-</strong></span> 
     </span>
    </p>
   </div>
   <div class='ocr_carea' id='block_1_8' title="bbox 199 4547 1845 4785">
    <p class='ocr_par' dir='ltr' id='par_1_9' title="bbox 199 4547 1845 4785">
     <span class='ocr_line' id='line_1_93' title="bbox 199 4547 1845 4623; baseline 0.004 -22"><span class='ocrx_word' id='word_1_615' title='bbox 199 4554 389 4605; x_wconf 87' lang='lat' dir='ltr'><strong>vestra</strong></span> <span class='ocrx_word' id='word_1_616' title='bbox 419 4562 512 4604; x_wconf 91' lang='lat' dir='ltr'><strong>me</strong></span> <span class='ocrx_word' id='word_1_617' title='bbox 541 4548 853 4618; x_wconf 88' lang='lat' dir='ltr'><strong>prudentia</strong></span> <span class='ocrx_word' id='word_1_618' title='bbox 880 4548 1104 4620; x_wconf 85' lang='lat' dir='ltr'><strong>doceat,</strong></span> <span class='ocrx_word' id='word_1_619' title='bbox 1143 4553 1202 4605; x_wconf 91' lang='lat' dir='ltr'><strong>et</strong></span> <span class='ocrx_word' id='word_1_620' title='bbox 1247 4547 1470 4606; x_wconf 88' lang='lat' dir='ltr'><strong>curiosa</strong></span> <span class='ocrx_word' id='word_1_621' title='bbox 1508 4550 1845 4623; x_wconf 88' lang='lat' dir='ltr'><strong>malignitas</strong></span> 
     </span>
     <span class='ocr_line' id='line_1_94' title="bbox 201 4635 1416 4710; baseline 0 -16"><span class='ocrx_word' id='word_1_622' title='bbox 201 4640 400 4695; x_wconf 88' lang='lat' dir='ltr'><strong>nostra</strong></span> <span class='ocrx_word' id='word_1_623' title='bbox 431 4635 681 4693; x_wconf 88' lang='lat' dir='ltr'><strong>invicem</strong></span> <span class='ocrx_word' id='word_1_624' title='bbox 712 4637 911 4694; x_wconf 88' lang='lat' dir='ltr'><strong>studia</strong></span> <span class='ocrx_word' id='word_1_625' title='bbox 941 4653 1057 4694; x_wconf 92' lang='lat' dir='ltr'><strong>non</strong></span> <span class='ocrx_word' id='word_1_626' title='bbox 1084 4643 1416 4710; x_wconf 86' lang='lat' dir='ltr'><strong>cognoscat.</strong></span> 
     </span>
     <span class='ocr_line' id='line_1_95' title="bbox 275 4725 1208 4785; baseline -0.002 -1"><span class='ocrx_word' id='word_1_627' title='bbox 275 4725 559 4785; x_wconf 87' lang='lat' dir='ltr'><strong>Salutatio</strong></span> <span class='ocrx_word' id='word_1_628' title='bbox 593 4742 724 4785; x_wconf 88' lang='lat' dir='ltr'><strong>mea</strong></span> <span class='ocrx_word' id='word_1_629' title='bbox 753 4744 933 4785; x_wconf 90' lang='lat' dir='ltr'><strong>mauu</strong></span> <span class='ocrx_word' id='word_1_630' title='bbox 954 4727 1208 4783; x_wconf 82' lang='lat' dir='ltr'><strong>Milonis.</strong></span> 
     </span>
    </p>
   </div>
   <div class='ocr_carea' id='block_1_9' title="bbox 828 4869 1209 5038">
    <p class='ocr_par' dir='ltr' id='par_1_10' title="bbox 828 4869 1209 5038">
     <span class='ocr_line' id='line_1_96' title="bbox 909 4869 1129 4928; baseline -0.005 0"><span class='ocrx_word' id='word_1_631' title='bbox 909 4869 1129 4928; x_wconf 85' lang='lat' dir='ltr'><strong>XXXV.</strong></span> 
     </span>
     <span class='ocr_line' id='line_1_97' title="bbox 828 4994 1209 5038; baseline -0.005 -2"><span class='ocrx_word' id='word_1_632' title='bbox 828 4996 902 5038; x_wconf 69' lang='lat' dir='ltr'><strong>An</strong></span> <span class='ocrx_word' id='word_1_633' title='bbox 941 4994 1209 5037; x_wconf 69' lang='lat' dir='ltr'><strong>sunnam.</strong></span> 
     </span>
    </p>
   </div>
   <div class='ocr_carea' id='block_1_10' title="bbox 202 5100 1851 5620">
    <p class='ocr_par' dir='ltr' id='par_1_11' title="bbox 202 5100 1851 5620">
     <span class='ocr_line' id='line_1_98' title="bbox 268 5100 1837 5175; baseline -0.001 -18"><span class='ocrx_word' id='word_1_634' title='bbox 268 5100 498 5160; x_wconf 66' lang='lat' dir='ltr'><strong>Tnouae</strong></span> <span class='ocrx_word' id='word_1_635' title='bbox 523 5101 927 5159; x_wconf 85' lang='lat' dir='ltr'><strong>Cantuariensi</strong></span> <span class='ocrx_word' id='word_1_636' title='bbox 960 5101 1397 5175; x_wconf 89' lang='lat' dir='ltr'><strong>archiepiscopo</strong></span> <span class='ocrx_word' id='word_1_637' title='bbox 1445 5117 1588 5159; x_wconf 80' lang='lat' dir='ltr'><strong>suus</strong></span> <span class='ocrx_word' id='word_1_638' title='bbox 1615 5101 1837 5157; x_wconf 60' lang='lat' dir='ltr'><strong>Eanum·</strong></span> 
     </span>
     <span class='ocr_line' id='line_1_99' title="bbox 202 5207 1843 5353; baseline 0 -18"><span class='ocrx_word' id='word_1_639' title='bbox 202 5207 377 5336; x_wconf 42' lang='grc' dir='ltr'>,υἱέι</span> <span class='ocrx_word' id='word_1_640' title='bbox 401 5281 555 5353; x_wconf 90' lang='lat' dir='ltr'><strong>apud</strong></span> <span class='ocrx_word' id='word_1_641' title='bbox 589 5280 893 5337; x_wconf 90' lang='lat' dir='ltr'><strong>dominum</strong></span> <span class='ocrx_word' id='word_1_642' title='bbox 924 5279 1279 5338; x_wconf 82' lang='lat' dir='ltr'><strong>Meldensem</strong></span> <span class='ocrx_word' id='word_1_643' title='bbox 1313 5281 1571 5337; x_wconf 89' lang='lat' dir='ltr'><strong>triduum</strong></span> <span class='ocrx_word' id='word_1_644' title='bbox 1605 5293 1843 5353; x_wconf 91' lang='lat' dir='ltr'><strong>perege-</strong></span> 
     </span>
     <span class='ocr_line' id='line_1_100' title="bbox 203 5369 1835 5440; baseline -0.001 -14"><span class='ocrx_word' id='word_1_645' title='bbox 203 5384 351 5440; x_wconf 86' lang='lat' dir='ltr'><strong>ram,</strong></span> <span class='ocrx_word' id='word_1_646' title='bbox 383 5370 958 5428; x_wconf 87' lang='lat' dir='ltr'><strong>eteccecumlitteris</strong></span> <span class='ocrx_word' id='word_1_647' title='bbox 975 5370 1191 5438; x_wconf 51' lang='lat' dir='ltr'><strong>,vestris</strong></span> <span class='ocrx_word' id='word_1_648' title='bbox 1214 5369 1538 5426; x_wconf 83' lang='lat' dir='ltr'><strong>willelmus</strong></span> <span class='ocrx_word' id='word_1_649' title='bbox 1564 5374 1835 5426; x_wconf 88' lang='lat' dir='ltr'><strong>Duretent</strong></span> 
     </span>
     <span class='ocr_line' id='line_1_101' title="bbox 205 5457 1851 5533; baseline 0.001 -19"><span class='ocrx_word' id='word_1_650' title='bbox 205 5457 482 5516; x_wconf 80' lang='lat' dir='ltr'><strong>Kalendis</strong></span> <span class='ocrx_word' id='word_1_651' title='bbox 509 5460 722 5532; x_wconf 88' lang='lat' dir='ltr'><strong>Aprilis</strong></span> <span class='ocrx_word' id='word_1_652' title='bbox 757 5459 1013 5516; x_wconf 89' lang='lat' dir='ltr'><strong>advenit.</strong></span> <span class='ocrx_word' id='word_1_653' title='bbox 1028 5459 1113 5515; x_wconf 82' lang='lat' dir='ltr'><strong>Ad</strong></span> <span class='ocrx_word' id='word_1_654' title='bbox 1146 5475 1396 5531; x_wconf 90' lang='lat' dir='ltr'><strong>quarum</strong></span> <span class='ocrx_word' id='word_1_655' title='bbox 1418 5459 1851 5533; x_wconf 88' lang='lat' dir='ltr'><strong>susceptionem</strong></span> 
     </span>
     <span class='ocr_line' id='line_1_102' title="bbox 208 5544 1850 5620; baseline 0.002 -19"><span class='ocrx_word' id='word_1_656' title='bbox 208 5561 332 5603; x_wconf 88' lang='lat' dir='ltr'><strong>non</strong></span> <span class='ocrx_word' id='word_1_657' title='bbox 361 5544 561 5603; x_wconf 90' lang='lat' dir='ltr'><strong>minus</strong></span> <span class='ocrx_word' id='word_1_658' title='bbox 580 5546 906 5619; x_wconf 78' lang='lat' dir='ltr'><strong>gratulatus</strong></span> <span class='ocrx_word' id='word_1_659' title='bbox 927 5563 1106 5620; x_wconf 82' lang='lat' dir='ltr'><strong>quam</strong></span> <span class='ocrx_word' id='word_1_660' title='bbox 1128 5547 1373 5605; x_wconf 85' lang='lat' dir='ltr'><strong>devotus</strong></span> <span class='ocrx_word' id='word_1_661' title='bbox 1421 5548 1493 5605; x_wconf 89' lang='lat' dir='ltr'><strong>ad</strong></span> <span class='ocrx_word' id='word_1_662' title='bbox 1525 5546 1850 5620; x_wconf 84' lang='lat' dir='ltr'><strong>obsequen—</strong></span> 
     </span>
    </p>
   </div>
   <div class='ocr_carea' id='block_1_11' title="bbox 1956 4564 3619 5619">
    <p class='ocr_par' dir='ltr' id='par_1_12' title="bbox 1956 4564 3619 5619">
     <span class='ocr_line' id='line_1_103' title="bbox 1958 4564 3611 4636; baseline -0.001 -14"><span class='ocrx_word' id='word_1_663' title='bbox 1958 4566 2088 4622; x_wconf 88' lang='lat' dir='ltr'><strong>terit</strong></span> <span class='ocrx_word' id='word_1_664' title='bbox 2117 4564 2334 4633; x_wconf 85' lang='lat' dir='ltr'><strong>infide,</strong></span> <span class='ocrx_word' id='word_1_665' title='bbox 2372 4565 2476 4636; x_wconf 89' lang='lat' dir='ltr'><strong>qui</strong></span> <span class='ocrx_word' id='word_1_666' title='bbox 2533 4580 2650 4620; x_wconf 89' lang='lat' dir='ltr'><strong>non</strong></span> <span class='ocrx_word' id='word_1_667' title='bbox 2709 4564 3032 4621; x_wconf 88' lang='lat' dir='ltr'><strong>curvaverit</strong></span> <span class='ocrx_word' id='word_1_668' title='bbox 3090 4579 3271 4633; x_wconf 64' lang='lat' dir='ltr'><strong>genua</strong></span> <span class='ocrx_word' id='word_1_669' title='bbox 3320 4579 3432 4619; x_wconf 86' lang='lat' dir='ltr'><strong>sua</strong></span> <span class='ocrx_word' id='word_1_670' title='bbox 3476 4568 3611 4621; x_wconf 78' lang='lat' dir='ltr'><strong>ante</strong></span> 
     </span>
     <span class='ocr_line' id='line_1_104' title="bbox 1957 4652 3610 4727; baseline 0 -18"><span class='ocrx_word' id='word_1_671' title='bbox 1957 4655 2095 4710; x_wconf 82' lang='lat' dir='ltr'><strong>Boot</strong></span> <span class='ocrx_word' id='word_1_672' title='bbox 2138 4653 2239 4727; x_wconf 79' lang='lat'><em>(111</em></span> <span class='ocrx_word' id='word_1_673' title='bbox 2278 4654 2407 4725; x_wconf 72' lang='grc' dir='ltr'><strong>Περ.</strong></span> <span class='ocrx_word' id='word_1_674' title='bbox 2458 4661 2598 4725; x_wconf 75' lang='lat' dir='ltr'><strong>xix),</strong></span> <span class='ocrx_word' id='word_1_675' title='bbox 2630 4653 2909 4710; x_wconf 86' lang='lat' dir='ltr'><strong>omnibus</strong></span> <span class='ocrx_word' id='word_1_676' title='bbox 2958 4654 3125 4725; x_wconf 89' lang='lat' dir='ltr'><strong>quasi</strong></span> <span class='ocrx_word' id='word_1_677' title='bbox 3172 4652 3235 4709; x_wconf 89' lang='lat' dir='ltr'><strong>in</strong></span> <span class='ocrx_word' id='word_1_678' title='bbox 3292 4667 3610 4709; x_wconf 89' lang='lat' dir='ltr'><strong>commune</strong></span> 
     </span>
     <span class='ocr_line' id='line_1_105' title="bbox 1960 4740 3606 4815; baseline -0.002 -16"><span class='ocrx_word' id='word_1_679' title='bbox 1960 4744 2309 4800; x_wconf 89' lang='lat' dir='ltr'><strong>sententiam</strong></span> <span class='ocrx_word' id='word_1_680' title='bbox 2359 4741 2785 4815; x_wconf 80' lang='lat' dir='ltr'><strong>proferentibus</strong></span> <span class='ocrx_word' id='word_1_681' title='bbox 2852 4742 3086 4798; x_wconf 88' lang='lat' dir='ltr'><strong>obedire</strong></span> <span class='ocrx_word' id='word_1_682' title='bbox 3135 4740 3323 4814; x_wconf 85' lang='lat' dir='ltr'><strong>magis</strong></span> <span class='ocrx_word' id='word_1_683' title='bbox 3374 4740 3606 4797; x_wconf 86' lang='lat' dir='ltr'><strong>homini</strong></span> 
     </span>
     <span class='ocr_line' id='line_1_106' title="bbox 1958 4829 3611 4905; baseline -0.001 -17"><span class='ocrx_word' id='word_1_684' title='bbox 1958 4848 2137 4905; x_wconf 85' lang='lat' dir='ltr'><strong>quam</strong></span> <span class='ocrx_word' id='word_1_685' title='bbox 2168 4832 2285 4889; x_wconf 91' lang='lat' dir='ltr'><strong>Deo</strong></span> <span class='ocrx_word' id='word_1_686' title='bbox 2316 4836 2599 4905; x_wconf 91' lang='lat' dir='ltr'><strong>oportere.</strong></span> <span class='ocrx_word' id='word_1_687' title='bbox 2634 4829 2965 4889; x_wconf 80' lang='lat' dir='ltr'><strong>Filiialieni</strong></span> <span class='ocrx_word' id='word_1_688' title='bbox 2990 4831 3210 4887; x_wconf 75' lang='lat' dir='ltr'><strong>mentiti</strong></span> <span class='ocrx_word' id='word_1_689' title='bbox 3264 4838 3392 4887; x_wconf 76' lang='lat' dir='ltr'><strong>sunt</strong></span> <span class='ocrx_word' id='word_1_690' title='bbox 3419 4830 3611 4899; x_wconf 84' lang='lat' dir='ltr'><strong>vobis,</strong></span> 
     </span>
     <span class='ocr_line' id='line_1_107' title="bbox 1957 4919 3614 4992; baseline -0.001 -15"><span class='ocrx_word' id='word_1_691' title='bbox 1957 4922 2068 4992; x_wconf 72' lang='lat' dir='ltr'><strong>filii</strong></span> <span class='ocrx_word' id='word_1_692' title='bbox 2096 4921 2274 4977; x_wconf 78' lang='lat' dir='ltr'><strong>alieni</strong></span> <span class='ocrx_word' id='word_1_693' title='bbox 2312 4923 2610 4978; x_wconf 76' lang='lat' dir='ltr'><strong>inveterati</strong></span> <span class='ocrx_word' id='word_1_694' title='bbox 2636 4924 2765 4977; x_wconf 76' lang='lat' dir='ltr'><strong>sunt</strong></span> <span class='ocrx_word' id='word_1_695' title='bbox 2792 4919 2960 4990; x_wconf 75' lang='lat' dir='ltr'><strong>(Psal.</strong></span> <span class='ocrx_word' id='word_1_696' title='bbox 2988 4921 3153 4991; x_wconf 86' lang='lat' dir='ltr'><strong>xvu).</strong></span> <span class='ocrx_word' id='word_1_697' title='bbox 3185 4919 3253 4975; x_wconf 81' lang='lat' dir='ltr'><strong>Et</strong></span> <span class='ocrx_word' id='word_1_698' title='bbox 3300 4919 3413 4976; x_wconf 86' lang='lat' dir='ltr'><strong>nisi</strong></span> <span class='ocrx_word' id='word_1_699' title='bbox 3467 4919 3614 4991; x_wconf 85' lang='lat' dir='ltr'><strong>quia</strong></span> 
     </span>
     <span class='ocr_line' id='line_1_108' title="bbox 1956 5007 3613 5084; baseline 0.001 -18"><span class='ocrx_word' id='word_1_700' title='bbox 1956 5012 2214 5083; x_wconf 74' lang='lat' dir='ltr'><strong>populus,</strong></span> <span class='ocrx_word' id='word_1_701' title='bbox 2274 5026 2434 5084; x_wconf 75' lang='lat' dir='ltr'><strong>quem</strong></span> <span class='ocrx_word' id='word_1_702' title='bbox 2480 5026 2591 5068; x_wconf 77' lang='lat' dir='ltr'><strong>non</strong></span> <span class='ocrx_word' id='word_1_703' title='bbox 2630 5008 3001 5083; x_wconf 82' lang='lat' dir='ltr'><strong>cognovistis,</strong></span> <span class='ocrx_word' id='word_1_704' title='bbox 3042 5010 3272 5066; x_wconf 76' lang='lat' dir='ltr'><strong>servivit</strong></span> <span class='ocrx_word' id='word_1_705' title='bbox 3301 5007 3487 5071; x_wconf 89' lang='lat' dir='ltr'><strong>vobis,</strong></span> <span class='ocrx_word' id='word_1_706' title='bbox 3548 5010 3613 5067; x_wconf 71' lang='lat' dir='ltr'><strong>in</strong></span> 
     </span>
     <span class='ocr_line' id='line_1_109' title="bbox 1957 5099 3616 5172; baseline 0.001 -16"><span class='ocrx_word' id='word_1_707' title='bbox 1957 5100 2158 5157; x_wconf 77' lang='lat' dir='ltr'><strong>auditu</strong></span> <span class='ocrx_word' id='word_1_708' title='bbox 2178 5102 2331 5157; x_wconf 78' lang='lat' dir='ltr'><strong>auris</strong></span> <span class='ocrx_word' id='word_1_709' title='bbox 2359 5100 2701 5156; x_wconf 91' lang='lat' dir='ltr'><strong>obediturus</strong></span> <span class='ocrx_word' id='word_1_710' title='bbox 2721 5099 2925 5172; x_wconf 58' lang='lat' dir='ltr'><strong>(ibid),</strong></span> <span class='ocrx_word' id='word_1_711' title='bbox 2957 5099 3161 5171; x_wconf 88' lang='lat' dir='ltr'><strong>utique</strong></span> <span class='ocrx_word' id='word_1_712' title='bbox 3187 5100 3347 5172; x_wconf 80' lang='lat' dir='ltr'><strong>quasi</strong></span> <span class='ocrx_word' id='word_1_713' title='bbox 3372 5099 3616 5157; x_wconf 75' lang='lat' dir='ltr'><strong>sodoma</strong></span> 
     </span>
     <span class='ocr_line' id='line_1_110' title="bbox 1956 5188 3616 5262; baseline 0 -16"><span class='ocrx_word' id='word_1_714' title='bbox 1956 5193 2272 5262; x_wconf 53' lang='lat' dir='ltr'><strong>jansemus,</strong></span> <span class='ocrx_word' id='word_1_715' title='bbox 2352 5192 2403 5246; x_wconf 85' lang='lat' dir='ltr'><strong>ct</strong></span> <span class='ocrx_word' id='word_1_716' title='bbox 2467 5190 2626 5262; x_wconf 76' lang='lat' dir='ltr'><strong>quasi</strong></span> <span class='ocrx_word' id='word_1_717' title='bbox 2709 5188 3012 5245; x_wconf 80' lang='lat' dir='ltr'><strong>Gomorrha</strong></span> <span class='ocrx_word' id='word_1_718' title='bbox 3088 5188 3299 5246; x_wconf 78' lang='lat' dir='ltr'><strong>similes</strong></span> <span class='ocrx_word' id='word_1_719' title='bbox 3368 5203 3616 5246; x_wconf 65' lang='lat' dir='ltr'><strong>asemas</strong></span> 
     </span>
     <span class='ocr_line' id='line_1_111' title="bbox 1958 5277 3614 5352; baseline -0.001 -16"><span class='ocrx_word' id='word_1_720' title='bbox 1958 5280 2134 5352; x_wconf 85' lang='lat' dir='ltr'><strong>(Rom.</strong></span> <span class='ocrx_word' id='word_1_721' title='bbox 2169 5280 2272 5351; x_wconf 78' lang='lat' dir='ltr'><strong>xx).</strong></span> <span class='ocrx_word' id='word_1_722' title='bbox 2306 5278 2397 5334; x_wconf 82' lang='lat' dir='ltr'><strong>Me</strong></span> <span class='ocrx_word' id='word_1_723' title='bbox 2427 5292 2681 5351; x_wconf 87' lang='lat' dir='ltr'><strong>quoque,</strong></span> <span class='ocrx_word' id='word_1_724' title='bbox 2712 5280 2764 5335; x_wconf 84' lang='lat' dir='ltr'><strong>si</strong></span> <span class='ocrx_word' id='word_1_725' title='bbox 2795 5277 2966 5334; x_wconf 87' lang='lat' dir='ltr'><strong>liceat</strong></span> <span class='ocrx_word' id='word_1_726' title='bbox 2994 5277 3227 5349; x_wconf 86' lang='lat' dir='ltr'><strong>magnis</strong></span> <span class='ocrx_word' id='word_1_727' title='bbox 3260 5293 3614 5349; x_wconf 88' lang='lat' dir='ltr'><strong>componere</strong></span> 
     </span>
     <span class='ocr_line' id='line_1_112' title="bbox 1961 5365 3615 5441; baseline -0.001 -16"><span class='ocrx_word' id='word_1_728' title='bbox 1961 5371 2157 5441; x_wconf 76' lang='lat' dir='ltr'><strong>parva.</strong></span> <span class='ocrx_word' id='word_1_729' title='bbox 2192 5369 2437 5425; x_wconf 66' lang='lat' dir='ltr'><strong>fortunis</strong></span> <span class='ocrx_word' id='word_1_730' title='bbox 2470 5366 2681 5424; x_wconf 91' lang='lat' dir='ltr'><strong>similis</strong></span> <span class='ocrx_word' id='word_1_731' title='bbox 2721 5366 2937 5439; x_wconf 91' lang='lat' dir='ltr'><strong>premit</strong></span> <span class='ocrx_word' id='word_1_732' title='bbox 2964 5365 3293 5439; x_wconf 88' lang='lat' dir='ltr'><strong>indignatio</strong></span> <span class='ocrx_word' id='word_1_733' title='bbox 3323 5369 3511 5435; x_wconf 84' lang='lat' dir='ltr'><strong>tanta,</strong></span> <span class='ocrx_word' id='word_1_734' title='bbox 3546 5370 3615 5424; x_wconf 89' lang='lat' dir='ltr'><strong>ut</strong></span> 
     </span>
     <span class='ocr_line' id='line_1_113' title="bbox 1962 5453 3613 5529; baseline -0.001 -15"><span class='ocrx_word' id='word_1_735' title='bbox 1962 5456 2160 5514; x_wconf 86' lang='lat' dir='ltr'><strong>nullus</strong></span> <span class='ocrx_word' id='word_1_736' title='bbox 2214 5471 2435 5527; x_wconf 86' lang='lat' dir='ltr'><strong>eorum,</strong></span> <span class='ocrx_word' id='word_1_737' title='bbox 2486 5456 2586 5529; x_wconf 90' lang='lat' dir='ltr'><strong>qui</strong></span> <span class='ocrx_word' id='word_1_738' title='bbox 2637 5456 2815 5513; x_wconf 89' lang='lat' dir='ltr'><strong>verbo</strong></span> <span class='ocrx_word' id='word_1_739' title='bbox 2870 5453 3075 5513; x_wconf 86' lang='lat' dir='ltr'><strong>saltem</strong></span> <span class='ocrx_word' id='word_1_740' title='bbox 3126 5454 3407 5513; x_wconf 86' lang='lat' dir='ltr'><strong>hactenus</strong></span> <span class='ocrx_word' id='word_1_741' title='bbox 3463 5455 3613 5513; x_wconf 84' lang='lat' dir='ltr'><strong>mibi</strong></span> 
     </span>
     <span class='ocr_line' id='line_1_114' title="bbox 1960 5544 3619 5619; baseline 0.001 -16"><span class='ocrx_word' id='word_1_742' title='bbox 1960 5548 2195 5604; x_wconf 75' lang='lat' dir='ltr'><strong>fueraut</strong></span> <span class='ocrx_word' id='word_1_743' title='bbox 2221 5544 2490 5613; x_wconf 86' lang='lat' dir='ltr'><strong>blanditi,</strong></span> <span class='ocrx_word' id='word_1_744' title='bbox 2512 5544 2739 5603; x_wconf 88' lang='lat' dir='ltr'><strong>nuntiis</strong></span> <span class='ocrx_word' id='word_1_745' title='bbox 2771 5544 2939 5611; x_wconf 82' lang='lat' dir='ltr'><strong>meis.</strong></span> <span class='ocrx_word' id='word_1_746' title='bbox 2970 5559 3074 5619; x_wconf 90' lang='lat' dir='ltr'><strong>per</strong></span> <span class='ocrx_word' id='word_1_747' title='bbox 3103 5561 3252 5617; x_wconf 82' lang='lat' dir='ltr'><strong>quos</strong></span> <span class='ocrx_word' id='word_1_748' title='bbox 3285 5560 3404 5602; x_wconf 88' lang='lat' dir='ltr'><strong>non</strong></span> <span class='ocrx_word' id='word_1_749' title='bbox 3422 5548 3619 5604; x_wconf 87' lang='lat' dir='ltr'><strong>semet</strong></span> 
     </span>
    </p>
   </div>
  </div>
 </body>
</html>
