3784 6000
73 218 140 274 11
159 217 230 272 49

1095 214 1470 274 EPISTOLAE
1507 213 1596 271 ET
1635 210 2067 271 PRIVILEGJA.
2111 244 2177 256 -
2216 212 2333 270 AN.
2379 213 2533 271 1182.

3360 212 3500 270 1150

75 342 244 398 niam
287 344 497 397 mutuo
527 340 825 414 accipiant
868 341 1023 399 ultra
1064 343 1320 414 pretinm
1365 339 1606 413 capituli
1636 338 1726 394 sui
1755 338 1803 394 Α
1910 341 2032 410 Ego
2061 337 2299 403 Paulus,
2335 338 2734 395 Praenestinus
2759 338 3103 411 episcopus.

74 430 454 504 providentia
495 432 906 493 constitutum,
937 432 1050 488 nisi
1076 437 1315 505 propter
1345 429 1727 487 manifestam

74 520 298 577 domus
327 523 533 576 vestra!
560 518 890 577 utilitatem.
933 520 1099 588 Quod
1139 522 1188 577 si
1217 520 1410 578 facere
1439 534 1729 593 praesum-

75 609 326 682 pserint,
351 623 473 664 non
493 613 760 664 teneatur
779 615 1106 666 conventus
1134 609 1264 666 sine
1293 609 1466 682 cujus
1493 607 1731 665 licentia

75 702 137 753 et
175 712 476 754 consensu
505 697 620 753 hoc
659 704 904 768 egerant
929 714 1041 771 pro
1088 698 1183 755 his
1215 698 1595 772 anquatenus
1636 711 1730 752 re-

72 786 408 860 spondere.

155 878 440 932 Praeterea
467 875 692 932 licitum
725 877 799 934 sit
837 877 1011 935 vobis
1050 877 1108 934 in
1148 878 1344 935 causis
1371 877 1580 935 vestris
1613 875 1734 932 fra-

75 967 195 1021 tres
224 973 450 1022 vestros
465 965 715 1022 idoneos
740 967 818 1023 ad
846 967 1292 1025 testificandum
1315 967 1635 1032 adducere,
1654 969 1738 1022 at-

74 1070 196 1128 que
230 1054 499 1127 ipsorum
532 1055 893 1123 testimonio,
927 1058 975 1113 si
1013 1061 1241 1114 rectum
1281 1057 1475 1127 fuerit,
1508 1060 1565 1112 et
1599 1071 1737 1128 pro-

76 1144 323 1216 pulsare
380 1142 726 1200 violentiam
782 1148 840 1201 et
897 1145 1187 1217 justitiam
1244 1144 1569 1202 vindicare.
1631 1146 1739 1201 Pro

71 1232 397 1290 chrismate
434 1248 595 1304 vero,
631 1234 764 1290 oleo
791 1239 1021 1300 sancto,
1060 1234 1613 1292 consecrationibus
1642 1249 1742 1290 ec·

74 1322 415 1388 etesiarum,
460 1323 940 1380 ordinationibus
982 1324 1351 1390 clericorum,
1381 1325 1486 1398 qui
1515 1324 1594 1382 ad
1651 1339 1746 1379 sa·

77 1427 217 1468 cros
249 1411 468 1468 tuerint
495 1412 738 1468 ordines
772 1415 1191 1484 promovendi,
1229 1414 1351 1471 sive
1389 1414 1609 1471 abbate
1639 1413 1743 1469 de-

77 1501 360 1557 ducendo
392 1501 469 1556 ad
504 1501 730 1568 sedem,
758 1502 881 1558 sive
908 1503 1215 1575 ponende,
1244 1503 1335 1560 vel
1375 1502 1746 1578 quibuslibet

79 1590 216 1646 aliis
245 1589 661 1647 ecclesiasticis
692 1593 1108 1657 sacramentis,
1128 1592 1330 1650 nullus
1353 1610 1389 1649 a
1421 1592 1608 1658 vobis,
1638 1596 1744 1648 aut

82 1680 201 1736 sub
220 1680 467 1737 obtentu
489 1681 962 1748 consuetudinis,
984 1687 1089 1739 aut
1110 1682 1377 1756 quolibet
1397 1682 1514 1738 alio
1537 1681 1741 1750 mode,
1776 1682 1818 1739 Β

81 1768 424 1842 quidquam
455 1769 676 1825 audeat
700 1769 1023 1842 postulare.
1059 1771 1117 1828 Si
1144 1772 1282 1842 quis
1305 1776 1505 1829 autem
1537 1775 1742 1829 contra

86 1858 205 1913 boc
236 1858 437 1913 venire
468 1858 936 1930 praesumpserit,
961 1859 1296 1930 portionem
1337 1875 1472 1916 cum
1502 1860 1651 1917 Giezi
1680 1876 1741 1917 se

82 1946 315 2003 noverit
343 1947 709 2011 habiturum,
739 1948 909 2019 cujus
941 1947 1167 2005 factum
1210 1949 1517 2006 exactione
1552 1948 1743 2021 turpis

86 2035 354 2090 muneris
383 2035 665 2091 imitatur.
701 2035 1075 2107 sepulturam
1108 2043 1395 2109 praeterea
1423 2037 1609 2110 ipsius
1629 2038 1741 2096 loci

82 2124 333 2179 liberam
377 2139 507 2179 esse
549 2123 946 2193 decernimus,
990 2130 1053 2181 ut
1099 2142 1308 2183 eorum
1348 2127 1649 2185 devotioni
1685 2132 1741 2184 et

84 2218 369 2269 extremes
401 2213 694 2270 voluntati
730 2213 836 2288 qui
877 2230 941 2271 se
969 2215 1086 2271 illic
1116 2216 1352 2288 sepeliri
1376 2216 1743 2273 deliberave-

88 2303 223 2368 rint,
260 2303 371 2357 nisi
407 2302 554 2360 forte
595 2306 1117 2371 excommunicati,
1150 2304 1244 2361 vel
1273 2305 1564 2363 interdicti
1603 2307 1739 2372 sint,

85 2391 287 2447 nullus
313 2391 589 2458 obsistat,
619 2392 788 2449 salva
817 2399 1015 2450 tamen
1034 2395 1262 2466 justitia
1289 2395 1526 2453 illarum
1551 2397 1742 2456 eccle-

89 2480 318 2536 siarum
346 2496 380 2535 a
401 2481 625 2553 quibus
651 2486 1024 2539 mortuorum
1047 2498 1300 2556 corpora
1330 2490 1741 2550 assumuntur,

93 2570 221 2626 Paci
249 2585 493 2642 quoque
523 2574 578 2626 et
609 2571 1015 2644 tranquillitati
1047 2578 1229 2629 vestae
1259 2577 1506 2645 paterna
1533 2574 1744 2630 sollici·

91 2659 296 2716 tudine
344 2659 658 2730 providere
710 2659 994 2727 volenteS,
1036 2663 1383 2719 auctoritate
1411 2663 1744 2735 apostolica

91 2747 486 2820 probibemus
514 2752 578 2803 ut
606 2747 760 2805 infra
788 2749 1096 2807 clausuras
1118 2750 1407 2816 locorum,
1442 2769 1545 2808 seu
1568 2768 1743 2823 gran-

92 2837 326 2907 giarum
351 2840 702 2903 vestrarum,
724 2838 922 2894 nullus
941 2838 1310 2907 violentiam,
1330 2839 1421 2897 vel
1441 2841 1737 2913 rapinam,

90 2927 318 2982 fuctum
350 2926 738 2993 committere,
771 2930 969 2997 ignem
1002 2943 1328 3000 apponere,
1358 2945 1463 2986 seu
1496 2930 1741 2987 minime

91 3031 326 3087 capere,
360 3021 656 3082 truncare,
686 3016 778 3072 vel
806 3017 977 3074 morti
1007 3020 1152 3074 dare
1177 3024 1524 3091 proesumat.

158 3104 543 3161 Decernimus
577 3119 720 3175 ergo
751 3110 816 3161 ut
843 3104 991 3162 nulli
1021 3106 1270 3164 omnino
1309 3107 1624 3165 bominum
1650 3108 1739 3165 fas

90 3193 164 3250 sit
181 3194 493 3266 praesatam
514 3194 830 3251 ecclesiam
856 3199 1077 3251 temere
1093 3195 1464 3268 perturbare,
1487 3201 1592 3254 aut
1611 3197 1740 3269 ejus

90 3284 498 3355 possessiones
524 3283 775 3346 auferre,
797 3283 892 3340 vel
917 3283 1150 3341 ablatas
1165 3285 1433 3352 retinere,
1451 3286 1738 3353 minuere,

91 3391 197 3430 seu
227 3373 591 3446 quibuslibet
631 3374 1049 3431 vexationibus
1087 3375 1359 3445 fatigare,
1392 3376 1496 3433 sed
1538 3376 1744 3433 omnia

92 3463 322 3533 integra
365 3467 794 3519 conserventur
833 3478 1063 3529 eorum,
1091 3479 1201 3537 pro
1241 3479 1501 3537 quorum
1531 3464 1743 3535 guber-

92 3552 334 3609 natione
383 3568 452 3609 ac
512 3552 940 3609 sustentatione
998 3568 1287 3610 concessa
1341 3560 1479 3609 sunt
1537 3551 1744 3609 usibus

92 3640 462 3699 omnimodis
500 3641 834 3713 profutura,
870 3640 1036 3698 salva
1079 3642 1242 3698 sedis
1270 3641 1616 3715 apostolicae
1644 3657 1745 3700 au·

92 3731 363 3788 ctoritate
404 3735 462 3787 et
497 3729 826 3787 dioecesaui
867 3731 1134 3803 episcopi
1169 3732 1459 3788 canonica
1484 3732 1738 3806 Justitia.

97 3822 156 3879 Si
186 3836 308 3892 qua
337 3820 513 3890 igitur
543 3820 600 3875 in
637 3819 904 3876 futurum
934 3819 1335 3888 ecclesiastica
1365 3821 1745 3879 saecularisve

93 3925 376 3984 persona,
420 3913 533 3964 etc.

170 3999 291 4071 Ego
322 3997 556 4064 Lucius,
584 3997 889 4055 catholica
912 3998 1184 4055 Ecclesiae
1210 3999 1548 4072 episcopus.

170 4091 288 4158 Ego
317 4085 547 4158 Petrus,
566 4086 712 4143 tituli
730 4087 963 4144 Sanctoe
983 4087 1266 4144 Susannae
1291 4087 1602 4161 presbyter
1624 4105 1751 4146 car-

97 4176 338 4235 dinalis.

171 4269 290 4337 Ego
342 4264 648 4332 vivianus,
682 4263 831 4322 tituli
875 4265 1076 4322 Sancti
1122 4263 1411 4339 Stephani
1461 4265 1524 4323 in
1574 4266 1751 4324 Coelio

98 4359 290 4414 Monte
321 4354 635 4427 presbyter
659 4353 1003 4411 cardinalis.

1909 427 2032 498 Ego
2058 427 2337 494 Iacobus,
2364 426 2658 484 diaconus
2679 428 3001 485 cardinalis
3048 429 3279 485 Sanctoe
3306 426 3499 484 Mariae

1837 515 1899 572 in
1928 516 2276 572 cosmedin.

1909 607 2032 675 Ego
2045 605 2289 672 Arditio,
2314 606 2510 663 Sancti
2526 606 2816 662 Theodori
2833 606 3049 662 diacon
3060 622 3127 661 us
3148 603 3471 662 cardinalis
3486 643 3500 658 .

1912 697 2034 765 Ego
2069 692 2405 761 Gratianus,
2446 696 2795 752 Sanctorum
2842 695 3070 751 Cosmae
3128 698 3184 750 et
3226 692 3502 751 Damiani

1840 783 2136 840 diaconus
2166 781 2514 840 cardinalis.

1913 874 2130 928 Datum
2173 872 2488 930 velletri...
2549 888 2656 945 per
2687 888 2939 929 manum
2994 871 3237 937 Alberti‚
3283 872 3503 927 sanctae

1844 964 2129 1019 Romanas
2165 960 2443 1017 Ecclesioe
2472 961 2804 1033 presbyteri
2832 960 3154 1017 cardinalis
3186 964 3242 1016 et
3272 958 3507 1016 cancel·

1844 1050 1994 1116 larii,
2025 1067 2124 1107 xrv
2152 1050 2450 1108 Kalendas
2476 1051 2635 1119 sulii,
2662 1050 2986 1106 indictione
3010 1066 3108 1116 xv,
3136 1049 3499 1106 lucarnatio-

1846 1139 1942 1197 nis
1970 1139 2291 1196 Dominicoe
2322 1141 2477 1206 1182,
2510 1139 2890 1210 pontificatus
2921 1155 3059 1196 vero
3084 1138 3312 1194 domini
3345 1136 3504 1193 Lucii

1850 1244 2024 1302 papae
2048 1229 2197 1286 tertii
2226 1235 2386 1285 anuo
2415 1229 2631 1301 primo.

2626 1355 2744 1410 LX.

1853 1452 2132 1509 Ecclesia!
2152 1453 2390 1510 Sanctae
2411 1453 2621 1510 Marias
2635 1451 3006 1524 Maqdalenae
3039 1446 3509 1507 vesontionensis

2028 1524 2415 1594 possessiones
2455 1525 2791 1594 confirmat.
2821 1520 3320 1597 (Fraqmentum.)

2390 1631 2665 1701 (velletri,
2691 1631 2719 1687 J
2727 1647 2826 1688 un.
2858 1633 2975 1701 26.)

1854 1758 2054 1830 [Mem.
2092 1763 2147 1816 et
2175 1759 2300 1816 doc.
2347 1758 2561 1816 inedies
2586 1760 2659 1816 de
2703 1759 2763 1815 la
2814 1755 3340 1821 Franche-Comte,
3370 1760 3408 1809 t.
3440 1753 3506 1820 n,

2561 1863 2621 1920 p.
2649 1847 2797 1919 318.]

1923 1956 2124 2013 Lucius
2154 1956 2491 2029 episcopus,
2522 1955 2752 2012 dilectis
2800 1953 2937 2010 filiis
2990 1955 3336 2010 Miuocomo
3366 1963 3511 2005 can-

1851 2046 1981 2112 tori,
2012 2049 2070 2101 et
2098 2045 2402 2101 canonicis
2447 2047 2677 2101 Sanctoe
2707 2043 2900 2100 Marioe
2931 2039 3295 2112 Magdalenae
3345 2036 3509 2111 apud

1852 2135 2187 2192 Bisuntium
2227 2135 2578 2200 constituta,
2608 2141 2730 2190 tam
2765 2131 3161 2205 proesentibus
3193 2144 3379 2203 quam
3420 2126 3508 2183 fu·

1850 2224 2018 2288 turis.
2048 2224 2335 2281 canonice
2356 2222 2794 2280 substituendis
2824 2221 2885 2276 in
2913 2223 3294 2293 perpetuum,
3326 2221 3437 2273 etc.

1923 2312 2364 2370 confirmamus
2405 2312 2668 2373 ,Bisuntii
2712 2309 3006 2383 capellam
3050 2307 3247 2365 Sancti
3305 2303 3512 2362 Jacobi

1851 2402 2005 2458 infra
2024 2418 2262 2470 arenas,
2276 2418 2411 2457 cum
2431 2401 2713 2458 omnibus
2727 2397 3102 2473 appendiciis
3119 2397 3243 2453 suis
3259 2413 3274 2463 ;
3292 2400 3511 2452 terram

1851 2508 2037 2565 quam
2067 2491 2301 2548 habetis
2321 2491 2400 2548 ab
2424 2492 2559 2563 ipsa
2578 2489 2808 2563 capella
2829 2504 3019 2562 usque
3044 2487 3115 2543 ad
3137 2501 3342 2542 muros
3368 2480 3514 2541 civi-

1853 2580 1987 2638 tatis
2010 2581 2139 2636 sine
2168 2579 2641 2636 contradictione
2666 2577 3077 2650 deputandam
3102 2580 3156 2631 et
3201 2574 3514 2645 assignan-

1851 2671 2014 2737 dam.
2060 2670 2139 2727 ad
2168 2683 2567 2742 quoscunque
2599 2684 2741 2723 usus
2769 2666 2979 2722 melius
3014 2663 3295 2721 noveritis
3324 2660 3513 2719 eccle-

1851 2759 1952 2816 siae
1978 2765 2186 2816 vestrae
2216 2758 2594 2832 profuturam
2635 2774 2651 2825 3
2684 2772 2968 2812 mansum
3001 2754 3149 2811 Petri
3197 2752 3272 2808 de
3303 2753 3507 2819 Osma,

1851 2866 2134 2906 mansum
2154 2849 2406 2904 loannis
2430 2846 2648 2911 militis,
2672 2846 2843 2918 juxta
2864 2851 3112 2917 puteum
3136 2840 3366 2898 domini
3393 2840 3513 2896 Du·

1849 2938 1976 2994 dini
2010 2939 2067 2992 in
2101 2952 2321 3010 campo
2350 2937 2590 3009 Martis3
2627 2951 2907 2992 mansum
2941 2930 3314 2989 Constantini
3341 2930 3517 3002 juxta

1769 3040 1812 3098 c
1852 3027 2265 3084 molendinum
2308 3026 2366 3082 in
2399 3027 2531 3083 vico
2564 3025 2876 3098 Baptenti;
2916 3037 3198 3079 mansum
3248 3018 3514 3089 Hugonis

1849 3117 2153 3183 monachi,
2181 3121 2237 3172 et
2252 3116 2417 3189 quod
2430 3114 2665 3172 habetis
2684 3114 2742 3170 in
2758 3111 3102 3170 molendino
3125 3110 3200 3167 de
3213 3105 3512 3181 Baptenti3

1850 3211 2083 3278 partem
2114 3205 2272 3262 furni
2289 3206 2455 3261 sitiin
2470 3204 2629 3261 bivio
2655 3201 3061 3269 calvimontis,
3084 3199 3236 3256 duos
3264 3213 3512 3254 mansos

1850 3300 1909 3352 et
1936 3295 2231 3369 quidquid
2261 3293 2495 3351 habetis
2522 3293 2683 3365 apud
2725 3291 3124 3348 Valentinum.

1925 3392 2141 3448 Datum
2174 3390 2400 3447 velletri
2424 3408 2476 3445 vr
2500 3390 2628 3446 Kal.
2653 3389 2810 3456 Julii,
2842 3387 3045 3443 indict.
3079 3402 3170 3452 xv,
3201 3400 3363 3442 anno
3398 3386 3511 3444 Do-

1855 3482 2091 3539 minicas
2129 3480 2558 3537 incarnationis
2608 3478 2761 3545 1182,
2797 3476 3178 3551 pontificatus
3224 3489 3365 3530 vero
3403 3473 3509 3530 do-

1856 3572 1998 3628 mini
2040 3585 2215 3644 papoe
2246 3568 2403 3626 Lucii
2433 3568 2506 3623 111
2524 3582 2685 3624 anno
2710 3583 2746 3623 t.

2597 3690 2730 3746 LXI.

1853 3817 2137 3876 Ecclesiae
2153 3814 2431 3872 &Mariae
2442 3810 2881 3869 Lausannensis
2889 3810 3311 3880 protectionem
3328 3804 3514 3863 susci-

1955 3889 2067 3960 pit,
2098 3887 2629 3957 canonicorumque
2660 3881 3044 3954 possessiones
3083 3880 3418 3949 confirmat.

2380 4008 2661 4081 (velletri,
2691 4009 2721 4064 J
2730 4024 2828 4063 un.
2864 4006 2981 4078 26.)

1857 4139 2064 4214 [Mem.
2097 4145 2150 4196 et
2176 4137 2304 4195 doc.
2319 4136 2388 4193 de
2422 4136 2483 4194 la
2503 4134 2717 4192 sociere
2745 4133 2818 4293 αἳ
2843 4133 2905 4190 la
2925 4132 3124 4190 Suisse
3143 4131 3376 4196 Rom.,t.
3399 4126 3519 4198 v11,

2598 4239 2656 4296 p,
2699 4225 2788 4279 27.

1936 4355 2130 4410 Lucius
2160 4351 2503 4423 episcopus,
2545 4363 2754 4405 servus
2794 4360 3103 4403 servorum
3136 4344 3257 4413 Dei,
3289 4341 3521 4399 dilectis

172 4447 292 4517 Ego
324 4443 636 4516 Cynthius,
656 4444 968 4517 presbyter
995 4442 1316 4501 cardinalis
1339 4442 1488 4500 tituli
1519 4445 1749 4502 Sanctae
1860 4442 1999 4499 filiis
2023 4440 2271 4497 annucio
2300 4439 2616 4512 praeposito
2641 4442 2698 4494 et
2725 4434 3032 4494 canonicis
3071 4430 3522 4490 Lausannensis

100 4534 639 4694 ceglglbaearduinus,
668 4623 979 4696 presbyter
1001 4623 1316 4681 cardinalis
1342 4622 1489 4680 tituli
1506 4614 1751 4681 ‘Sanctoe

109 4713 310 4768 Crucis
336 4713 396 4769 in
423 4712 776 4769 Jerusalem.

176 4800 661 4947 Egonhiatthoeus,
683 4801 996 4874 presbyter
1024 4801 1345 4860 cardinalis
1377 4802 1522 4860 tituli
1555 4804 1754 4861 Sancti

107 4891 296 4947 Marce
343 4891 382 4946 i.

182 4980 298 5050 Ego
349 4979 677 5047 Laborans,
726 4978 1042 5052 presbyter
1092 4980 1412 5037 cardinalis
1461 4982 1517 5040 S.
1565 4982 1754 5040 Mariis

112 5072 274 5122 trans
303 5068 585 5136 Tiberim,
622 5069 765 5126 tituli
799 5067 1026 5126 Calixti.

183 5158 303 5227 Ego
353 5157 579 5224 Petrus,
629 5158 935 5232 presbyter
976 5157 1300 5215 cardinalis
1358 5158 1511 5215 tituli
1560 5159 1760 5218 Sancti

111 5245 408 5302 Laurentii
438 5247 496 5303 in
533 5251 815 5316 Damac0,

186 5338 308 5407 Ego
355 5335 714 5402 l'heodinus,
754 5338 1092 5395 Portuensis
1135 5341 1195 5396 et
1235 5337 1465 5395 Sanetoe
1500 5336 1759 5396 Ruffinae

115 5425 274 5481 sedis
302 5424 646 5498 episcopus.

188 5518 305 5588 Ego
334 5514 559 5582 Petrus,
581 5514 896 5574 Tusculan.
926 5516 1264 5595 episcopus.

1860 4530 2145 4596 ecclesiae,
2158 4542 2487 4602 eorumque
2504 4526 2962 4583 successoribus
2981 4522 3269 4579 canonice
3302 4517 3521 4575 substi-

1862 4619 2098 4677 tuendis
2124 4620 2181 4675 in
2215 4621 2592 4690 perpetuum,

1936 4707 2220 4764 Effectum
2246 4706 2411 4778 justa
2448 4700 2894 4776 postulantibus
2924 4696 3233 4768 indulgere
3262 4700 3320 4752 et
3350 4694 3523 4764 vigor

1862 4797 2155 4872 aequitatis
2185 4795 2404 4851 etordo
2420 4791 2611 4862 coegit
2631 4789 2895 4855 rationis,
2923 4783 3518 4861 proesertimquando

1865 4885 2193 4960 petentium
2220 4881 2589 4940 voluntatem
2613 4884 2669 4936 et
2699 4878 2890 4951 pietas
2920 4875 3172 4948 adJ'uvat
3201 4877 3258 4929 et
3306 4873 3520 4928 veritas

1865 4999 1987 5040 non
2037 4980 2335 5054 relinquit.
2381 4979 2727 5050 Eapropter,
2756 4972 2957 5032 dilecti
3006 4971 3068 5028 in
3102 4970 3357 5027 Domino
3386 4965 3516 5034 filii,

1867 5071 2079 5129 vestris
2100 5070 2273 5143 justis
2300 5063 2806 5142 postulationibus
2840 5064 3168 5123 clementer
3197 5057 3525 5117 annuimus

1870 5167 1931 5219 et
1979 5160 2295 5219 ecclesiam
2344 5160 2403 5214 Β.
2430 5156 2626 5213 Marisa
2668 5155 2726 5211 in
2776 5169 2900 5228 quo
2957 5151 3161 5208 divino
3195 5146 3524 5220 mancipati

1870 5251 2012 5308 estis
2039 5249 2330 5323 obsequio
2346 5248 2459 5304 sub
2490 5245 2642 5303 beati
2668 5245 2821 5303 Petri
2849 5248 2909 5300 et
2930 5245 3138 5300 nostra
3158 5236 3527 5312 protectione

1871 5339 2258 5411 suscipimus,
2277 5341 2333 5395 et
2353 5334 2657 5411 praesentis
2677 5333 2879 5405 scripti
2906 5329 3215 5405 privilegio
3256 5341 3527 5384 commu-

1872 5429 2096 5495 nimus,
2121 5431 2446 5486 statuentes
2474 5428 2537 5482 ut
2575 5437 2975 5497 quascunque
3017 5417 3522 5494 possessionem...

1872 5516 1936 5575 in
1963 5515 2216 5594 quibus.
2368 5512 2763 5591 exprimenda
2791 5509 3129 5571 vocabulis:
3168 5503 3532 5566 beneficium
