3784 6000
114 214 235 276 205
1660 215 2002 278 NOTITIA.
3408 222 3530 287 m

113 365 231 407 esse
286 363 405 407 non
458 349 676 407 deberet
730 350 1060 423 Interposita
1119 349 1516 423 appellatione,
1568 349 1725 405 rebus
1780 352 1896 407 suis
1949 351 2276 422 compositis,
2307 353 2738 423 transfretravit,
2784 357 2834 411 et
2892 354 3116 411 Romam
3169 358 3340 414 venit.
3397 358 3530 429 Eius

112 424 359 477 aduentu
386 424 547 478 latus
588 420 943 492 apostolicus,
977 421 1251 477 hominem
1280 422 1455 477 multo
1487 422 1690 479 bonore
1717 424 1930 492 excepit
1983 424 2118 490 ipse,
2142 430 2195 476 et
2240 422 2590 481 cardinales:
2621 440 2799 497 neque
2841 430 2995 482 tanto
3034 442 3283 500 unquam
3327 429 3532 487 honore

112 494 379 548 clericum
408 494 595 549 ullum
628 494 809 548 Romae
838 494 906 548 ab
927 493 1220 562 apostolico
1251 503 1304 549 et
1333 494 1712 549 cardinalibus
1734 494 1987 549 omnibus
2015 495 2283 565 allectum
2332 498 2728 552 meminerant.
2785 498 2958 553 Voluit
2998 508 3056 555 et
3100 500 3422 570 apostolicus
3467 506 3532 558 ut

114 568 340 619 missam
372 571 663 631 cantaret;
688 569 741 620 et
770 565 1081 621 cardinales
1110 565 1302 620 vestiri
1337 568 1515 631 jussit,
1552 572 1614 619 ut
1641 568 1692 620 ei
1719 566 1789 620 ad
1828 566 2012 620 altare
2049 568 2392 623 inservirent.
2444 569 2679 636 Jamque
2724 568 2871 639 apud
2918 572 3273 640 apostolicum
3311 577 3532 629 tantum

110 644 450 707 profecerat,
484 643 546 691 ut
574 640 623 690 si
653 634 1066 705 supervixisset,
1098 649 1244 692 certa
1274 641 1412 691 esset
1442 637 1711 701 Heraclii,
1752 636 1805 691 si
1855 637 2083 692 Romam
2132 641 2386 703 venisset,
2419 638 2703 710 depositio.
2752 641 2875 695 Jam
2924 657 3049 699 vero
3096 645 3335 712 reseram
3379 644 3531 702 uobis

112 707 407 779 quornodo,
435 714 740 779 antequam
764 712 992 764 Romam
1019 709 1313 779 appelleret
1340 709 1641 777 Heraclius,
1672 708 1761 762 illi
1790 711 1909 764 vita
1946 709 2171 777 functus
2207 712 2301 765 sil.
2351 712 2488 765 lium
2535 709 2700 765 illum
2734 711 3015 769 Heraclius
3061 715 3287 770 Romam
3332 722 3532 773 eontra

110 795 165 833 sc
188 780 401 835 abiisse
428 783 787 849 coquorum,
813 788 1000 835 certus
1030 796 1086 835 se
1113 779 1423 843 depositum
1445 782 1538 848 iri,
1571 781 1619 835 si
1643 780 1716 834 ad
1743 795 1906 834 suum
1933 795 2098 850 usque
2119 782 2415 835 adventum
2447 782 2548 837 ille
2585 782 2848 850 durasset,
2881 784 3168 856 paysicum
3196 803 3227 839 e
3254 787 3370 842 suis
3397 802 3528 844 con·

113 850 285 915 venit,
309 865 480 922 quem
509 857 575 905 ut
604 853 831 907 Romam
854 849 1021 906 illum
1049 857 1363 923 sequeretur
1408 852 1674 921 perpulit,
1716 859 1878 921 alque
1917 866 2121 906 veneno
2170 852 2408 909 tolleret.
2451 853 2512 908 1cl
2549 858 2822 909 successit.
2869 857 3078 911 Mortuo
3122 859 3305 928 itaque
3345 859 3530 915 arcai-

108 924 363 990 episcopo
394 921 545 992 Tyri,
580 923 807 978 Romam
835 938 958 977 cum
992 925 1219 978 venissel
1256 924 1596 994 patriarcha,
1629 922 1696 976 ab
1750 923 2046 992 apostolico
2099 939 2219 994 quar
2267 924 2438 979 voluit
2481 925 2812 995 impetravit,
2865 933 2916 981 el
2962 928 3300 984 Hierusalem
3340 930 3525 988 rediit.

112 995 349 1061 Qualem
379 999 567 1048 aulem
600 994 769 1049 Roma
818 994 1251 1066 Hierosolymam
1290 1009 1533 1050 reversus
1579 996 1752 1049 vitam
1798 992 2019 1061 vixerit,
2052 994 2238 1049 audite
2243 1034 2374 1051 ......
2431 995 2549 1050 Haec
2598 1003 2835 1066 peccata,
2869 997 2968 1053 has
3003 999 3182 1055 sordes
3229 1005 3288 1055 ut
3339 1002 3527 1058 Domi-

111 1084 213 1119 nus
244 1070 439 1120 noster
467 1066 625 1121 Jesus
655 1065 902 1122 Cleristus
929 1065 989 1121 in
1019 1080 1083 1121 ea
1102 1067 1330 1122 ciuitate
1360 1066 1512 1132 vidit,
1536 1068 1592 1120 in
1622 1080 1730 1136 qua
1759 1066 2054 1134 crucifixus
2083 1080 2179 1129 pro
2218 1065 2530 1123 redimendo
2576 1067 2774 1139 populo
2820 1071 3146 1138 sanquinem
3228 1071 3526 1140 refuderat,

109 1139 255 1205 serre
284 1152 355 1192 ea
376 1150 490 1192 non
520 1140 696 1206 mavis
722 1139 903 1209 potuit
931 1153 1096 1208 quam
1125 1137 1374 1194 Sodomae
1401 1138 1537 1194 olim
1578 1146 1631 1192 et
1668 1138 2000 1192 Gomorrha.
2041 1137 2229 1208 ltaque
2276 1138 2551 1193 civitatem
2594 1139 2818 1194 sordida
2859 1143 2915 1194 et
2965 1141 3138 1210 fetida
3201 1144 3408 1197 uxuria
3443 1146 3530 1199 ita

110 1209 405 1278 purgavit,
437 1218 499 1264 ut
536 1207 603 1263 de
628 1208 699 1264 iis
728 1210 826 1280 qui
850 1213 1099 1280 tempore
1130 1209 1367 1264 Heraclii
1404 1206 1736 1279 patriarcha:
1773 1223 1899 1263 eam
1943 1208 2210 1263 habebant
2260 1208 2533 1270 omnibus.
2581 1209 2650 1265 de
2697 1213 2852 1277 viris,
2900 1212 3146 1280 feminis,
3192 1213 3526 1285 infantibus,

111 1281 668 1350 iaquammmnibus,
695 1280 802 1335 duo
830 1282 1053 1336 omnino
1074 1281 1396 1336 servitutem
1423 1281 1713 1351 effuqerinl
1741 1297 1761 1334 .·
1782 1295 2020 1350 quoram
2051 1295 2192 1334 uuus
2223 1279 2516 1336 vocabatur
2556 1281 2816 1337 Robertus
2855 1282 2920 1337 de
2965 1282 3185 1350 Carbia,
3217 1284 3314 1356 qui
3359 1284 3530 1341 Gade-

108 1354 259 1421 [ricto
286 1351 572 1407 Bullionio
602 1354 663 1407 in
690 1352 961 1423 capienda
991 1351 1127 1406 urbe
1151 1350 1411 1416 adsuerat
1429 1368 1451 1413 ,·
1481 1352 1645 1407 alteri
1672 1366 1870 1407 nomen
1893 1355 2013 1406 eral
2042 1351 2205 1408 Fulco
2229 1350 2387 1406 Folie
2418 1352 2586 1423 (alias
2613 1353 2782 1423 Fiole)
2810 1355 2906 1424 qui
2933 1356 3146 1425 primus
3187 1354 3436 1411 omnium
3465 1358 3528 1413 iu

112 1424 243 1478 urbe
276 1441 311 1477 a
347 1422 639 1493 Godesrido
670 1427 831 1494 capta
861 1432 1023 1479 natus
1051 1431 1191 1478 erat.
1229 1423 1339 1488 His,
1369 1439 1492 1479 cum
1513 1421 1771 1478 excedere
1800 1423 2027 1489 nollent,
2050 1426 2101 1478 el
2132 1424 2400 1479 manendi
2431 1423 2741 1480 libertatem
2759 1424 2934 1495 dedit,
2965 1429 3015 1481 et
3045 1427 3181 1483 vilae
3217 1429 3526 1486 necessaria

108 1494 303 1549 omnia
336 1494 658 1549 ministrari
678 1494 846 1564 jussit
873 1493 1188 1550 Saladinus.

176 1564 552 1621 Narrationis
583 1565 759 1636 hujus
790 1565 1062 1637 insignis,
1096 1565 1364 1636 quamvis
1408 1565 1767 1636 temporibus
1792 1581 1909 1620 non
1940 1565 2084 1622 satis
2113 1565 2408 1636 explicatas
2438 1567 2535 1637 (de
2566 1581 2683 1637 quo
2713 1583 2820 1623 suo
2869 1570 3128 1640 tempore
3166 1567 3528 1642 videbimus)

110 1638 281 1692 tidem
318 1641 621 1698 asserunt,
653 1653 787 1692 cum
814 1642 1076 1704 eventus,
1109 1644 1237 1691 tum
1265 1638 1575 1708 scriptores
1607 1636 1790 1706 probi.
1834 1637 2087 1692 Eventus
2122 1642 2224 1692 :ut
2273 1637 2427 1693 enim
2480 1650 2814 1709 recuperata
2862 1638 3128 1696 Heraclio
3176 1640 3528 1711 imperatore

106 1725 247 1763 crux
273 1723 286 1759 :
326 1710 409 1763 ita
440 1707 703 1764 Heraclio
736 1709 1063 1778 patriarcba
1090 1708 1198 1779 (uti
1230 1712 1353 1763 erat
1384 1725 1417 1763 a
1446 1709 1682 1780 Tyrensi
1712 1707 2074 1779 praedictum)
2107 1711 2163 1762 et
2193 1724 2333 1764 crux
2375 1715 2432 1764 et
2483 1709 2622 1764 urbs
2668 1711 2911 1766 amissa.
2941 1712 3271 1783 Scriptores
3301 1728 3316 1767 z
3349 1712 3525 1769 Hari-

110 1796 221 1835 nus
254 1780 524 1835 Sanutus
558 1780 657 1834 lib.
692 1796 777 1847 111,
812 1785 972 1851 parte
996 1795 1070 1847 vt,
1099 1796 1226 1850 cap.
1258 1780 1328 1833 24
1363 1795 1375 1833 :
1421 1780 1595 1841 Arma,
1648 1780 1862 1849 inquit,
1900 1778 2036 1834 1180
2079 1779 2397 1850 patriarcba
2443 1780 2747 1837 Almericus
2795 1784 3052 1850 moritur,
3099 1783 3257 1854 cujus
3303 1782 3527 1853 simpli·

104 1856 240 1906 citas
260 1851 551 1905 modicum
574 1852 826 1907 Ecclesiae
857 1851 1070 1921 profuit
1090 1868 1109 1904 .·
1136 1851 1228 1906 cui
1255 1853 1506 1905 successit
1539 1851 1843 1905 Heraclius.
1872 1850 1942 1905 ln
1970 1852 2087 1921 ejus
2120 1850 2378 1906 electione
2425 1852 2637 1920 publice
2684 1854 2890 1909 dictum
2918 1856 3031 1920 suit
3069 1871 3088 1908 :
3114 1856 3223 1909 Sub
3271 1854 3525 1911 Hercoelio

106 1923 483 1978 amittendam
510 1937 626 1977 esse
653 1938 888 1990 crucem,
916 1925 1055 1977 sicut
1081 1923 1178 1977 sub
1221 1921 1469 1977 Heraclio
1519 1923 1849 1983 imperatore
1886 1926 2207 1993 recuperata
2252 1926 2436 1991 luerat
2466 1940 2486 1977 :
2520 1924 2660 1993 quod
2720 1929 2770 1980 et
2816 1927 3035 1980 accidit.
3088 1924 3294 1981 Paulus
3341 1925 3523 1981 AEmi·

105 1992 241 2059 lius,
278 1995 399 2050 sub
434 1994 609 2049 finem
641 1994 743 2050 lib.
776 2011 809 2049 v
840 1999 919 2049 De
940 1995 1115 2049 rebus
1145 1994 1326 2064 gestis
1362 1994 1727 2059 Francorum,
1756 1993 2020 2064 Philippo
2053 2000 2311 2064 Augusto
2342 2009 2475 2065 rege
2507 2010 2520 2048 :
2560 1995 2916 2051 sacrosancta
2945 2012 3111 2063 crux,
3153 1997 3304 2051 uelut
3342 1996 3526 2067 fatale

102 2068 311 2137 pignus
340 2066 492 2122 sacri
523 2068 701 2136 requi,
722 2066 846 2135 jam
876 2066 1134 2121 manibus
1152 2067 1337 2119 minus
1362 2064 1571 2120 sanctis
1601 2065 1964 2121 tractabatur.
1999 2067 2227 2120 Exstant
2258 2065 2409 2120 illius
2441 2066 2701 2137 temporis
2748 2067 2985 2137 aequales
3032 2073 3309 2137 auctores,
3337 2083 3523 2125 sacer-

110 2139 257 2192 dotes
286 2138 473 2207 [uisse
497 2137 727 2207 novitiis
753 2138 1147 2207 sceleribusque
1172 2136 1267 2192 obt
1285 2145 1402 2192 ulos
1420 2153 1441 2192 .·
1470 2140 1634 2207 alque
1663 2137 1784 2193 ideo
1814 2135 1994 2206 ipsum
2032 2137 2433 2208 patriarcham,
2472 2152 2648 2209 neque
2692 2147 2838 2194 caste
2886 2153 3063 2211 neque
3109 2138 3320 2211 integre
3358 2141 3528 2197 vitam

174 2224 300 2264 isse.

110 2226 295 2335 &Nos
322 2295 469 2335 vero
496 2282 566 2336 ad
600 2282 801 2337 nostra
830 2279 1158 2336 redeamus.
1191 2278 1520 2334 Scribendae
1551 2278 1801 2334 historiae
1830 2278 2140 2336 consilium
2185 2277 2357 2352 longe
2410 2283 2544 2337 ante
2591 2284 2843 2351 ceperat,
2893 2295 3072 2351 quam
3123 2282 3436 2354 inciperet;
3467 2286 3527 2340 et

110 2352 177 2406 ad
208 2356 457 2407 tantum
489 2367 637 2423 opus
670 2351 992 2408 necessaria
1012 2355 1295 2421 coegerat.
1329 2349 1515 2421 Coepit
1543 2351 1779 2405 tandem
1813 2350 2084 2422 precibus
2111 2350 2387 2409 amalrici
2422 2351 2577 2423 regis
2606 2352 2851 2422 (praefat.
2889 2358 2947 2408 et
2975 2358 3230 2410 extremo
3269 2353 3374 2409 lib.
3405 2354 3521 2426 xx).

108 2422 559 2479 ‘traditionibus
593 2424 944 2492 instructus,
976 2428 1033 2479 et
1062 2421 1295 2479 oculata
1326 2422 1465 2488 tide;
1510 2421 1667 2477 nulla
1717 2426 2009 2491 scriptura
2059 2423 2340 2493 praeduce.
2389 2422 2513 2479 Non
2558 2422 2767 2495 legisse
2807 2425 3135 2479 studiosum
3183 2429 3240 2480 et
3286 2424 3526 2482 doctum

110 2495 449 2561 bominem,
481 2492 579 2566 qui
609 2494 1101 2560 transfretaverat,
1134 2502 1189 2549 et
1221 2497 1284 2549 ut
1315 2498 1440 2548 tum
1471 2491 1877 2563 loquebantur,
1910 2492 2086 2548 etiam
2123 2493 2664 2564 transalpinaverat,
2695 2499 2779 2550 tot
2808 2496 2877 2551 de
2923 2495 3033 2551 bac
3078 2497 3171 2551 via
3217 2496 3405 2553 editos
3451 2495 3525 2551 li·

112 2566 243 2623 bros
272 2566 353 2620 ab
388 2566 465 2621 iis
496 2563 593 2634 qui
624 2566 777 2620 inter
804 2566 1055 2622 viatores
1086 2567 1335 2629 fuerant,
1378 2562 1673 2634 probabile
1703 2580 1819 2619 non
1849 2568 1955 2619 est.
1985 2566 2295 2620 ordericus
2325 2565 2692 2637 supradictus
2730 2564 2955 2633 Vitalis,
2993 2566 3205 2623 inultos
3225 2568 3370 2623 alios
3403 2571 3524 2624 tam

116 2636 459 2692 latinorum
493 2653 668 2707 quam
700 2637 1026 2692 Grecorum
1060 2637 1132 2691 de
1164 2641 1279 2692 tam
1312 2637 1689 2692 memoranda
1719 2651 1778 2690 re
1807 2640 2089 2691 tractasse
2123 2642 2422 2691 memorat.
2475 2636 2591 2692 Nos
2631 2638 2892 2692 Graecum
2946 2654 3128 2693 unum
3177 2639 3430 2695 vidimus
3462 2639 3523 2695 iu

116 2708 293 2779 Regia
332 2707 722 2776 Bibliotheca,
758 2710 1032 2763 beneficio
1065 2708 1247 2763 isaaci
1279 2706 1617 2762 Casaubono
1651 2708 1744 2760 vul
1791 2706 1874 2761 ari
1911 2707 2106 2776 lingua
2145 2708 2452 2777 scriptum,
2482 2707 2692 2763 loanni
2742 2708 2993 2764 Meursio
3025 2711 3226 2766 crebro
3270 2711 3521 2767 citatum

117 2781 173 2835 in
207 2779 421 2834 Lexico
453 2778 898 2834 Graecobarbaro
931 2797 944 2834 :
980 2780 1028 2833 is
1068 2784 1265 2834 autem
1306 2794 1539 2834 sacrum
1600 2778 1708 2833 boc
1806 2777 1981 2833 ellum
2039 2779 2348 2849 (quantum
2412 2779 2679 2850 memini)
2737 2796 2851 2834 una
2900 2790 2995 2835 aut
3052 2783 3231 2837 altera
3288 2785 3520 2837 tantum

118 2849 343 2922 pagella
377 2851 736 2921 perstringit.
770 2853 877 2906 Sed
912 2850 1252 2921 neglexisse,
1285 2857 1341 2906 et
1375 2866 1476 2919 pro
1509 2848 1686 2904 nullis
1717 2848 1991 2904 babuisse
2019 2850 2246 2905 videtur
2277 2855 2493 2917 noster,
2528 2866 2655 2918 quae
2687 2856 2744 2905 et
2771 2850 2869 2906 alii
2912 2851 3047 2907 olim
3105 2852 3518 2923 praedicaruut,

121 2928 169 2975 et
198 2939 309 2978 nos
340 2927 507 2977 tanto
537 2922 735 2977 studio
765 2929 938 2991 atque
968 2930 1208 2991 sumptu
1237 2921 1586 2991 colligimus.
1622 2919 1817 2990 Usque
1846 2920 1920 2974 nd
1952 2936 2189 2992 regnum
2224 2921 2490 2976 Balduini
2522 2921 2598 2976 ΙΙΙ
2623 2923 2794 2992 regis,
2829 2925 2981 2993 quod
3016 2923 3218 2995 incipit
3260 2923 3360 2978 lib.
3403 2940 3518 2992 xvt,

118 3009 181 3049 ex
209 2994 475 3050 aliorum
517 2992 817 3062 relatione,
847 2993 1073 3065 quibus,
1105 2998 1170 3048 ut
1209 2992 1308 3059 ait,
1341 2995 1508 3061 prisci
1561 2994 1818 3062 temporis
1870 2991 2088 3061 plenior
2125 2991 2304 3048 adbuc
2357 2992 2738 3061 tumulabatur
2782 2993 3070 3062 memoria,
3125 2995 3518 3053 narrationem

120 3065 419 3121 contexuit
441 3107 455 3120 .
484 3066 785 3136 sequentia
816 3069 916 3121 aut
943 3065 1067 3133 ipsc
1098 3065 1259 3129 vidit,
1292 3071 1395 3119 aut
1429 3066 1499 3119 de
1529 3064 1601 3119 iis
1633 3065 1732 3135 qui
1768 3064 1940 3118 rebus
1970 3065 2107 3132 ipsis
2136 3064 2533 3130 interfuerant,
2557 3065 2776 3131 bausit,
2810 3066 2897 3121 uti
2929 3071 3180 3122 testatur
3210 3069 3336 3139 ipse
3365 3084 3512 3138 pro·

124 3138 211 3191 [ιι.
242 3138 351 3192 lib.
385 3152 524 3203 xvt;
556 3136 656 3192 sed
688 3143 747 3192 et
775 3137 870 3190 lib.
909 3153 1010 3202 xu,
1041 3145 1211 3207 caput
1236 3136 1303 3190 24
1337 3137 1437 3198 ait,
1468 3136 1661 3190 audita
1693 3150 1754 3190 se
1787 3137 1995 3190 referre
2023 3152 2057 3189 a
2084 3135 2409 3190 senioribus
2439 3136 2790 3205 quibusdam
2814 3137 2914 3209 qui
2941 3144 3277 3194 constanter
3299 3155 3515 3195 assere·

124 3209 256 3262 bant
288 3224 359 3263 se
390 3207 685 3278 predictis
706 3208 1348 3264 omnibusintersuisse.
1377 3206 1569 3276 Neque
1600 3222 1713 3262 uno
1744 3206 1974 3277 spiritu,
2008 3206 2115 3262 hoc
2149 3207 2400 3278 spatium
2427 3208 2710 3274 confecit3
2745 3209 2835 3263 bis
2864 3208 3056 3280 palam
3089 3210 3511 3280 interquiescit,

120 3285 171 3333 et
189 3280 347 3334 velut
380 3279 641 3334 animam
665 3285 838 3350 atque
865 3278 1127 3334 animum
1153 3279 1347 3350 recipit
1374 3276 1495 3349 (illo
1517 3278 1643 3348 ipso
1665 3277 1811 3333 libro
1839 3281 1955 3346 xvi)
1978 3285 2256 3345 tanquam
2290 3278 2535 3335 certiora
2557 3279 3129 3353 deincepsediturus,
3161 3287 3219 3338 et
3243 3282 3513 3338 absoluto

122 3350 213 3407 lib.
246 3364 377 3405 xxu
408 3350 691 3406 accedens
718 3352 789 3405 ad
823 3352 1019 3422 patriai
1051 3355 1310 3405 extrema
1338 3350 1740 3414 describenda,
1764 3349 2001 3403 invitus.

181 3421 311 3477 Non
347 3420 707 3491 imposuisse
737 3422 892 3493 operi
917 3421 1205 3477 utlissimo
1227 3421 1493 3476 ultimam
1518 3435 1757 3475 manum
1776 3426 2051 3491 apparet:
2081 3426 2287 3476 namet
2309 3421 2574 3491 quoedam
2607 3422 2818 3495 reperit
2858 3430 3029 3494 atque
3072 3423 3346 3494 inculcat,
3378 3441 3510 3497 quae

122 3492 295 3549 semel
328 3493 549 3548 dixisse
576 3493 884 3549 suffecerat
913 3511 925 3549 :
959 3494 1225 3564 quaedam
1258 3509 1367 3547 non
1398 3491 1570 3558 dicta,
1602 3490 1803 3546 leviter
1830 3492 2014 3562 tangit
2042 3496 2327 3565 tanquam
2355 3494 2475 3563 jam
2510 3494 2792 3566 explicata
2825 3511 2839 3551 :
2872 3510 2978 3549 neo
3007 3501 3263 3568 tempora
3294 3498 3512 3569 ubique

124 3565 500 3638 respondent.
535 3564 890 3630 Praelatione,
926 3569 1263 3636 praesentem
1298 3569 1421 3618 tum
1455 3578 1672 3618 annum
1706 3568 1841 3618 nota
1873 3566 2031 3625 1184,
2117 3579 2242 3619 uem
2296 3563 2398 3620 lib.
2450 3581 2483 3618 1.
2516 3582 2565 3619 c.
2597 3566 2652 3631 2,
2707 3565 2842 3621 facit
2880 3565 3040 3629 1182,
3091 3567 3384 3637 quomodo
3435 3569 3510 3624 le-

124 3637 379 3707 gendum
404 3635 524 3691 flue
552 3652 604 3690 c.
633 3634 700 3690 21
734 3635 835 3693 lib.
867 3652 984 3702 xtx,
1013 3635 1106 3691 ubi
1140 3637 1310 3706 vulgo
1346 3640 1579 3689 notatur
1607 3650 1795 3689 annus
1826 3635 1984 3689 1172.
2013 3637 2076 3688 Ει
2122 3635 2243 3689 ibro
2274 3651 2388 3702 xxi,
2419 3652 2546 3706 cap.
2579 3637 2651 3689 26
2681 3638 2780 3699 ait,
2819 3635 3079 3692 Ecclesiae
3111 3638 3351 3709 Tyrensi
3384 3645 3509 3694 tum

124 3723 179 3763 se
207 3707 486 3779 profuise
511 3724 692 3763 annos
711 3723 831 3774 sex,
867 3708 1017 3777 quod
1049 3707 1254 3761 incidit
1285 3708 1340 3761 in
1373 3722 1591 3761 annum
1630 3705 1783 3761 1180.
1818 3705 1896 3760 Ex
1937 3706 2172 3777 quibus,
2201 3706 2351 3777 quod
2371 3710 2492 3775 Jam
2535 3705 2652 3761 dixi
2697 3712 2943 3775 constat,
2992 3724 3070 3762 sae
3118 3709 3208 3764 ius
3265 3709 3509 3767 diversis

124 3777 486 3849 temporibus
517 3793 756 3835 manum
788 3778 923 3835 huic
954 3781 1113 3850 operi
1143 3777 1510 3844 admovisse;
1543 3781 1602 3832 et
1630 3776 1834 3832 ultimo
1865 3775 1989 3833 loco
2019 3776 2071 3831 ei
2102 3779 2378 3848 scriptam
2410 3793 2535 3832 eam
2571 3781 2792 3846 partem
2822 3793 2954 3848 quoe
2981 3777 3056 3834 ho
3104 3780 3154 3834 ie
3196 3780 3381 3849 prima
3425 3779 3509 3838 le·

123 3851 294 3921 gitur.
330 3850 507 3905 Libro
534 3865 675 3918 xxti,
706 3866 830 3921 cap.
860 3852 895 3904 7
924 3854 982 3905 et
1011 3850 1097 3910 13.
1130 3850 1200 3904 do
1232 3864 1292 3905 re
1319 3847 1596 3918 loquitur,
1631 3864 1757 3919 quae
1783 3863 1915 3904 cum
1956 3846 2249 3914 scriberet,
2281 3846 2587 3919 gerebatur
2618 3864 2634 3904 τ
2661 3848 2874 3904 dicitur
2901 3849 3175 3917 obsidere,
3214 3850 3428 3922 inquit,
3457 3860 3511 3909 et

120 3920 521 3994 frequentibus,
552 3937 703 3977 more
722 3920 927 3990 hostili,
963 3921 1285 3993 impugnare
1313 3921 1798 3990 conqressionibus,
1837 3923 1947 3974 etc.
1998 3919 2154 3991 Opus
2203 3918 2322 3974 sive
2370 3918 2665 3986 volumen,
2716 3918 2881 3975 libris
2938 3919 3230 3990 dixtinxit,
3258 3937 3406 3994 quos
3452 3928 3511 3980 et

124 3998 411 4049 tractatus
442 3998 609 4048 vocnt
629 4010 643 4060 ;
667 3992 862 4061 libros,
894 3994 1201 4064 capitibus.
1237 3992 1443 4047 Libros
1474 4000 1665 4047 autem
1697 3990 1930 4062 scripsit
1951 4005 2108 4056 xxm,
2142 3995 2206 4045 ut
2234 3989 2359 4061 ipse
2386 3995 2592 4046 auctor
2618 3995 2708 4047 est
2735 3989 2793 4045 in
2819 3991 3149 4063 praefatione
3176 4008 3188 4048 :
3223 3995 3324 4050 sed
3356 3996 3508 4051 vice-

122 4066 339 4120 simum
370 4071 427 4119 et
457 4064 691 4119 tertium
725 4079 840 4121 non
870 4064 1189 4121 absolvisse
1217 4063 1351 4119 inde
1378 4067 1641 4133 apparet,
1664 4062 1816 4134 quod
1851 4077 1993 4117 mss.
2027 4066 2248 4117 veteres
2281 4061 2453 4132 paulo
2481 4067 2613 4133 post
2663 4064 2791 4134 ejus
2838 4068 3064 4120 aetatem
3114 4066 3354 4132 exarati,
3406 4081 3512 4123 nee

123 4151 233 4193 una
262 4133 531 4192 litterula
563 4135 709 4191 alter
738 4135 921 4192 altero
951 4135 1085 4208 plus
1114 4136 1378 4192 minusve
1409 4134 1636 4201 babeat,
1678 4150 1783 4189 nec
1830 4134 2138 4204 praeposita
2176 4132 2344 4190 libris
2392 4133 2645 4203 capitula
2686 4138 2894 4206 prater
2940 4150 3008 4190 ea
3053 4152 3184 4207 quae
3224 4135 3513 4195 habemus

123 4208 452 4279 quidquam
487 4207 847 4277 promittant.
871 4208 1092 4263 Etcum
1125 4205 1329 4263 Gallici
1359 4206 1696 4276 interpretes
1728 4203 2029 4260 historiam
2063 4203 2315 4274 longius,
2356 4205 2531 4261 etiam
2576 4205 2724 4262 ultra
2767 4205 3056 4263 Guillelmi
3107 4213 3371 4275 mortem,
3403 4209 3515 4265 de-

124 4280 419 4344 duxerint,
450 4294 608 4334 unus
637 4283 831 4334 tamen
866 4278 1160 4334 Palatinus
1195 4276 1727 4350 Heydelbergensis,
1761 4292 1865 4332 nec
1897 4274 2135 4331 verbulo
2163 4276 2428 4331 Latinum
2461 4278 2700 4333 excedit.
2734 4277 2875 4333 Nam
2906 4278 3043 4349 quid
3076 4279 3214 4336 velit
3257 4280 3512 4338 Joannes

122 4349 355 4418 ilerum,
388 4365 506 4404 non
539 4350 722 4419 capio,
755 4367 888 4405 cum
923 4351 1257 4421 praefatione
1286 4348 1741 4405 continuationis
1773 4364 1893 4403 suae
1928 4348 2065 4402 Belli
2096 4349 2266 4414 sacri,
2300 4349 2402 4415 uit,
2431 4349 2500 4404 ad
2547 4348 2816 4405 Friderici
2862 4352 2910 4406 11
2955 4351 3183 4419 Auqust.
3233 4366 3514 4410 exceoeum

122 4437 310 4493 usque,
352 4420 649 4477 historiam
678 4438 835 4477 suam
863 4422 1112 4478 eumdem
1143 4420 1495 4478 Guillelmum
1522 4418 1838 4490 perfecisse,
1871 4434 2198 4489 maqnorum
2244 4420 2492 4475 vivorum
2531 4421 2866 4488 testimonio,
2914 4421 3181 4489 iuratum.
3230 4423 3310 4480 Ea
3354 4425 3514 4481 enim

124 4495 349 4550 ratione
379 4498 722 4561 superasset
749 4494 994 4549 vivendo
1021 4510 1206 4549 annos
1233 4497 1461 4547 centum
1484 4499 1533 4547 et
1561 4490 1788 4561 viginti,
1830 4489 1945 4544 nisi
1975 4490 2225 4547 velimus
2259 4490 2504 4548 Heroldo
2543 4491 2761 4547 dictum
2812 4492 3180 4549 Fredericum
3231 4494 3512 4566 primum,

120 4582 217 4635 pro
249 4562 1097 4636 secundo.1tasuil'ragatorem
1122 4566 1365 4620 fortasse
1388 4563 1625 4618 baberet
1649 4563 1702 4616 P.
1726 4561 2047 4629 AEmilium,
2082 4570 2142 4618 ut
2173 4564 2368 4618 statim
2403 4564 2688 4620 dicemus.
2721 4564 2844 4618 Illic
2876 4563 3052 4632 igitur
3090 4566 3373 4631 substitit,
3405 4581 3514 4622 ne-

121 4637 287 4706 gotiis
320 4642 623 4704 avocatus,
656 4643 711 4693 et
742 4643 926 4693 morte
953 4645 1275 4708 praeventus
1299 4654 1312 4695 ;
1337 4637 1533 4690 animo
1552 4643 1739 4688 tamen
1766 4635 2166 4705 persequendi,
2192 4635 2547 4705 propositum
2571 4635 2792 4691 babens
2812 4651 3101 4690 numerum
3127 4638 3293 4691 eliam
3311 4651 3517 4707 aupere

122 4709 417 4776 librorum,
447 4722 552 4778 pro
580 4709 906 4779 quantitate,
940 4709 1150 4778 inquit,
1184 4708 1515 4762 occurrentis
1545 4706 1790 4760 materiae
1819 4721 1839 4758 .·
1871 4720 2001 4759 cum
2037 4710 2206 4760 antea
2236 4706 2636 4761 constituisset
2667 4707 3000 4775 languorem
3047 4709 3259 4774 patriae,
3292 4712 3349 4762 et
3377 4723 3514 4765 suo·

121 4795 243 4836 rum
278 4778 525 4835 ultimos
546 4779 806 4835 delectus
838 4796 952 4834 non
986 4782 1265 4849 attingere
1285 4777 1472 4850 tprael'.
1504 4775 1696 4848 operis
1726 4781 1785 4831 et
1809 4773 1913 4831 lib.
1947 4777 2129 4846 xxtu).
2163 4777 2267 4842 Qui
2301 4777 2535 4848 quidem
2568 4777 2667 4831 lib.
2699 4793 2840 4832 xxtn
2868 4779 2923 4831 in
2956 4778 3277 4849 Anglicano
3307 4777 3515 4835 Canta·

122 4849 410 4924 brigiensi
447 4849 925 4923 legiturjunctus
956 4851 1227 4906 vicesimo
1258 4849 1534 4915 secundo,
1565 4848 1912 4919 exscriptore
1937 4848 2234 4915 judicante
2258 4864 2431 4903 unam
2455 4850 2624 4903 istam
2647 4849 3007 4902 autalteram
3061 4847 3365 4919 pagellam,
3396 4865 3514 4907 non

121 4937 243 4978 esse
276 4923 519 4994 proprio
550 4921 698 4978 libro
728 4923 1185 4979 inscribendam.
1218 4922 1419 4976 Annos
1450 4919 1788 4990 complexus
1816 4926 1903 4974 est
1935 4920 2047 4973 lere
2078 4928 2330 4998 centum,
2364 4919 2418 4974 id
2450 4923 2560 4986 est,
2586 4924 2649 4974 ut
2676 4925 2878 5043 postea
2913 4920 3168 4976 exactius
3196 4919 3321 4992 ipse
3350 4937 3519 4978 com-

122 5001 307 5064 putat,
335 4993 633 5064 octoginta
663 5003 913 5065 quatuor
938 4994 1341 5065 (praefatione).
1375 4993 1436 5047 ln
1468 4991 1710 5046 veritate
1741 4990 2045 5061 quaerenda
2075 4988 2346 5059 diligens,
2383 4993 2540 5057 patet
2568 5005 2638 5044 ex
2700 4991 2780 5045 ib.
2813 5004 2891 5056 tx,
2934 5006 3062 5061 cap.
3099 4991 3185 5058 16,
3224 4991 3312 5060 17,
3336 4993 3396 5062 7,
3422 4993 3516 5063 20,

124 5065 203 5120 18.
238 5070 307 5121 ln
343 5063 546 5120 dubiis
578 5080 900 5136 suspensus
930 5070 986 5122 et
1026 5064 1354 5137 religiosus,
1390 5065 1547 5133 patet
1578 5061 1673 5117 lib.
1701 5077 1842 5130 xxti,
1874 5077 1998 5130 cap.
2034 5061 2069 5114 5
2111 5060 2231 5126 lin.,
2261 5063 2316 5127 8,
2347 5061 2440 5124 25,
2471 5061 2538 5112 27
2573 5061 2696 5127 lin„
2727 5065 2784 5116 et
2810 5059 2912 5116 lib.
2949 5079 3042 5130 xx,
3072 5079 3198 5133 cap.
3230 5065 3322 5133 20,
3354 5064 3514 5120 alibi.

124 5137 199 5193 Ita
246 5152 323 5193 ue
353 5140 417 5192 et
448 5137 724 5206 recentia,
750 5140 816 5192 ut
844 5138 913 5192 ad
948 5153 1191 5208 quorum
1216 5137 1273 5191 in
1324 5133 1625 5189 uirendam
1651 5133 1947 5187 veritatem
1992 5137 2223 5201 tempus
2255 5131 2520 5197 defuerit,
2555 5132 2729 5187 dubie
2760 5132 2934 5188 rel'ert
2960 5133 3086 5203 (lib.
3110 5151 3251 5201 xxii,
3272 5152 3398 5206 oap.
3426 5134 3513 5204 19,

122 5214 221 5265 etc.
254 5248 271 5264 .
306 5206 623 5264 Generalis
651 5223 1028 5280 persequens,
1054 5208 1289 5280 speciali
1339 5223 1407 5260 us
1440 5221 1554 5260 non
1589 5203 1833 5259 multam
1856 5203 1952 5257 dat
1984 5218 2220 5272 operam
2252 5202 2379 5272 (lib.
2401 5219 2539 5266 xvii,
2571 5219 2696 5273 cap.
2729 5204 2843 5276 24).
2882 5203 3302 5274 Occupationes
3339 5220 3516 5262 excu-

122 5286 206 5336 sat
237 5280 517 5353 publicas
549 5279 934 5352 privatasque,
960 5281 1008 5335 si
1041 5281 1177 5352 quid
1215 5281 1357 5334 forte
1386 5275 1600 5332 excidit
1620 5291 1735 5346 quo
1775 5273 1957 5328 lector
2012 5274 2339 5329 offendatur
2372 5275 2776 5347 (praelatione).
2836 5275 2976 5330 Toto
3025 5277 3275 5347 denique
3321 5292 3516 5347 opere,

122 5367 295 5422 quam
310 5349 619 5478 ‘promittit
636 5352 990 5423 praelatione,
1010 5352 1363 5417 etostendat,
1384 5346 1748 5413 modestiam,
1770 5345 2162 5417 prudentiam,
2188 5346 2480 5417 pietatem,
2501 5352 2754 5416 praestat.
2780 5346 3105 5402 Heraclium
3129 5346 3517 5418 patriarcham

120 5423 237 5480 sine
268 5438 307 5479 o
352 5423 409 5478 io
444 5426 751 5491 memorat,
782 5423 898 5478 line
927 5439 1054 5494 cap.
1087 5423 1141 5494 ⁴,
1175 5421 1273 5477 lib.
1306 5436 1443 5476 xxu.
2753 5487 2764 5498 .

180 5495 460 5568 iniquior
488 5497 737 5551 fortasse
764 5494 1020 5551 videatur
1046 5493 1291 5550 Gnidoni
1325 5490 1629 5559 Liziniaco,
1661 5487 1855 5544 comiti
1884 5487 2186 5557 Joppensi‚
2218 5503 2393 5559 quem
2422 5491 2731 5558 postquam
2751 5502 3032 5558 imparem
3056 5488 3283 5545 vit-ibus
3299 5493 3358 5547 et
3379 5506 3522 5562 prn-

120 5566 315 5624 dentia
345 5564 615 5629 dixisset,
646 5564 947 5622 bominem
976 5570 1142 5623 vocat
1161 5563 1523 5638 incoqnitum,
1554 5560 1912 5616 indiscretum
1939 5564 1992 5614 et
2020 5561 2236 5632 penitus
2275 5561 2536 5616 inutilem
2563 5558 2692 5633 (tib.
2721 5574 2864 5625 xxti,
2903 5575 3031 5633 cap.
3070 5562 3140 5616 25
3186 5567 3245 5618 et
3278 5561 3395 5634 27).
3447 5561 3522 5620 Ut

118 5637 223 5698 alia
252 5653 401 5695 vera
430 5637 573 5705 sint,
604 5645 667 5694 ut
696 5653 809 5693 non
846 5643 1036 5694 sunta
1057 5652 1186 5693 vero
1208 5636 1458 5692 multum
1473 5631 1685 5702 aliena,
1705 5631 2068 5702 incognitum
2093 5648 2206 5687 non
2230 5631 2432 5689 debuit
2454 5632 2642 5687 dicere
2678 5646 2848 5702 quem
2882 5631 3148 5703 ejusdem
3177 5634 3308 5689 libri
3340 5649 3466 5705 cap.
3495 5649 3516 5688 1

118 5710 334 5768 dixerat
354 5707 507 5767 satis
529 5707 807 5781 nobilem,
826 5707 1087 5782 lingonis
1106 5706 1283 5764 Bruni
1314 5706 1541 5762 illium:
1574 5719 1709 5761 eum
1741 5706 1798 5758 et
1815 5707 2117 5773 nugonem
2149 5702 2626 5774 bisiniacensem,
2655 5707 2714 5758 et
2741 5702 3054 5776 Rugosam
3097 5706 3177 5760 ns
3205 5704 3554 5770 xixexaxun,

120 5779 599 5858 cognominatum
628 5779 911 5856 Brunum,
941 5784 1442 5840 commemorasset
1478 5775 1578 5834 lib.
1612 5793 1667 5843 x,
1690 5790 1816 5850 cap.
1852 5773 1943 5847 19,
1973 5777 2030 5833 et
2057 5773 2164 5835 lib.
2213 5793 2337 5851 xix,
2389 5794 2523 5855 cap.
2557 5775 2628 5848 8,
2675 5789 2822 5835 cum
2873 5776 3091 5836 sanem
3137 5773 3406 5832 tstsffixs.
3459 5771 3569 5826 ka·
