3784 6000
186 302 261 364 51
1054 347 1059 354 .
1240 288 1585 353 annuns!
1628 284 2150 350 Lexovlsnffls
2193 283 2538 346 Episcopi
3515 289 3597 349 52

188 436 459 507 inquam,
485 449 603 492 non
627 430 873 490 insidiae
894 428 1179 497 bostium,
1201 444 1319 485 uon
1340 425 1568 483 itineris
1586 421 1834 481 difficul-
1862 424 1918 490 Α
1942 420 2116 479 batur
2132 421 2407 490 Ecclesia,
2430 421 2747 495 omnisque
2767 422 2982 496 ubique
3004 423 3206 498 religio
3225 427 3594 484 commenda·

190 528 363 593 tates,
396 541 515 582 non
562 524 714 580 aeris
743 519 1175 592 intemperiem,
1220 533 1335 573 non
1378 514 1622 587 injurias
1655 513 1837 570 maris

191 615 515 682 attendens,
553 627 623 669 ea
650 616 805 669 certe
836 609 1072 676 fiducia,
1103 607 1382 680 quoniam
1415 606 1625 661 merita
1646 608 1838 660 vestra

190 703 522 776 procedent
553 700 760 758 faeiem
783 714 1000 766 meam,
1029 702 1107 765 et,
1129 697 1247 753 Deo
1276 695 1526 766 volente,
1548 694 1619 750 de
1650 693 1837 750 omni-

190 794 306 850 bus
335 793 482 849 locis
537 790 833 847 obstantia
878 786 1153 860 quelibet
1192 786 1565 842 amovebunt.
1598 783 1837 840 Interim

192 881 568 938 indicandum
599 878 767 935 vobis
814 876 1013 934 censui
1071 874 1408 949 compositae
1465 873 1839 931 necessitatis

190 970 495 1037 astutiam,
522 984 647 1042 quae
676 983 772 1024 me
793 985 829 1024 a
860 966 1037 1039 regiis
1064 964 1550 1038 occupationibus
1595 961 1841 1018 reddidit

192 1059 549 1117 absolutum.
614 1058 1071 1129 asportaverunt
1113 1055 1391 1112 Silvester
1435 1052 1839 1109 thesaurarius

191 1149 449 1206 ecclesiae
481 1164 642 1215 rneae,
674 1152 731 1203 et
759 1147 1014 1203 Joannes
1043 1161 1221 1216 nepos
1247 1142 1542 1215 Sagiensis
1580 1141 1837 1215 episcopi

193 1238 267 1296 ad
287 1238 689 1294 Cenomanum
706 1235 1274 1293 etAbrinconensem
1287 1235 1595 1306 episcopos
1615 1232 1839 1289 litteras

194 1343 231 1383 a
257 1326 396 1383 sede
422 1330 637 1393 vestra,
656 1340 836 1397 super
851 1324 1205 1396 quibusdam
1229 1322 1428 1379 causis
1450 1322 1728 1377 adversus
1747 1338 1840 1378 me

194 1414 417 1487 absque
456 1416 616 1471 omni
670 1411 1076 1486 appellationis
1125 1413 1382 1468 remedio
1429 1411 1834 1467 terminandis.

194 1506 454 1573 Quarum
484 1504 801 1575 cognitioni
823 1503 1129 1560 dominum
1162 1500 1511 1557 willelmum
1551 1500 1835 1557 Parisien-

194 1609 343 1661 sem,
365 1598 580 1651 sanctae
605 1594 879 1650 Romana
910 1591 1180 1648 Ecclesiae
1201 1590 1575 1659 cardinalem,
1596 1590 1842 1663 contigit

192 1681 501 1752 interesse,
522 1682 768 1755 ipsoque
800 1689 1078 1754 praesente
1100 1681 1414 1752 praedictus
1434 1679 1839 1735 thesaurarius

194 1787 401 1829 omnes
430 1771 830 1844 querimonias
857 1787 1008 1842 quas
1040 1770 1291 1826 habebat
1322 1769 1590 1825 refutavit
1622 1770 1680 1824 in
1715 1786 1839 1824 ma-

194 1858 371 1918 nibus
390 1860 689 1933 judicum,
720 1867 776 1917 et
790 1860 945 1932 quod
975 1874 1076 1915 eas
1106 1861 1415 1914 adversum
1441 1874 1533 1914 me
1562 1856 1840 1929 deinceps

195 1965 313 2006 non
335 1954 586 2006 moveret
605 1948 720 2006 fide
732 1946 1542 2019 corporaliterinterveniente
1566 1946 1835 2002 firmavit.

188 2039 308 2112 Ego
338 2045 529 2096 autem
556 2037 608 2095 ei
636 2052 839 2094 eorum
872 2036 1289 2093 intercessione
1321 2037 1565 2104 gratiam
1588 2036 1835 2104 reddidi,

187 2134 264 2195 et,
291 2125 425 2183 licet
451 2126 717 2197 ingratus
740 2125 1200 2195 manifestusque
1230 2125 1618 2181 calumniator
1639 2125 1697 2181 in
1721 2141 1838 2181 om-

186 2214 366 2273 nibus
392 2219 716 2287 appareret,
747 2214 1027 2272 delictum
1059 2229 1232 2270 omne
1261 2229 1329 2269 ea
1360 2230 1485 2284 quae
1520 2213 1834 2285 plurimum

191 2302 343 2360 inter
371 2302 812 2361 necessitudine
833 2304 1074 2374 junctos
1121 2301 1386 2368 vertitur,
1436 2301 1712 2359 facilitate
1743 2318 1830 2358 re-

186 2392 576 2449 misi.Verum
598 2396 877 2459 Joannes‚
892 2408 1023 2448 cum
1043 2392 1175 2447 hinc
1200 2392 1335 2448 inde
1356 2391 1683 2448 rationibus
1705 2392 1834 2448 dili-

183 2485 393 2554 genter
421 2480 639 2537 auditis
671 2480 1023 2537 contrariam
1072 2481 1426 2537 sententiam
1458 2486 1829 2551 reportasset,

185 2571 260 2628 ad
290 2569 569 2628 solatium
596 2570 962 2626 confusionis
991 2587 1110 2626 suoe
1134 2571 1320 2641 magis
1339 2585 1516 2642 quam
1547 2572 1617 2626 ad
1641 2587 1831 2628 causae

183 2659 513 2717 remedium
544 2658 744 2716 sedem
771 2657 1152 2731 apostolicam
1182 2660 1253 2714 ad
1274 2659 1393 2715 Kal.
1428 2661 1704 2717 Februar.
1728 2679 1829 2734 ap·

182 2746 435 2822 pellavit,
452 2747 586 2804 licet
604 2746 676 2803 de
698 2746 890 2804 medio
902 2763 1135 2803 omnem
1156 2747 1488 2820 appellandi
1508 2748 1828 2817 licentiam,

185 2853 253 2895 eo
284 2837 440 2910 quod
472 2837 598 2909 ipse
627 2853 662 2893 a
690 2837 855 2893 vobis
886 2841 1282 2909 reportaverat
1325 2838 1581 2905 oraculo,
1632 2844 1830 2895 sustu-

186 2927 368 2985 lisset.
424 2928 569 2984 Cum
622 2927 813 3000 itaque
861 2929 1034 2984 rebus
1072 2929 1351 2999 Judicatis
1408 2931 1683 2986 standum
1727 2930 1826 3002 sit,

184 3018 501 3091 presertim
524 3017 621 3076 ubi
653 3017 813 3075 nulla
843 3023 1089 3090 possunt
1113 3018 1501 3091 appellatione
1524 3022 1826 3092 suspendi,

181 3111 402 3164 certum
435 3114 517 3163 est
538 3107 679 3179 quia
696 3108 766 3164 ad
799 3107 1224 3164 refricationem
1251 3109 1327 3163 rei
1346 3110 1625 3179 judicatae
1665 3109 1827 3165 nulla

182 3211 276 3252 me
306 3196 667 3253 necessitatis
702 3196 883 3252 trahit
909 3196 1208 3266 instantia,
1252 3199 1352 3253 sed
1392 3203 1648 3268 optatam
1688 3198 1828 3255 duxi
1862 3179 1906 3245 C

182 3284 256 3343 de
285 3283 676 3357 appellatione
704 3285 1027 3350 materiam,
1054 3302 1124 3342 ne
1152 3292 1406 3343 vestram
1439 3288 1659 3343 scilicet
1680 3289 1831 3345 vide-

180 3387 274 3431 rer
292 3374 680 3432 reverentiam
696 3374 1045 3447 neglexisse,
1058 3375 1105 3431 si
1128 3381 1468 3446 provocatus
1484 3378 1551 3432 ad
1577 3381 1828 3433 vestram

185 3462 556 3535 praesentiam
585 3478 703 3519 non
734 3463 1046 3521 venissem.
1081 3467 1360 3520 Caeterum
1394 3465 1530 3536 quia
1561 3468 1646 3522 tot
1676 3466 1833 3538 peri-

180 3549 312 3609 cula
349 3550 551 3609 fallere
603 3552 913 3609 temeraria
965 3552 1335 3611 festinatione
1395 3571 1510 3610 non
1561 3571 1827 3627 possum,

181 3640 468 3712 oportebit
500 3657 593 3696 me
624 3641 887 3697 fortassis
937 3643 1009 3698 ad
1057 3643 1516 3713 complanandos
1547 3646 1829 3699 transitus

177 3732 237 3787 ot
268 3729 746 3802 preparationem
769 3731 1095 3786 securitatis
1118 3732 1439 3804 spatiosum
1462 3736 1698 3803 tempus
1723 3733 1829 3788 im·

178 3818 475 3891 penderet.
492 3818 742 3891 Ideoque
760 3819 806 3875 si
830 3819 1086 3876 Joannes
1107 3820 1204 3875 ille
1227 3822 1582 3894 praevenerit,
1609 3822 1828 3877 bonum

179 3906 345 3963 vobis
375 3908 479 3962 erit
500 3915 555 3962 et
587 3908 727 3963 utile
749 3914 816 3964 ut
852 3910 1046 3982 ipsum
1079 3927 1265 3983 usque
1298 3912 1365 3966 ad
1401 3917 1665 3966 nostrum
1689 3912 1828 3967 deti-

181 3991 372 4048 neatis
403 3993 736 4062 adventum,
765 3997 904 4067 quia
930 3998 1281 4055 avunculum
1313 3998 1442 4070 ejus
1463 4004 1522 4055 et
1544 4000 1734 4069 ipsum
1769 4000 1824 4055 in

180 4091 493 4151 personam
524 4086 775 4137 vestram
808 4087 866 4139 et
907 4089 1123 4141 statum
1168 4090 1341 4143 totius
1382 4088 1647 4145 Ecclesiae
1690 4106 1830 4160 gra-

176 4168 418 4228 vissime
473 4169 791 4243 deliquisse
836 4173 1140 4230 manifesta
1195 4177 1360 4231 vobis
1417 4179 1657 4233 veritate
1689 4196 1828 4235 con-

180 4256 377 4315 stabit.

477 4454 553 4496 AD
592 4455 868 4496 Domuum
910 4459 1092 4498 PAPA!
1131 4460 1538 4503 ALExANDRUM.

1947 512 2070 577 bat,
2103 512 2154 567 si
2183 512 2321 583 quis
2353 510 2438 568 vel
2471 512 2718 568 effusam
2764 513 2824 568 in
2873 530 3078 571 omncs
3107 514 3479 586 charitatem,
3508 517 3595 574 vel

1947 600 2172 658 ordinis
2203 601 2375 657 vellet
2424 603 2723 659 attendere
2769 601 3165 676 disciplinam.
3224 605 3342 662 Nec
3367 605 3443 662 ab
3471 606 3596 679 ipso

1947 695 2177 747 tantum
2189 690 2431 758 hoc,sed
2443 689 2762 747 multarum
2776 692 3197 750 venerabilium
3214 710 3594 765 personarum

1948 779 2183 850 studiis,
2200 779 2516 836 multarum
2541 782 2728 836 iuerat
2741 781 3085 837 auctoritate
3096 783 3602 857 perfectum,quo·

1947 869 2104 925 niam
2129 870 2198 925 ad
2219 869 2408 925 studia
2429 869 2698 926 laborum
2713 871 2844 941 ejus
2867 887 3143 944 prospera
3155 888 3393 946 semper
3409 876 3593 946 optati

1947 963 2262 1029 proventus
2281 958 2546 1030 auspicia
2565 960 3013 1027 concurrebant,
3037 961 3177 1018 adeo
3198 966 3263 1016 ut
3281 961 3353 1018 ad
3377 963 3594 1021 consti-

1946 1047 2225 1104 tutionem
2249 1047 2517 1104 Eccleeiae
2535 1047 2698 1103 illius
2719 1049 3068 1105 contendere
3089 1050 3273 1107 virtus
3293 1056 3349 1108 et
3363 1051 3595 1109 fortuna

1947 1136 2298 1193 viderentur.
2325 1137 2660 1193 Exsultabat
2683 1137 2998 1208 apostolica
3019 1138 3376 1212 sedes,quod
3401 1141 3593 1214 prima

1946 1229 2123 1283 tantae
2154 1226 2454 1297 religionis
2485 1226 2862 1283 fundamenta
2881 1227 3144 1299 jecisset,
3169 1229 3327 1302 quod
3356 1247 3589 1303 promo-

1948 1317 2167 1372 tionem
2191 1318 2318 1387 ejus
2345 1317 2624 1374 continno
2655 1318 2847 1373 fovere
2877 1332 2991 1374 non
3014 1315 3330 1376 destitisset
3351 1320 3589 1391 auxilio,

1948 1407 2104 1479 quod
2137 1408 2702 1463 consummationem
2733 1407 2859 1477 ejus
2899 1406 3217 1480 privilegiis
3245 1413 3305 1464 et
3337 1409 3591 1466 valituro

1946 1495 2008 1551 in
2041 1501 2387 1568 perpetuum
2419 1495 2786 1552 anathemate
2835 1497 3267 1564 communisset,
3311 1499 3591 1555 omnibus

1947 1587 2241 1658 siquidem
2275 1586 2594 1660 privilegiis
2613 1589 2741 1659 eJus
2771 1587 2830 1642 in
2861 1592 3207 1660 perpetuum
3229 1589 3350 1646 vice
3370 1589 3589 1647 saluta·

1949 1676 2126 1733 tionis
2148 1678 2441 1735 invenitur
2470 1677 2807 1749 ascriptum,
2841 1694 2956 1748 quo
2989 1679 3294 1736 manifeste
3323 1680 3591 1737 voluntas

1948 1764 2268 1823 declaratur
2291 1768 2543 1823 auctoris
2563 1767 2713 1836 quod
2740 1767 2798 1821 id
2819 1766 3028 1823 stabile
3047 1767 3165 1823 fore
3186 1768 3453 1840 voluerit,
3473 1785 3588 1825 non

1949 1853 2157 1911 alienis
2180 1855 2477 1927 reliquerit
2496 1855 2750 1911 arbitriis
2765 1856 3223 1913 immutandum.
3243 1857 3354 1913 Res
3373 1858 3591 1931 quippe

1950 1945 2286 2002 transitoria
2307 1945 2477 2001 titulo
2503 1945 2905 2018 perpetuitatis
2926 1963 3040 2004 non
3058 1947 3587 2017 mereturinscribi,

1945 2034 2223 2106 quoniam
2255 2050 2382 2107 ques
2413 2035 2609 2091 taliter
2637 2035 3061 2102 inscribuntur,
3095 2034 3182 2091 vel
3215 2052 3591 2108 perseveran-

1947 2125 2039 2181 tiae
2062 2128 2278 2180 statum
2311 2123 2582 2188 retinent,
2614 2123 2700 2179 vel
2733 2124 2889 2180 tituli
2917 2124 3253 2181 falsitatem.
3286 2127 3447 2192 Quod
3478 2143 3590 2183 au·

1945 2217 2060 2271 tem
2106 2213 2321 2269 dicitur
2352 2213 2833 2284 praedecessorem
2884 2215 3206 2271 successori
3238 2232 3344 2272 suo
3396 2215 3584 2289 legem

1942 2304 2082 2360 dare
2115 2319 2229 2358 non
2262 2318 2448 2372 posse.
2481 2302 2568 2358 vel
2601 2302 2834 2375 praecise
2882 2302 3094 2359 falsum
3126 2307 3237 2372 cst,
3267 2303 3353 2361 vel
3389 2306 3590 2362 omnia

1944 2398 2186 2463 possunt
2209 2391 2451 2461 impune
2481 2395 2816 2448 sanctorum
2848 2396 3081 2448 Patrum
3133 2393 3407 2450 instituta
3438 2410 3586 2452 con-

1942 2480 2357 2552 velli,quorum
2381 2488 2572 2536 tamen
2588 2480 2934 2551 sapientiam
2951 2490 3185 2539 narrant
3205 2483 3427 2555 populi,
3441 2500 3589 2555 quo-

1940 2587 2072 2626 rum
2106 2569 2340 2626 laudem
2391 2570 2646 2628 Ecclesia
2694 2570 2951 2637 nuntiat,
2999 2576 3056 2627 et
3087 2571 3353 2643 sepulcra
3382 2589 3583 2630 eorum

1941 2659 2343 2733 frequentibus
2357 2659 2654 2717 miraculis
2676 2659 2860 2733 gloria
2875 2661 3317 2732 magnificentiae
3330 2663 3588 2720 coelestis

1936 2749 2521 2822 illustrat,privilegia
2531 2750 2578 2805 si
2594 2750 2819 2820 quidem
2831 2750 3210 2807 Romanorum
3227 2751 3584 2823 pontificum,

1939 2840 2102 2912 quasi
2137 2839 2406 2910 quaedam
2437 2838 2698 2910 ipsorum
2730 2844 3081 2896 testamenta
3110 2841 3397 2897 credenda
3418 2846 3575 2911 sunt,

1938 2945 2044 2985 nec
2076 2945 2109 2984 a
2139 2931 2325 2984 morte
2346 2927 2643 2984 testatoris
2664 2929 2983 3002 exspirant.
3008 2930 3107 2986 sed
3142 2931 3333 3002 potius
3355 2932 3427 2987 ab
3458 2931 3582 3002 ipsa

1941 3018 2298 3075 contrahunt
2320 3017 2677 3086 firmitatem,
2698 3035 2799 3075 nec
2821 3020 3047 3076 defectu
3071 3036 3331 3092 personae
3351 3021 3583 3078 sublata

1941 3108 2092 3179 perit
2120 3108 2438 3163 auctoritas
2460 3124 2662 3164 eorum
2686 3124 2810 3180 quae
2834 3108 3093 3180 religiose
3113 3110 3290 3166 semel
3312 3109 3586 3167 instituta

1946 3201 2286 3253 noscuntur.
2340 3196 2454 3252 Nos
2503 3201 2698 3252 tamen
2744 3212 2969 3254 errores
3026 3199 3520 3269 predecessorum
3555 3215 3590 3255 a

1943 3287 2391 3345 successoribus
2426 3304 2591 3358 posse
2622 3288 2832 3360 corrigi
2865 3305 2977 3345 non
3010 3305 3309 3362 negamus,
3345 3295 3399 3346 et
3428 3291 3585 3363 ipso-

1942 3393 2070 3434 rum
2101 3377 2272 3433 etiam
2304 3377 2362 3432 in
2394 3375 2600 3433 melius
2624 3392 2793 3449 posse
2823 3379 2973 3434 bona
3005 3379 3234 3448 mutari,
3261 3379 3362 3437 ubi
3402 3381 3593 3452 maj0r

1942 3466 2166 3523 scilicet
2213 3466 2599 3521 mutationem
2665 3466 2869 3522 suadet
2928 3464 3170 3535 utilitas,
3232 3467 3582 3540 nullumque

1941 3554 2333 3626 sentitrcligio
2347 3554 2779 3611 detrimentum.
2799 3554 2859 3610 ln
2876 3555 3275 3627 prejudicium
3291 3558 3585 3629 siquidem

1942 3643 2240 3716 religionis
2272 3642 2419 3700 nihil
2443 3644 2731 3715 agendum
2756 3648 2864 3713 est,
2890 3644 2982 3699 cui
3017 3645 3290 3717 quidquid
3315 3648 3586 3704 adversa-

1941 3738 2039 3789 tur
2067 3733 2273 3788 divinoe
2305 3737 2531 3788 constat
2559 3733 2916 3789 contrarium
2949 3750 3075 3790 esse
3104 3734 3410 3792 voluntati.
3460 3735 3586 3801 Qua

1942 3822 2225 3878 nimirum
2260 3822 2475 3877 ratione
2511 3822 2816 3878 saeculares
2846 3824 3162 3880 canonicos
3205 3841 3350 3896 quos
3383 3827 3587 3900 appel-

1940 3911 2081 3978 lant,
2115 3926 2216 3983 pro
2259 3909 2619 3982 regularibus
2651 3910 2997 3969 inducendis
3019 3912 3273 3972 vidimus
3302 3916 3582 3983 amoveri,

1942 4000 2072 4056 licet
2103 3998 2371 4055 Ecclesiae
2408 4016 2609 4056 eorum
2642 4000 2702 4056 in
2733 4017 2799 4058 eo
2831 4006 2988 4058 statu
3019 4002 3219 4075 aliqua
3248 4002 3401 4060 sedis
3430 4021 3582 4078 apo-

1939 4090 2159 4148 stolicae
2216 4090 2515 4163 privilegia
2568 4090 2938 4149 meruissent.
3000 4092 3062 4148 In
3111 4093 3327 4165 quibus
3356 4099 3587 4152 constat

1939 4180 2218 4236 adversus
2235 4179 2535 4254 privilegia
2560 4179 2705 4237 nihil
2724 4183 3344 4250 essecommissum,in
3369 4185 3586 4255 quibus

1938 4271 2192 4325 auctoris
2214 4272 2477 4325 animum
2503 4269 2690 4342 potius
2710 4272 3089 4343 contemplari
3117 4272 3383 4329 convenit
3405 4289 3584 4345 quam

1938 4357 2129 4427 apices
2161 4358 2501 4427 amplexari,
2530 4359 2802 4430 quoniam
2834 4361 2893 4414 in
2920 4359 3084 4417 nullo
3104 4360 3375 4417 voluntas
3398 4362 3588 4432 ipsius

1939 4445 2278 4511 offenditur,
2311 4445 2407 4500 ubi
2434 4445 2751 4503 voluntatis
2782 4448 3027 4504 intentio
3057 4448 3289 4505 fidelius
3318 4448 3591 4506 observa-

250 4528 305 4584 Si
333 4529 400 4585 ad
436 4535 690 4586 vestrum
723 4528 927 4586 litterae
948 4548 1260 4603 pervenere
1276 4543 1674 4607 conspectum,
1702 4537 1828 4610 qui·
1858 4553 1907 4617 D
1936 4536 2123 4592 tur.Si
2145 4536 2284 4608 quid
2309 4542 2506 4592 autem
2529 4537 3028 4595 humaniusl'uerit
3054 4540 3585 4612 institutum‚quod

181 4618 295 4675 bus
326 4634 429 4689 ego
492 4619 854 4690 majestatem
905 4629 1155 4678 vestram
1204 4625 1397 4679 studui
1449 4629 1820 4695 praemunire,

186 4723 363 4780 super
390 4709 512 4765 zelo
542 4722 715 4780 quem
776 4710 847 4764 ad
898 4712 1305 4766 removendam
1333 4713 1403 4768 de
1442 4713 1697 4771 Ecclesia
1723 4732 1824 4772 sua

182 4794 940 4870 religionem,8ag.intendit
960 4801 1477 4872 episcopus,miror
1489 4806 1824 4873 admodum,

184 4881 468 4953 multique
490 4885 682 4942 mirati
706 4893 866 4957 sunt,
897 4890 1190 4961 quomodo
1223 4890 1437 4946 factum
1464 4891 1822 4964 hujusmodi,

175 4971 579 5044 scriptumque
609 4975 909 5046 publicum
943 4995 1118 5051 super
1141 4995 1207 5036 eo
1240 4982 1390 5037 facto
1413 4986 1611 5039 vestrae
1636 4985 1824 5057 potuit

174 5059 397 5132 subripi
429 5061 748 5118 sanctitati.
776 5064 922 5129 Quid
955 5068 1156 5124 enim?
1186 5069 1589 5142 Episcopalem
1624 5073 1821 5129 Eccle-

172 5151 322 5207 siam
360 5150 681 5208 miserabili
740 5162 1077 5226 paupertate
1117 5159 1477 5228 damnatam,
1513 5161 1820 5231 religiosus

168 5239 477 5313 episcopus
505 5240 813 5309 reditibus,
847 5241 1132 5314 aediliciis,
1163 5250 1546 5315 ornamentis,
1570 5252 1621 5306 ei
1653 5266 1721 5306 ea
1745 5251 1818 5306 ad

170 5341 348 5399 quam
381 5326 699 5399 plurimum
733 5330 1079 5387 intendebat
1129 5332 1413 5404 religione
1453 5338 1815 5405 fundaverat,

166 5414 475 5490 ipsamque
493 5419 566 5475 de
595 5435 848 5492 paupere
871 5421 1135 5490 divitem,
1160 5423 1587 5492 praedicabilem
1620 5428 1691 5483 de
1711 5429 1815 5484 ob-

167 5519 358 5570 scura,
381 5505 454 5561 de
484 5505 747 5577 ignobili,
772 5509 820 5565 si
842 5508 1065 5566 dicitas
1094 5513 1203 5579 est,
1229 5510 1442 5568 iecerat
1472 5513 1813 5585 gloriosam.

1935 4625 2112 4681 etiam
2144 4625 2296 4682 sedis
2326 4626 2653 4696 apostolicas
2685 4628 2908 4699 scripta
2948 4629 3323 4696 confirment,
3380 4645 3446 4684 eo
3480 4646 3587 4685 nec

1935 4714 2306 4786 perfectionis
2365 4722 2667 4784 provectus
2716 4716 3065 4784 excluditur,
3128 4734 3233 4773 nec
3291 4719 3582 4775 devotioni

1936 4805 2223 4859 terminus
2273 4803 2622 4876 assignatur.
2675 4805 2917 4877 Semper
2974 4808 3130 4862 enim
3182 4808 3236 4861 in
3293 4808 3586 4863 anteriora

1934 4891 2114 4948 libere
2172 4892 2387 4949 debent
2436 4894 2631 4950 studia
2688 4896 3015 4951 sanctitatis
3074 4897 3330 4964 extendi,
3381 4897 3586 4968 sicque

1935 4987 2163 5054 oportet
2212 4983 2584 5052 interpretari
2628 5001 2754 5056 quae
2814 4984 3033 5055 scripta
3065 4989 3228 5052 sunt,
3261 5001 3333 5042 ne
3364 4986 3587 5042 nostris

1932 5072 2241 5129 videantur
2285 5072 2656 5143 processibus
2706 5072 2986 5144 invidere,
3039 5075 3181 5146 quia
3241 5083 3380 5130 tunc
3433 5079 3587 5131 recte

1930 5177 2076 5217 suus
2093 5159 2296 5217 minori
2323 5162 2470 5217 bono
2485 5163 2639 5217 favor
2658 5161 3037 5234 impenditur,
3053 5180 3187 5219 cum
3206 5179 3576 5235 nequaquam

1931 5251 2067 5308 boni
2103 5251 2341 5322 majoris
2389 5252 2751 5309 incrementa
2793 5253 3099 5310 tolluntur.
3136 5253 3391 5311 Ecclesia
3419 5254 3579 5311 enim

1928 5356 2025 5397 eos
2055 5340 2154 5413 qui
2186 5343 2251 5397 ad
2288 5342 2583 5413 superiora
2600 5343 2889 5400 desiderio
2913 5343 3286 5416 perfectionis
3320 5344 3588 5416 aspirant

1930 5445 2045 5484 non
2076 5430 2360 5501 permittit
2388 5432 2798 5488 occasionibus
2854 5434 3150 5507 impediri,
3204 5434 3350 5506 quin
3399 5433 3584 5490 libero

1925 5524 2239 5592 erumpant
2259 5521 2330 5577 ad
2355 5523 2576 5594 majora
2598 5538 2906 5591 consensu,
2924 5523 3127 5597 sicque
3145 5523 3347 5597 primae
3372 5524 3583 5598 imper-

166 5593 332 5662 Quod
362 5593 583 5656 factum
604 5600 728 5657 tota
756 5613 900 5657 sane
926 5598 1190 5674 partium
1211 5603 1549 5664 nostrarum
1577 5619 1817 5666 venera·
1924 5606 2193 5668 fectionis
2223 5607 2526 5685 privilegia
2553 5616 2835 5683 removet,
2875 5617 2943 5672 ut
2969 5612 3220 5688 gratiam
3248 5628 3408 5673 novas
3439 5629 3582 5688 pcr—
