3784 6000
84 246 285 311 ·’135

1231 250 1670 315 GUILLELHI
1715 250 2106 315 TYRENSIS
2147 245 2512 313 ARGEIEP.

3467 240 3585 304 '136

170 376 488 450 politanus,
527 379 859 437 convocatis
904 396 1010 452 pro
1049 378 1340 452 imperiali
1387 383 1824 455 magnificentia
1849 385 1905 457 Α
1935 382 2143 457 periali
2182 377 2591 439 reconciliatus
2638 377 2728 433 est
2773 370 3144 431 excellentia.
3173 369 3361 430 Nudis
3399 370 3585 440 enim,

169 480 240 524 ex
267 467 545 525 omnibus
598 468 831 541 imperii
863 468 1102 537 finibus,
1135 469 1486 527 militaribus
1508 471 1730 545 copiis;
1762 475 1821 530 et

169 555 395 629 ingenti
429 558 686 613 exercitu
717 574 785 613 ex
815 557 1093 614 omnibus
1120 559 1397 616 tribubus
1418 566 1476 618 et
1505 561 1737 633 populis
1766 567 1818 618 et

173 643 391 716 linguis
435 649 492 701 et
548 644 888 702 nationibus
947 656 1315 722 congregato,
1359 649 1607 706 transito
1633 648 1820 707 Helle-

169 738 403 805 sponto,
433 733 492 788 in
524 733 751 806 Syriam
783 735 1136 793 descendere
1165 738 1486 809 proposuit,
1516 743 1821 797 transcur-

170 821 371 893 sisque
417 821 621 878 mediis
668 837 806 880 cum
847 825 1008 881 omni
1061 825 1354 884 celeritate
1392 828 1822 901 provinciis,ex

169 908 507 981 improviso,
532 910 615 969 ita
668 915 733 968 ut
772 913 864 968 vix
896 913 1150 988 cuipiam
1200 917 1478 975 credibile
1507 917 1819 987 videretur,

171 1012 305 1054 oum
338 999 687 1058 exercitibus
716 1000 839 1058 suis
885 1002 946 1060 in
983 1003 1264 1075 Ciliciam,
1288 1006 1440 1062 circa
1484 1005 1821 1064 Decembris

171 1085 431 1157 initium,
461 1088 694 1145 subitus
724 1090 974 1148 advenit.
1007 1090 1196 1163 Hujus
1253 1097 1444 1150 autem
1483 1098 1605 1149 tam
1638 1096 1822 1149 matu·

173 1173 285 1231 rati
314 1174 539 1232 itineris
559 1193 736 1235 causa
763 1183 888 1235 erat
923 1182 1237 1252 proecipua,
1268 1183 1419 1254 quod
1450 1183 1687 1256 quidam
1711 1189 1820 1239 Ar-

173 1277 478 1319 menorum
524 1267 972 1338 potentissimus
1015 1268 1310 1344 princeps,
1341 1272 1524 1329 Toros
1558 1272 1817 1344 nomine,

170 1349 246 1408 de
276 1367 392 1423 quo
424 1355 695 1427 superius
712 1356 960 1414 fecimus
977 1359 1357 1429 mentionem,
1381 1362 1713 1418 universam
1730 1360 1820 1418 Ci-

169 1437 390 1513 liciam,
407 1457 535 1514 quas
556 1444 876 1515 montibus,
909 1447 969 1506 in
992 1450 1210 1521 quihus
1241 1448 1340 1507 ille
1362 1449 1611 1508 habebat
1636 1456 1821 1508 castra

169 1529 596 1603 munitissima,
619 1535 977 1607 subjacebat,
1001 1538 1073 1595 ab
1096 1538 1237 1596 urbe
1268 1545 1498 1597 murata
1530 1557 1718 1613 usque
1746 1539 1818 1596 ad

169 1622 494 1679 extremum
525 1624 875 1683 suburbium
900 1628 1184 1688 violenter
1215 1630 1542 1705 occupavit,
1573 1632 1820 1689 Tarsum

170 1711 440 1770 videlicet
468 1715 669 1788 primas
701 1722 759 1775 et
794 1720 1130 1778 Anavarzan
1162 1724 1429 1780 secundas
1455 1722 1666 1782 Ciliciae
1698 1739 1820 1780 me-

173 1801 543 1875 tropoles;et
597 1807 742 1866 alias
797 1810 1080 1879 civitates,
1113 1813 1819 1884 Mamistram,Adamam,

173 1890 416 1964 Sisium,
446 1894 644 1967 ejectis
691 1897 825 1955 inde
857 1898 1249 1974 imperialium
1279 1903 1636 1974 negotiorum
1682 1919 1822 1976 pro-

175 1983 566 2056 curatoribus,
597 1985 656 2043 in
679 2003 847 2045 suam
879 1991 1184 2065 redegerat
1223 1998 1590 2065 potestatem.
1624 1992 1699 2049 Ut
1726 2009 1824 2049 au·

175 2070 294 2127 tem
324 2085 458 2128 eum
503 2071 808 2133 incautum
832 2087 1023 2151 posset
1075 2082 1422 2155 opprimere,
1447 2087 1505 2139 et
1531 2081 1642 2139 iter
1670 2097 1822 2140 acce·

175 2154 478 2231 leraverat,
501 2167 557 2219 et
575 2165 963 2223 occultaverat
978 2167 1381 2228 intentionem.
1397 2170 1652 2227 Moverat
1685 2185 1821 2226 eum

177 2248 349 2305 stiam
381 2250 767 2311 nihilominus
798 2260 855 2312 et
883 2256 1225 2331 Cypriorum
1251 2276 1423 2317 causa
1452 2259 1721 2332 lugubris
1763 2260 1824 2316 et

176 2336 370 2396 favore
399 2339 594 2415 digna,
629 2343 686 2398 in
737 2360 883 2417 quos
932 2350 1211 2420 tanquam
1268 2349 1328 2406 in
1358 2349 1557 2406 hostes
1588 2348 1723 2406 fidei
1760 2347 1821 2404 et

176 2426 555 2489 detestabiles
603 2434 947 2509 parricidas,
997 2439 1266 2511 princeps
1310 2441 1726 2502 Antiochenam
1762 2442 1826 2494 ut

179 2520 745 2593 premisimus,tam
805 2525 1126 2586 inhumane
1176 2546 1341 2587 suam
1374 2534 1708 2588 exercuerat
1736 2533 1826 2602 ty-

183 2608 509 2708 rannidem.
531 2615 670 2669 'ram
703 2614 936 2673 subitus
963 2622 1178 2686 autem,
1204 2623 1264 2676 ut
1283 2620 1680 2692 praediximus,
1713 2618 1826 2675 fnit

186 2699 577 2769 imperialium
593 2704 951 2762 exercituum
982 2708 1289 2778 adventus,
1309 2714 1374 2766 ut
1404 2710 1714 2783 praedictus
1727 2713 1828 2766 Το-

185 2801 305 2858 ros,
335 2788 437 2861 qui
475 2791 635 2849 Tarsi
691 2797 834 2851 tunc
880 2797 1243 2866 morabatur,
1267 2799 1362 2855 vix
1410 2800 1626 2857 liberas
1655 2798 1826 2856 ferias

183 2874 472 2947 habuerit,
497 2885 558 2934 ut
591 2881 661 2937 ad
721 2887 950 2941 montes
989 2886 1231 2957 vicinos,
1280 2889 1464 2960 gratia
1501 2888 1733 2961 salutis,
1763 2903 1827 2945 se

184 2964 492 3035 conferret,
523 2985 653 3027 cum
686 2987 817 3030 ecce
849 2974 1127 3049 legiones,
1160 2984 1215 3034 et
1255 2978 1430 3052 primi
1472 2979 1543 3037 de
1571 2980 1826 3037 exercitu

182 3056 408 3130 campis
423 3059 547 3129 jam
579 3059 920 3120 infuderant
974 3082 1035 3123 se
1078 3068 1430 3139 patentibus.
1456 3072 1579 3135 Quo
1601 3070 1824 3143 audito,

183 3143 455 3221 princeps
481 3148 875 3210 Antiochenus
898 3152 1219 3212 Rainaldus
1236 3158 1493 3216 stimulis
1524 3158 1825 3217 conscien·
1849 3133 1897 3197 C

187 3234 280 3290 tias
302 3235 391 3307 agi
402 3241 572 3307 tatus,
592 3253 658 3296 eo
680 3240 837 3312 quod
858 3258 973 3300 non
995 3244 1179 3301 multo
1201 3251 1333 3305 ante
1349 3248 1477 3319 ejus
1507 3252 1822 3306 adventum

182 3325 468 3396 tempore,
500 3326 559 3383 in
588 3327 826 3402 Cyprios
855 3332 1194 3392 innocentes
1224 3339 1281 3393 et
1309 3338 1632 3396 immeritos
1664 3343 1827 3396 tanta

182 3413 517 3473 desaevisset
545 3416 793 3490 insania,
826 3429 882 3478 et
910 3431 1026 3481 tam
1058 3426 1162 3495 eia,
1195 3442 1517 3502 eorumque
1549 3430 1826 3487 uxoribus

182 3504 242 3560 et
267 3502 489 3575 liberis,
521 3506 638 3565 Deo
692 3514 751 3566 et
798 3511 1136 3572 hominibus
1189 3516 1640 3576 abominabilem
1673 3520 1827 3576 intu-

184 3589 347 3650 lisset
399 3593 709 3670 injus-iana,-
737 3601 946 3661 timens
1000 3606 1127 3678 eJus
1173 3610 1509 3680 adventum,
1568 3625 1641 3666 ne
1681 3610 1827 3667 forte

182 3682 597 3756 praedictorum
627 3690 1067 3750 vociferantium
1082 3697 1342 3768 querulis
1357 3700 1595 3756 vocibus
1606 3698 1827 3756 excitus

189 3771 261 3828 ad
294 3772 659 3835 ulciscendas
688 3795 886 3839 eorum
939 3784 1189 3857 injurias
1218 3789 1636 3856 descendisset,
1659 3788 1832 3861 coepit

187 3862 397 3920 anxius
443 3864 789 3941 deliberare,
818 3888 972 3929 nunc
1018 3891 1244 3942 secum,
1275 3893 1432 3935 nunc
1471 3879 1523 3935 si
1561 3895 1704 3950 quos
1735 3879 1831 3935 ha·

192 3948 366 4007 bebat
396 3955 584 4027 magis
614 3959 932 4020 familiares
961 3964 1257 4029 adhibitis,
1290 3967 1430 4040 quid
1478 3983 1613 4024 eum
1645 3968 1835 4024 iacere

191 4044 508 4114 oporterst;
532 4050 592 4103 et
621 4063 737 4121 quo
758 4052 1180 4112 satisfactionis
1209 4071 1422 4129 genere
1459 4056 1749 4130 imperiali
1772 4072 1834 4114 se

191 4134 391 4199 posset
420 4132 492 4190 de
548 4138 715 4194 tanta
769 4138 993 4197 offensa
1035 4144 1406 4200 reconciliare
1435 4145 1837 4218 amplitudini.

192 4220 488 4295 Tantaque
517 4239 670 4298 eum,
705 4231 770 4284 ut
825 4229 1059 4301 dicitur,
1084 4232 1155 4289 de
1202 4232 1423 4289 domini
1465 4234 1839 4307 imperatoris

197 4309 452 4368 adventu
483 4313 724 4372 formido
763 4320 1140 4392 corripuerat,
1164 4332 1226 4379 ut
1271 4338 1380 4382 nec
1400 4324 1620 4382 domini
1653 4324 1831 4399 regis,

197 4412 370 4470 quem
391 4404 590 4458 tamen
622 4403 683 4459 in
713 4408 978 4478 proximo
1016 4419 1325 4469 venturum
1354 4414 1644 4488 sperabat,
1667 4413 1840 4472 vellet

1932 476 1999 530 ut
2028 471 2266 541 dicitur,
2296 467 2571 541 pedibus,
2607 463 2848 520 indutus
2903 460 3089 519 laneis
3120 460 3370 519 manicis
3401 476 3590 535 usque

1929 562 2000 619 ad
2033 560 2295 618 cubitum
2328 554 2669 621 decurtatis,
2700 552 2836 609 fune
2895 549 3047 607 circa
3077 549 3297 608 collum
3321 549 3585 624 religato,

1929 650 2194 724 gladium
2229 647 2451 704 habens
2497 643 2556 699 in
2605 657 2784 698 manu
2827 639 3076 704 nudum,
3099 655 3274 712 quem
3307 654 3590 697 mucrone

1929 744 2157 807 tenens,
2187 737 2358 809 cujus
2390 731 2665 806 capulum
2688 729 2926 788 domino
2949 727 3289 802 imperatori
3322 728 3593 802 porrige-

1931 833 2040 896 ret,
2074 842 2276 884 eorum
2301 821 2588 880 universis
2614 819 2965 895 legionibus,
2982 817 3220 875 domino
3249 816 3592 890 imperatori

1931 923 2316 991 praesentatus
2346 920 2434 971 est
2463 929 2478 968 t
2505 911 2703 983 ibique
2732 916 2866 967 ante
2904 908 3082 982 pedes
3108 908 3234 979 ejus
3265 907 3339 962 ad
3372 912 3588 964 terram

1931 1008 2287 1081 prostratus,
2309 1002 2523 1061 tradito
2566 998 2802 1057 domino
2850 995 3188 1070 imperatori
3217 993 3435 1067 gladio,
3469 1003 3587 1051 tam

1931 1096 2030 1153 diu
2048 1094 2257 1167 jacuit,
2292 1106 2599 1167 quousque
2610 1087 2840 1146 cunctis
2865 1085 3259 1145 vertereturin
3282 1099 3590 1154 nauseam,

1929 1189 1988 1242 et
2035 1182 2360 1240 Latinitatis
2396 1179 2643 1255 gloriam
2694 1181 2936 1236 verteret
2989 1176 3050 1233 in
3101 1174 3511 1248 opprobrium,
3534 1178 3594 1231 et

1930 1273 1990 1331 in
2022 1270 2412 1344 delinquendo
2447 1274 2506 1326 et
2537 1266 2948 1324 satisfaciendo
2999 1263 3591 1321 vehementissimus.

2524 1383 2758 1442 CAPUT
2792 1382 2993 1439 XXIV.

1929 1482 2044 1537 Rex
2070 1479 2142 1535 ad
2166 1485 2351 1550 patres
2380 1475 2514 1532 illas
2560 1488 2884 1546 properans,
2912 1472 2983 1526 ab
3032 1469 3220 1526 eodem
3256 1470 3593 1541 imperatore

2001 1550 2217 1608 Ιιοηεεεο
2244 1548 2560 1620 suscipitur,
2582 1551 2631 1602 et
2663 1544 2882 1614 infinita
2910 1548 3157 1614 reportat
3183 1556 3441 1599 munero.

2001 1640 2283 1698 Dominus
2333 1651 2568 1709 quoque
2608 1631 3142 1705 Hierosolymorum
3202 1646 3320 1699 rex,
3381 1628 3587 1687 audito

1931 1728 2154 1787 domIni
2187 1724 2557 1800 imperatoris
2606 1722 2883 1789 adventu,
2915 1725 3215 1793 assumpto
3263 1717 3381 1776 sibi
3408 1718 3591 1776 fratre

1930 1820 2082 1877 etde
2107 1817 2272 1890 regni
2301 1813 2665 1889 principibus
2684 1808 3040 1869 electissimo
3060 1808 3358 1878 comitatu,
3383 1807 3591 1866 relicto

1930 1907 2171 1968 domino
2237 1906 2445 1963 comite
2492 1901 2799 1971 Flandriae,
2855 1898 3045 1971 quiin
3088 1898 3350 1970 proxime
3383 1897 3592 1954 futuro

1931 1997 2178 2056 transitu
2216 1996 2288 2051 ad
2328 1992 2562 2067 propria
2596 1990 2924 2047 decreverat
2980 1987 3194 2055 redire,
3222 2001 3428 2044 versus
3466 1988 3589 2043 An-

1931 2087 2210 2146 tiochiam
2242 2083 2494 2141 festinus
2521 2078 2855 2138 contendit:
2895 2094 3013 2151 quo
3043 2075 3590 2150 perveniens,nun-

1932 2177 2047 2235 tios
2075 2175 2148 2233 ad
2169 2172 2475 2231 dominum
2511 2170 2948 2242 imperatorem,
2971 2165 3278 2223 dominum
3313 2162 3595 2221 videlicet

1933 2265 2277 2323 Gaufridum
2299 2261 2569 2318 abbatem
2597 2255 2816 2329 Templi
2835 2254 3093 2324 Domini,
3124 2253 3339 2311 Graeco
3367 2253 3590 2328 linguai

1933 2354 2249 2411 habentem
2280 2348 2724 2415 commercium,
2754 2349 2812 2402 et
2868 2344 3124 2402 nobilem
3172 2343 3363 2400 virum
3391 2340 3588 2398 domi-

1935 2459 2074 2500 num
2108 2440 2466 2500 Joscelinum
2487 2436 2685 2495 Pessel
2717 2433 2939 2508 dirigit,
2968 2431 3180 2490 debito
3208 2429 3589 2489 salutationis

1935 2531 2173 2590 aliatum
2209 2546 2312 2603 per
2335 2545 2436 2585 eos
2456 2523 2887 2584 officiosissime
2910 2522 3262 2594 dependens,
3275 2528 3331 2577 et
3359 2520 3431 2576 de
3454 2520 3591 2592 ejus

1934 2618 2243 2675 sciscitans
2274 2612 2658 2688 beneplacito,
2693 2615 2891 2666 utrum
2911 2625 3046 2666 eum
3066 2608 3139 2665 ad
3171 2624 3235 2664 se
3263 2607 3402 2664 velit
3421 2623 3590 2664 acce·

1935 2708 2094 2778 dere,
2124 2710 2184 2763 et
2212 2703 2436 2764 domini
2459 2702 2609 2774 regis
2639 2700 2752 2757 sibi
2774 2699 2988 2757 habere
3021 2696 3414 2771 presentiam.
3448 2697 3589 2763 Qui·

1935 2797 2046 2857 bus
2102 2797 2303 2853 datum
2336 2797 2425 2851 est
2451 2793 2512 2848 in
2544 2789 2862 2863 responsis,
2895 2790 2959 2845 ut
3001 2802 3195 2860 regem
3228 2794 3506 2843 moneant
3538 2795 3592 2844 et

1934 2886 2197 2953 invitent,
2232 2891 2295 2940 ut
2321 2882 2394 2940 ad
2427 2896 2561 2938 eum
2592 2877 2788 2936 venire
2814 2893 2930 2933 non
2979 2875 3306 2949 pigritetur.
3336 2873 3594 2949 Insuper

1933 2980 1992 3035 et
2012 2976 2084 3035 de
2104 2970 2387 3046 imperiali
2404 2970 2586 3027 latere
2598 2967 2853 3025 mittitur
2870 2963 3121 3022 illustris
3143 2962 3589 3036 apocrisiarius,

1935 3068 2037 3144 qui
2074 3072 2133 3125 st
2160 3064 2370 3124 litteris
2415 3068 2475 3121 et
2526 3062 2656 3119 viva
2708 3075 2868 3128 voce,
2889 3062 3160 3131 tanquam
3194 3055 3426 3131 imperii
3445 3055 3590 3114 dile-

1934 3157 2265 3216 ctissimum
2295 3153 2508 3219 filium,
2539 3166 2735 3224 regem
2765 3147 3053 3216 sollicitet,
3075 3154 3137 3204 ut
3167 3146 3242 3202 ad
3260 3161 3397 3203 eum
3425 3161 3590 3204 acce·

1931 3248 2068 3305 dere
2095 3262 2213 3304 non
2241 3246 2490 3301 recuset.
2522 3242 2755 3299 Statuta
2791 3253 2932 3311 ergo
2975 3236 3089 3308 die,
3121 3238 3426 3310 assumpto
3467 3234 3588 3293 sibi

1932 3337 2299 3411 egregiorum
2329 3333 2594 3405 equitum
2617 3329 2832 3387 selecto
2866 3326 3173 3396 comitatu,
3203 3325 3342 3382 illuc
3373 3340 3578 3399 perve-

1933 3426 2125 3499 niens,
2150 3423 2563 3482 honestissime
2600 3422 2910 3492 susceptus
2957 3420 3080 3486 est;
3106 3431 3244 3473 nam
3274 3414 3472 3473 statim
3521 3415 3584 3472 in

1933 3531 2240 3576 occursum
2288 3514 2340 3572 ei
2397 3513 2470 3571 ab
2523 3527 2591 3569 eo
2634 3509 2966 3582 diriguntur
3012 3507 3126 3563 duo
3164 3508 3399 3577 nepotes
3425 3505 3581 3576 ejus,

1933 3607 2140 3664 fratres
2179 3601 2414 3670 uterini,
2456 3600 2717 3659 Joannes
2772 3595 3034 3653 videlicet
3084 3595 3479 3651 Protosevasto
3523 3598 3583 3652 et

1936 3697 2169 3754 Alexius
2190 3693 2600 3761 Protostrator,
2622 3688 2723 3761 qui
2739 3686 2893 3743 inter
2912 3684 3173 3741 illustres
3204 3682 3357 3740 sacri
3380 3680 3591 3755 palatii

1935 3786 2192 3859 primum
2223 3782 2564 3839 obtinebant
2592 3779 2808 3845 locum,
2830 3791 2963 3832 cum
3008 3772 3263 3830 maximo
3293 3770 3586 3828 nobilium

1938 3875 2238 3936 comitatu.
2268 3870 2486 3929 Deinde
2520 3868 2668 3942 ipsis
2715 3881 2848 3923 eum
2907 3863 3254 3920 ducentibus
3282 3877 3471 3935 usque
3502 3862 3573 3918 ad

1941 3964 2155 4024 ostium
2187 3959 2445 4028 tentorii,
2476 3958 2577 4017 ubi
2635 3955 2910 4013 dominus
2956 3953 3273 4026 imperator
3299 3965 3434 4008 cum
3465 3949 3594 4007 suis

1942 4054 2274 4112 illustribus
2296 4049 2607 4115 residebat,
2630 4062 2762 4104 cum
2785 4043 2970 4100 multa
2991 4041 3172 4114 gloria
3192 4041 3586 4109 introductus,

1946 4143 2376 4203 humanissime
2404 4140 2479 4197 ab
2498 4155 2564 4197 eo
2586 4136 2898 4205 salutatus,
2928 4136 2987 4189 et
3023 4132 3094 4187 ad
3125 4128 3392 4189 osculum
3423 4130 3589 4203 pacis

1946 4245 2193 4305 erectus,
2225 4248 2393 4291 secus
2423 4245 2561 4287 eum
2593 4228 2654 4284 in
2692 4225 2830 4283 sede
2859 4223 3122 4289 honesta,
3155 4218 3471 4276 humiliore
3503 4224 3585 4276 ta·

1946 4340 2104 4393 men,
2134 4321 2359 4380 locatus
2392 4323 2496 4377 est.
2521 4316 2630 4374 Ubi
2683 4321 2739 4372 et
2784 4313 2914 4387 ejus
2943 4309 3308 4368 consortibus
3329 4312 3452 4365 tam
3480 4307 3587 4365 de-

1947 4413 2077 4472 hitoe
2128 4409 2501 4470 salutationis
2547 4406 2748 4473 affatu,
2781 4418 2955 4475 quam
3012 4398 3173 4475 pacis
3192 4396 3395 4455 osculo
3416 4396 3488 4454 ab
3520 4413 3588 4454 eo

198 4494 538 4562 ⁰¹⁸900t²r⁶
575 4497 983 4571 praesentiam3
1010 4512 1169 4559 cum'
1203 4507 1396 4561 tamen
1427 4510 1584 4562 certo
1614 4504 1832 4563 certius
1862 4513 1912 4582 1)
1941 4502 2362 4564 humanissime
2411 4495 2729 4565 honoratis,
2762 4494 2835 4550 de
2880 4487 3280 4548 incolumitate
3327 4490 3450 4543 tam
3481 4486 3589 4543 do-

193 4591 371 4681 nosse
423 4586 716 4654 potuerat,
764 4585 890 4659 ejus
946 4589 1367 4650 interventione
1414 4599 1471 4649 et
1526 4593 1745 4664 studio,
1778 4598 1838 4651 et

195 4682 450 4726 maxims
477 4687 640 4729 novae
666 4675 969 4736 affinitatis
1016 4682 1222 4754 gratia,
1256 4683 1313 4739 in
1346 4699 1523 4742 causa
1542 4684 1833 4756 praedicta,

90 4825 95 4832 Ι
196 4755 372 4833 longe
431 4761 702 4822 meliores
747 4781 808 4823 se
854 4766 1230 4829 inventurum
1272 4773 1652 4832 conditiones.
1684 4772 1836 4832 Usus

195 4864 333 4950 ergo
353 4849 809 4914 domesticorum
844 4859 1111 4930 consilio,
1142 4863 1467 4937 assumptis
1514 4880 1580 4922 ex
1627 4862 1710 4921 eis
1731 4879 1834 4936 pro

194 4937 442 4999 arbitrio
457 4944 781 5015 nonnullis,
813 4947 1050 5007 domino
1079 4969 1312 5025 quoque
1332 4953 1573 5011 Girardo
1595 4968 1834 5010 venera·

192 5027 292 5086 bili
322 5028 763 5094 Laodicensium
792 5039 1087 5115 episcopo,
1119 5042 1230 5099 sibi
1271 5043 1420 5100 facto
1461 5041 1688 5100 itineris
1704 5058 1838 5100 eon·

191 5121 373 5220 sorte,
405 5120 463 5176 in
485 5121 764 5195 Ciliciam,
790 5128 888 5185 uhi
920 5130 1193 5189 dominus
1216 5131 1531 5205 imperator
1557 5136 1684 5189 erat
1703 5147 1836 5188 cum

193 5224 319 5269 suis
349 5212 833 5289 expeditionibus,
863 5218 1101 5276 obtenta
1132 5224 1329 5279 tamen
1374 5222 1538 5293 prius
1569 5237 1839 5295 quorum-

194 5300 332 5357 dam
371 5302 751 5363 familiarium
798 5307 1020 5365 domini
1077 5307 1445 5384 imperatoris
1489 5312 1695 5386 gratia,
1736 5309 1838 5385 qui

194 5394 356 5450 verbi
385 5394 565 5468 hujus
584 5396 929 5471 interpretes
953 5397 1458 5473 discurrebant,ad
1478 5402 1683 5462 urbem
1714 5402 1835 5460 Ma·

196 5482 461 5543 mistram
492 5489 752 5560 pervenit
780 5491 918 5548 :ubi
960 5494 1094 5566 post
1121 5492 1342 5552 multos
1371 5492 1669 5565 circuitus,
1701 5508 1838 5554 eum

194 5587 434 5633 summa
457 5576 781 5651 ignominia
806 5589 863 5642 et
890 5582 1092 5657 populi
1128 5585 1316 5645 nostrl
1342 5584 1685 5644 confusions
1711 5584 1834 5645 im-

1947 4595 2091 4654 mini
2125 4594 2273 4666 regis
2302 4604 2480 4663 quam
2523 4600 2789 4651 suorum,
2818 4582 2923 4656 qui
2957 4594 3093 4637 cum
3122 4593 3190 4636 eo
3210 4576 3584 4644 advenerant,

1946 4685 2254 4759 diligenter
2268 4680 2515 4754 quarit5
2537 4686 2591 4733 et
2620 4673 2843 4731 vultum
2890 4669 3175 4728 exhibens
3204 4664 3372 4723 solito
3399 4664 3585 4721 lotio-

1945 4792 2092 4843 rem,
2122 4773 2296 4830 verbo
2321 4776 2379 4828 et
2398 4772 2520 4826 toto
2545 4763 2806 4838 corporis
2852 4765 3020 4835 gestu
3061 4756 3351 4832 significat
3378 4769 3583 4812 eorum

1944 4863 2338 4923 seadventum
2368 4855 2704 4931 gratissime
2759 4850 3113 4924 suscepisse,
3134 4850 3193 4903 et
3219 4843 3415 4903 oblata
3433 4843 3589 4901 tanti

1944 4951 2230 5028 principis
2270 4953 2329 5006 et
2371 4961 2609 5005 suorum
2657 4940 2930 5002 delectari
2988 4934 3310 5012 presentia.
3341 4932 3589 4992 Crebris

1945 5043 2145 5116 itaque
2175 5035 2659 5098 collocutionibus
2704 5036 2827 5090 tam
2867 5027 3105 5088 secretis
3135 5040 3314 5100 quam
3340 5023 3403 5080 in
3436 5028 3589 5081 roetu

1947 5145 2276 5207 procerum,
2289 5135 2344 5185 et
2363 5129 2523 5200 grata
2535 5124 2687 5182 circa
2699 5119 3003 5179 dominum
3018 5117 3432 5191 imperatorem
3452 5128 3590 5170 con·

1945 5220 2267 5283 versatione
2296 5232 2399 5291 per
2418 5216 2543 5274 dies
2564 5215 2783 5285 decem,
2806 5210 3024 5285 quibus
3053 5206 3209 5280 apud
3240 5204 3589 5277 eumJugem

1947 5329 2012 5374 se
2026 5310 2305 5379 exhibuit,
2329 5306 2503 5365 sicuti
2532 5306 2621 5365 vir
2641 5302 2930 5376 gratiosus
2949 5306 3092 5372 erat,
3112 5300 3346 5354 tantum
3361 5293 3590 5352 domini

1945 5400 2315 5477 imperatoris
2343 5403 2402 5458 et
2430 5395 2763 5472 principum
2791 5405 3039 5453 suorum
3069 5388 3320 5447 favorem
3351 5383 3587 5454 meruit,

1946 5501 2003 5553 et
2030 5495 2193 5550 tanto
2221 5486 2528 5550 charitatis
2558 5482 2788 5544 vinculo
2817 5495 3021 5539 eorum
3043 5474 3318 5537 cordibus
3347 5474 3589 5548 conglu-

1945 5582 2171 5645 tinatus
2198 5582 2314 5652 est,
2325 5581 2393 5639 ut
2409 5580 2472 5638 st
2481 5576 2772 5637 viventem
2795 5571 2966 5632 unice
2983 5570 3058 5630 de
3075 5569 3284 5628 eutero
3298 5567 3588 5637 tanquam
