3784 6000
295 197 306 231 ·“
345 205 484 273 utu

1388 202 1719 263 „nemci
1755 185 2248 259 ammaonte
2281 195 2717 256 memmi

3644 188 3784 268 m,

343 339 710 405 sideramus,
733 340 799 394 ut
832 332 1281 394 accendatillud
1321 332 1382 388 in
1400 329 1572 405 cnjns
1590 343 1777 387 manu
1810 324 1996 385 corda
2024 327 2070 381 A
2104 322 2291 394 digno
2311 322 2476 397 operi
2492 321 2792 379 volueritis
2808 338 3099 393 magnum
3115 333 3458 394 apponere,
3488 321 3562 371 ut
3580 314 3743 372 veuit·
3782 362 3784 386 4

345 434 486 487 sunt
513 443 747 501 regum.
786 427 997 483 Amen.
1141 512 1190 569 n

344 605 625 665 Aimerict·
648 604 730 661 ad
780 603 1100 661 Henricum
1130 603 1460 674 Anytorum
1491 613 1781 670 reoem.-
1809 596 1991 667 Ejzcs-

904 676 1034 734 dem
1066 672 1426 747 firmamenti.

546 766 786 839 (Bsaon.
815 765 1044 822 Annal.
1078 764 1153 820 ad
1198 777 1297 819 an.
1330 761 1493 830 1187,
1523 775 1692 817 num.
1722 759 1799 827 5.)

416 860 740 921 Amusicus,
772 855 874 910 Dei
905 854 1097 926 gratia
1122 857 1343 909 sanctoe
1382 856 1437 908 et
1462 847 1807 922 apostolicae
1829 843 1992 902 sedis

343 944 671 1003 Antiochia
684 942 1431 1017 patriarcha,l·lsna1co,per
1442 938 1722 997 eamdem
1736 935 1994 1007 gratiam

340 1032 671 1105 Anglornm
726 1032 1131 1090 ilulstrissimo
1192 1030 1337 1102 regi.
1389 1029 1608 1086 dilecto
1657 1026 1908 1083 domino
1938 1027 1996 1081 et

346 1122 565 1193 amico,
592 1121 655 1179 in
684 1122 785 1179 illo
809 1137 1063 1193 regnare
1083 1136 1190 1195 per
1205 1136 1386 1193 quem
1404 1133 1574 1189 reges
1594 1120 1866 1190 regnant.

416 1211 794 1283 Condignum
825 1218 882 1269 et
919 1208 1399 1268 inaestimabilem
1432 1206 1704 1263 dolorem
1723 1210 1993 1264 nostrum

345 1316 458 1374 pro
471 1300 777 1374 insperato
800 1306 858 1358 et
884 1298 1128 1357 terribili
1146 1298 1311 1372 quod
1332 1296 1533 1362 nobis,
1557 1296 1682 1352 imo
1712 1294 1819 1351 toti
1839 1292 1997 1350 Chri·

346 1388 633 1447 stianitati
648 1404 843 1461 nuper
862 1387 1100 1454 accidit,
1117 1386 1609 1453 infortunio,cnm
1628 1384 1917 1457 lacrymis
1939 1385 1997 1438 et

344 1477 708 1549 singultibus
736 1476 1094 1536 excellentia
1124 1481 1333 1533 vestrm
1360 1491 1466 1549 per
1509 1474 1637 1531 haec
1681 1471 1997 1546 praesentia

342 1566 801 1624 denuntiamus.
818 1566 1035 1625 Audiat
1052 1565 1364 1623 vobiscum
1380 1579 1560 1622 omne
1573 1562 1861 1620 saeculum
1884 1561 1995 1618 do-

2106 410 2202 481 tis,
2223 411 2317 468 vel
2339 415 2612 485 optatum
2645 411 2819 470 nobis
2862 411 3105 468 mittatis
3148 422 3520 467 succursum
3555 421 3571 460 ε
3603 404 3743 460 totis·

2104 502 2293 558 Terras
2319 502 2550 559 Sanctae
2567 499 2840 558 liberatio
2882 499 3053 557 vobis
3082 504 3217 572 post
3262 499 3459 553 Deum
3512 494 3745 566 impun-

2102 588 2285 658 bitur,
2315 593 2374 647 et
2394 605 2510 646 nos
2535 589 2665 663 ipsi,
2692 589 2751 646 in
2774 594 3076 664 qnantum
3096 602 3446 662 possumus,
3473 583 3743 653 lugentes,

2101 687 2160 736 et
2182 694 2284 736 rea
2312 684 2555 751 pectora
2577 684 2787 736 nostra
2813 678 3206 751 percutientes
3235 675 3313 733 ad
3333 677 3536 731 Deum
3557 670 3745 728 clatus·

2106 784 2241 824 mus
2262 774 2323 824 ut
2348 768 2475 841 ipse
2495 768 2681 825 donet
2701 768 2893 830 vobis,
2913 775 2966 825 et
2990 766 3135 823 velle
3151 773 3207 822 et
3224 780 3409 838 posse
3443 762 3531 819 ad
3579 760 3743 833 ipsun

2104 859 2187 916 sic
2209 858 2552 933 perficiendi
2584 859 2662 916 ad
2688 859 2931 916 laudem
2957 865 3014 915 et
3051 857 3301 928 gloriam
3340 855 3439 909 sui
3463 852 3743 909 nominis:

2102 954 2402 1022 quatenus
2426 948 2487 1004 in
2515 949 2630 1005 hoc
2661 950 2870 1005 mortis
2903 946 3149 1006 articulo
3176 948 3369 1003 Terrae
3428 944 3676 1000 Sanctus
3710 945 3745 996 et

2103 1035 2280 1093 nobis
2291 1035 3005 1094 clementersuccurratis.
3022 1033 3295 1107 Alioquin
3315 1030 3527 1096 nobis,
3564 1030 3743 1103 quive·

2104 1124 2204 1181 riis
2231 1124 2611 1197 subjacentes
2637 1123 2917 1198 periculis
2931 1123 3164 1180 diutino
3187 1119 3478 1190 languori
3498 1132 3745 1174 succun-

2102 1213 2326 1281 bimus,
2351 1212 2483 1286 jam
2495 1229 2738 1271 necesse
2756 1212 3202 1285 eritexspirare,
3220 1216 3278 1267 et
3299 1208 3446 1265 fuso
3472 1206 3745 1277 sanguiue

2104 1302 2592 1374 Christianorum,
2646 1302 3026 1362 Dominicum
3059 1299 3430 1372 sepulcrum,
3471 1303 3537 1353 et
3577 1296 3744 1352 Antio·

2103 1390 2302 1448 chiam
2325 1391 2588 1449 nobilem
2624 1393 2924 1449 civitatem
2960 1406 3101 1447 cnm
3130 1394 3285 1446 terra
3315 1385 3438 1443 sibi
3471 1384 3745 1457 adjacenti
3780 1417 3784 1426 ·

2104 1480 2166 1537 in
2177 1481 2570 1554 opprobrium
2583 1497 2706 1537 sem
2715 1481 2903 1553 pitern
2912 1495 3012 1536 um
3026 1478 3234 1536 exteris
3246 1474 3538 1534 nationib
3547 1491 3620 1531 ns
3632 1473 3744 1529 sub-

2101 1570 2318 1642 jacere.
2341 1572 2641 1642 Rogamus
2661 1578 2965 1645 premerem
3000 1571 3064 1624 ut
3082 1567 3332 1624 dilectos
3354 1564 3585 1622 fratres
3610 1562 3743 1620 Cabi-

342 1654 535 1713 lorem
563 1662 862 1723 nostrum,
893 1660 955 1713 ut
975 1654 1125 1714 sciat
1150 1653 1314 1713 unde
1344 1654 1561 1719 veniat,
1589 1658 1693 1710 ant
1722 1667 1847 1725 quo
1876 1657 1999 1708 ten·
2025 1677 2070 1733 B
2103 1660 2438 1731 lonensem,
2463 1667 2519 1717 et
2539 1660 2946 1717 valeniensem
2974 1658 3314 1730 episcopos,
3337 1670 3509 1728 quos
3534 1669 3648 1727 pro
3659 1653 3739 1710 hoe

342 1744 448 1804 dat
478 1749 684 1805 noster
709 1744 904 1803 luctus
925 1749 984 1802 et
1019 1749 1227 1802 nostra
1252 1742 1621 1802 lamentatio.
1653 1742 1878 1809 Quarto
1898 1738 1996 1798 die

347 1834 571 1892 mensis
595 1836 624 1892 J
631 1834 752 1902 ulii,
780 1849 943 1892 anno
979 1835 1278 1893 lucarnati
1304 1832 1484 1892 Verbi
1511 1831 1833 1890 millesimo
1859 1845 1996 1888 cen-

346 1923 564 1981 tesimo
578 1923 951 1996 octogesimo
961 1924 1238 1998 septimo,
1259 1922 1603 1990 Saladinus,
1623 1920 1871 1979 collecta
1888 1920 1995 1977 ho·

346 2012 529 2071 stium
554 2013 869 2087 peregrina
919 2012 1321 2083 multitudine,
1373 2010 1645 2085 pralium
1692 2007 1998 2067 commisit

348 2116 492 2159 cum
518 2100 611 2158 his
638 2101 743 2176 qni
767 2105 940 2159 erant
956 2103 1018 2160 iu
1047 2108 1205 2159 terra
1229 2100 1595 2159 Hierusalem
1628 2098 1994 2169 Christianis,

346 2197 405 2247 et
429 2189 578 2247 fusis
604 2205 814 2248 eorum
842 2192 1032 2265 copiis
1058 2190 1134 2247 de
1161 2191 1308 2262 ipsis
1336 2206 1446 2265 pro
1472 2189 1622 2248 velle
1651 2204 1763 2246 sno
1794 2188 1998 2246 trium·

317 2279 579 2353 ·phavit,
605 2278 844 2336 vivifica
866 2295 1039 2338 cruce
1056 2278 1318 2337 ludibrio
1344 2282 1671 2339 Turcornm
1701 2277 1994 2353 exposita,

347 2375 525 2441 capto
544 2384 684 2440 rege
704 2376 759 2426 et
780 2370 1066 2441 magistro
1082 2369 1327 2443 Templi,
1350 2368 1709 2441 Raymundo
1749 2381 1997 2442 qnoque

347 2458 616 2531 principe
638 2458 893 2531 propriis
914 2457 1200 2515 manibus
1239 2458 1485 2515 nefandi
1515 2455 1781 2516 Saladini
1823 2458 1998 2514 inter·

346 2544 540 2604 fecto:
573 2553 631 2604 et
659 2548 985 2621 episcopis,
1015 2564 1153 2604 cum
1196 2548 1544 2621 Templariis
1569 2554 1624 2604 et
1662 2545 1998 2619 Hospitala-

345 2635 472 2702 riis,
498 2640 559 2692 et
582 2652 721 2694 otim
748 2638 915 2693 omni
935 2636 1054 2694 fere
1080 2637 1457 2694 multitudine
1478 2637 1613 2697 MCC
1642 2641 1701 2694 et
1729 2636 1997 2708 peditum

347 2725 588 2796 triginta
615 2725 801 2782 millia
829 2726 889 2783 in
922 2726 1167 2783 tuitione
1200 2729 1255 2786 S.
1283 2727 1478 2784 crucis
1508 2726 1721 2797 gladiis
1759 2726 1998 2798 jugula-

348 2813 447 2881 tis,
478 2819 730 2885 excepta
759 2814 1140 2872 multitudine
1157 2816 1400 2888 copiosa
1417 2831 1554 2889 qum
1580 2819 1793 2888 postea
1816 2815 1878 2871 in
1906 2829 1998 2871 nr·

348 2901 529 2958 bibus
554 2918 711 2976 quas
743 2904 918 2974 cepit,
941 2907 1031 2959 est
1054 2904 1410 2976 interempta
1431 2903 1520 2961 vel
1544 2903 1864 2975 captivata.
1895 2902 1998 2960 Sa·

347 2990 794 3066 tiatusdeniqne
806 2992 1103 3062 sanguiue
1113 2991 1997 3060 Christianorum,Tiberiadem
2025 3022 2067 3081 C

347 3082 506 3154 cepit
530 3085 590 3138 et
620 3082 907 3139 munivit:
934 3081 1152 3139 deinde
1183 3083 1484 3139 civitatem
1510 3082 1777 3140 nobilem
1804 3085 1996 3140 Acca-

347 3184 459 3227 ron
478 3168 1995 3245 [Accon],Cayphas,Coesaream,Joppen,Nazareth,

347 3258 653 3328 Sebasten,
699 3259 1033 3332 Neapolim,
1062 3258 1333 3334 Lycidan,
1367 3261 1747 3327 Ramatham,
1790 3267 1991 3330 Arsnr,

348 3347 604 3416 Hebron,
633 3348 975 3407 Bethlehem
995 3354 1053 3406 et
1072 3354 1216 3407 tunc
1236 3350 1483 3407 demum
1503 3357 1774 3407 sanctam
1795 3352 1995 3408 civita·

352 3442 471 3495 tem
502 3437 889 3506 Hierusalem,
921 3445 978 3495 et
1007 3439 1349 3512 sepulcrum
1382 3441 1615 3497 Domini
1631 3439 1886 3509 obsedit,
1902 3442 1996 3514 ju·

346 3542 489 3584 rans
540 3527 708 3602 quod
733 3529 935 3600 ipsum
964 3527 1258 3586 frustatim
1311 3532 1697 3592 comminuet.
1751 3536 1808 3587 et
1862 3530 1994 3604 ejus

2105 1748 2237 1823 ipso
2259 1750 2339 1806 ad
2367 1765 2475 1807 vos
2493 1748 2944 1816 mandavimus,
2965 1744 3433 1805 commendatos
3463 1742 3737 1800 habeatis.

2103 1837 2318 1896 valete.

2878 1934 2973 1993 111.

2101 2031 2387 2091 stimerici
2414 2033 2495 2091 ad
2519 2034 2823 2105 Huqonem
2841 2032 3254 2090 Enseu-ianam.
3280 2060 3354 2071 —
3376 2029 3741 2101 Librumjsn

2245 2113 2455 2163 contra
2466 2105 2798 2163 doctrinam
2807 2104 3091 2163 Ecclesiae
3106 2103 3332 2161 (ἔναιρε
3346 2102 3599 2166 laudat,

2098 2231 2103 2236 -
2173 2191 2339 2266 (Vide
2387 2195 2451 2251 in
2503 2196 2748 2265 lingone
2805 2192 3139 2260 Etheriano,
3194 2190 3574 2263 Patroloqioe
3618 2196 3740 2248 tom.

2104 2280 2288 2355 CCII.)

2882 2380 2970 2436 lv.

2107 2478 2334 2535 Ter-rici
2357 2480 2559 2549 maana·
2595 2478 3062 2547 Templariorum
3106 2478 3498 2547 praeceptoris
3527 2475 3612 2533 ad
3633 2473 3739 2532 nuti·

2141 2563 2337 2607 versos
2350 2551 2563 2620 [ratres
2582 2550 2821 2618 Templi.
2834 2580 2903 2591 —
2917 2551 3001 2605 De
3024 2549 3199 2606 clade
3209 2547 3714 2605 Christianorum.

2354 2638 2590 2711 (Bsuoa.
2620 2638 2846 2694 Annal.
2871 2639 2948 2695 ad
2987 2653 3088 2694 an.
3142 2639 3299 2706 ¹¹87,
3332 2652 3394 2693 n.
3426 2636 3511 2708 4.)

2176 2728 2374 2785 Frater
2399 2730 2689 2795 Tamucus,
2722 2727 3121 2800 pauperrima
3149 2726 3369 2783 domus
3398 2724 3634 2797 Templi
3669 2723 3745 2780 di·

2106 2821 2236 2872 otus
2246 2831 2508 2886 magnus
2528 2821 2878 2890 praeceptor,
2902 2813 3479 2888 omnisqnefratrum
3496 2827 3747 2886 pauper·

2106 2904 2313 2969 rimus,
2346 2911 2401 2960 et
2414 2903 2532 2961 fere
2564 2904 2814 2960 omnino
2849 2901 3216 2960 annihilatus
3239 2905 3589 2965 conventus,
3630 2900 3752 2956 nni-

2104 2994 2293 3049 versis
2324 2992 2793 3067 proeceptoribus
2824 2998 2879 3050 et
2903 2990 3188 3049 fratribus
3213 2989 3457 3062 Templi,
3488 2989 3569 3046 ad
3600 3004 3754 3063 qnos

2103 3083 2311 3139 litteras
2340 3081 2468 3139 istas
2492 3082 2890 3155 pervenerint,
2921 3081 3172 3138 salutem
3204 3086 3260 3135 et
3278 3080 3341 3136 in
3371 3078 3543 3135 illum
3566 3079 3754 3152 suspi-

2103 3186 2236 3228 rare
2267 3171 2328 3229 in
2352 3186 2477 3244 qno
2499 3169 2584 3228 sol
2607 3176 2662 3228 et
2704 3170 2848 3228 luna
2886 3170 3200 3227 mirantur.

2175 3261 2330 3328 Quot
2365 3261 2728 3334 quantisque
2764 3258 3208 3316 calamitatibus
3242 3258 3331 3314 ira
3382 3257 3508 3324 Dei,
3551 3257 3750 3313 nostris

2102 3349 2361 3424 peccatis
2385 3349 2782 3423 exigentibus,
2816 3363 2928 3405 nos
2944 3347 3004 3404 in
3022 3346 3303 3420 praesenti
3321 3344 3622 3416 flagellari
3639 3361 3751 3418 per-

2104 3438 2348 3506 miserit,
2374 3453 2482 3494 nec
2510 3437 2740 3504 litteris,
2774 3452 2883 3494 nec
2909 3435 3094 3493 flebili
3123 3451 3267 3491 voce
3301 3434 3481 3507 (proh
3512 3434 3681 3490 dolor
3714 3432 3750 3504 l)

2101 3528 2396 3602 explicare
2420 3527 2714 3585 valemus.
2735 3527 2904 3584 Turci
2932 3526 3095 3583 enim
3125 3529 3500 3581 immensam
3516 3538 3755 3580 suarum

347 3617 631 3674 minutias
647 3617 706 3674 in
721 3617 1092 3690 profundum
1107 3618 1288 3675 maris
1309 3619 1598 3692 projiciet.
1616 3621 1724 3676 Pro
1736 3619 1994 3676 residuis
2096 3618 2368 3690 gentium
2384 3616 2814 3674 multitudinem
2826 3612 3755 3686 congregantes,Christianornm

328 3704 743 3765 {formidolosa
764 3722 875 3765 nos
893 3706 1116 3764 detinet
1132 3707 1445 3775 haesitatio,
1465 3711 1810 3779 ignorantes
1830 3709 1992 3766 diem

345 3801 403 3852 et
426 3795 642 3853 horam
673 3795 736 3851 in
765 3810 890 3869 qna
918 3795 1311 3867 subjicientur
1330 3797 1537 3854 ditioni
1567 3798 1698 3868 ejus
1724 3805 1782 3854 et
1820 3798 1993 3854 habi-

346 3888 565 3942 tatores
585 3900 795 3942 earum
824 3884 918 3942 vel
944 3884 1333 3958 captiventur,
1354 3885 1446 3941 vel
1477 3886 1845 3953 occidantur,
1872 3903 1995 3944 ma·

345 3973 506 4031 xime
533 3988 673 4030 cum
703 3972 1068 4031 victualibus
1096 3979 1154 4030 et
1183 3974 1553 4048 aequitaturis
1581 3979 1638 4031 et
1667 3975 1850 4031 armis
1874 3975 1997 4033 bel·

344 4064 476 4123 licis
505 4068 564 4121 et
590 4061 1008 4120 defensoribus
1036 4068 1266 4121 constet
1291 4079 1421 4120 esse
1448 4063 1758 4136 spoliatos.

417 4155 529 4210 Pro
571 4151 689 4211 hac
714 4157 882 4211 tanta
904 4152 993 4210 ira
1015 4157 1073 4210 et
1099 4152 1510 4224 indignatione
1539 4152 1639 4209 Dei
1665 4153 1726 4209 in
1759 4169 1872 4211 nos
1916 4152 1997 4211 ef·

343 4242 479 4300 fusa
506 4243 783 4316 desuper,
808 4257 1031 4314 panem
1051 4247 1328 4299 nostrum
1354 4257 1490 4298 cum
1519 4240 1803 4317 lacrymis
1827 4258 1998 4301 man·

345 4330 634 4389 ducamus
656 4336 713 4388 et
724 4330 1032 4388 turbamur
1046 4334 1269 4387 terrore
1280 4330 1648 4400 horribili,ne
1660 4332 1995 4404 sepulcrum
2026 4371 2074 4428 D

345 4419 730 4478 Dominicum
760 4421 971 4477 exteris
992 4419 1263 4477 tradatur
1290 4420 1654 4489 nationibus,
1684 4436 1760 4477 ne
1791 4420 1994 4494 pauci,

342 4511 449 4585 qui
477 4509 884 4569 remansimus
905 4509 966 4567 in
999 4515 1154 4567 terra
1199 4510 1551 4578 Christiana,
1595 4511 1647 4567 si
1676 4508 1996 4568 tardaverit

345 4616 688 4670 succursus,
742 4598 1092 4670 urgentibus
1140 4599 1418 4666 inimicis,
1453 4605 1689 4658 nostras
1732 4600 1994 4657 cervices

347 4689 564 4763 gladiis
576 4690 910 4747 ferientium
933 4692 1451 4762 supponamus.Et
1466 4689 1711 4764 quidem
1736 4689 1996 4762 pruden-

343 4781 430 4839 tia
452 4784 511 4837 et
527 4779 814 4852 opinione
824 4783 882 4835 et
900 4779 1119 4835 divitiis
1142 4779 1370 4836 caster-is
1388 4778 1633 4851 regibus
1650 4778 1998 4836 Occidenta-

342 4869 503 4928 libus
528 4868 926 4940 praeeminetis
955 4885 971 4936 ;
1003 4868 1176 4941 cujus
1195 4868 1481 4925 auxilium
1502 4884 1740 4940 semper
1755 4881 1998 4939 exspec-

342 4959 605 5018 tavimus
629 4978 644 5019 :
668 4972 990 5031 precamur
1030 4964 1093 5015 ut
1114 4959 1307 5016 Terras
1335 4957 1568 5015 Sanctae
1621 4956 1849 5030 potenti
1881 4957 1998 5013 fes-

342 5048 602 5106 tinanter
650 5047 1010 5104 succurratis
1040 5047 1282 5105 auxilio.
1315 5049 1381 5104 Et
1410 5047 1460 5102 si
1507 5046 1875 5104 tardaveritis
1907 5062 1996 5103 se·

339 5138 619 5213 pulcrum
639 5136 1015 5195 Dominicum
1036 5152 1174 5193 cum
1203 5136 1516 5193 Antiochia
1528 5135 1715 5193 nobili
1738 5136 1995 5204 civitate,

342 5235 399 5286 et
414 5233 571 5286 terra
591 5226 705 5284 sibi
726 5226 1042 5301 adjacente
1061 5226 1124 5285 in
1143 5225 1541 5300 opprobrium
1563 5225 1999 5298 sempiternum

343 5317 560 5376 exteris
584 5315 918 5389 subjacebit
944 5313 1307 5373 nationibus.
1349 5316 1702 5373 Mementote
1722 5315 1922 5373 laudis
1942 5317 2001 5371 et

345 5406 609 5463 nominis
637 5405 839 5474 vestri,
891 5410 955 5463 ut
976 5404 1132 5464 Deus
1155 5406 1259 5479 qni
1288 5421 1393 5462 vos
1421 5404 1759 5463 sublevavit
1793 5401 1998 5479 [subli-

346 5494 561 5572 mavit]
578 5495 643 5554 in
661 5509 943 5569 regnum,
967 5510 1077 5570 per
1096 5510 1207 5556 vos
1223 5496 1529 5555 exaltetur.
1554 5493 1625 5554 Et
1646 5494 1696 5553 si
1713 5493 1854 5552 hnic
1874 5498 1998 5551 tam

2101 3713 2443 3764 nostrornm
2460 3706 2611 3762 flues
2627 3706 2841 3763 acriter
2865 3704 3144 3761 invadere
3164 3710 3484 3775 coeperunt
3516 3719 3533 3769 ;
3555 3706 3754 3758 contra

2101 3811 2257 3869 qnos
2287 3800 2628 3851 nostrarum
2659 3794 2926 3866 gentium
2956 3791 3289 3865 phalanges
3317 3791 3752 3854 coadunantes,

2104 3884 2259 3941 infra
2285 3890 2529 3941 octavas
2556 3882 2873 3941 beatorum
2900 3881 3048 3938 Petri
3090 3885 3149 3937 et
3180 3878 3341 3936 Pauli
3382 3879 3448 3934 in
3490 3895 3598 3936 eos
3630 3893 3756 3935 con-

2105 3972 2292 4045 gredi,
2321 3977 2380 4029 et
2401 3988 2610 4029 versus
2644 3970 3020 4030 Tiberiadem
3059 3970 3274 4043 (quam
3316 3967 3636 4033 violenter,
3671 3983 3755 4023 ca-

2106 4069 2231 4120 stro
2268 4062 2396 4119 solo
2429 4062 2654 4127 relicto,
2693 4060 2997 4134 ceperant)
3027 4059 3137 4115 iter
3151 4059 3415 4130 arripere
3478 4072 3755 4131 prosum·

2106 4151 2362 4226 psimus.
2396 4152 2542 4209 Cum
2558 4166 2670 4208 nos
2697 4150 2760 4207 in
2777 4148 3040 4222 scopulis
3056 4147 3335 4222 pessimis
3357 4146 3753 4220 impulissent,

2104 4257 2216 4302 nos
2249 4240 2334 4299 ita
2367 4240 2576 4298 acriter
2615 4241 3145 4313 impugnaverunt,
3179 4235 3349 4310 qnod
3381 4237 3443 4293 S.
3489 4251 3669 4293 cruce
3708 4236 3753 4288 et

2103 4345 2243 4402 rege
2273 4334 2475 4387 nostro
2485 4331 2694 4402 captis,
2707 4331 2765 4385 et
2779 4327 2944 4385 omni
2959 4325 3339 4384 multitudine
3354 4331 3570 4383 nostra
3589 4325 3752 4382 inter·

2103 4419 2277 4487 fecta,
2306 4424 2362 4475 et
2384 4418 2633 4476 fratrum
2668 4423 3008 4475 nostrorum
3051 4416 3143 4488 (nt
3171 4413 3232 4471 in
3282 4412 3538 4472 veritate
3585 4411 3754 4470 credi·

2108 4512 2289 4581 mus),
2306 4507 2520 4565 eodem
2559 4507 2654 4563 die
2686 4505 2959 4563 ducentis
2979 4510 3037 4562 et
3056 4503 3292 4561 tricenis
3311 4501 3633 4560 decollatis
3646 4499 3755 4578 (ex-

2103 4598 2291 4672 ceptis
2311 4597 2427 4654 illis
2447 4595 2759 4667 sexagenis
2778 4595 2880 4669 qui
2904 4595 3098 4669 prima
3124 4593 3224 4650 die
3253 4591 3388 4648 Maii
3423 4589 3754 4664 interempti

2103 4687 2267 4760 sunt)
2285 4686 2380 4742 vix
2401 4685 2685 4742 dominns
2705 4697 2910 4740 comes
2941 4682 3215 4756 Tripolis,
3247 4686 3304 4738 et
3340 4679 3641 4737 dominns
3663 4681 3757 4737 Re-

2105 4775 2383 4847 ginaldus
2400 4774 2660 4839 Sidonis,
2685 4772 3086 4844 dominusque
3111 4769 3435 4839 Ballovius,
3472 4775 3534 4827 et
3558 4785 3668 4828 nos
3692 4766 3756 4823 de

2105 4865 2205 4923 illo
2238 4862 2561 4922 miserabili
2609 4877 2829 4934 campo
2875 4859 3131 4918 evadere
3178 4859 3518 4932 potuimus.
3550 4855 3757 4916 Deinde

2106 4955 2326 5030 pagani
2356 4953 2827 5011 Christianorum
2852 4954 3195 5006 nostrornm
3226 4948 3533 5017 sangnine
3556 4947 3760 5004 debac-

2106 5044 2264 5102 chati
2303 5058 2507 5099 versus
2532 5041 2831 5098 civitatem
2858 5044 3053 5095 Accon
3083 5054 3221 5094 cnm
3243 5036 3411 5093 omni
3447 5053 3567 5093 sna
3629 5034 3759 5093 mul-

2107 5133 2359 5192 titudine
2386 5131 2589 5188 venire
2607 5144 2728 5186 non
2749 5127 3126 5192 distulerunt,
3153 5140 3341 5198 quam
3360 5125 3662 5183 violenter
3679 5139 3764 5182 ca·

2107 5224 2353 5298 pientes,
2386 5226 2572 5277 totam
2605 5224 2826 5276 terram
2847 5217 2967 5274 fere
3012 5218 3402 5272 invaserunt:
3429 5214 3761 5272 Jerusalem

2107 5317 2166 5369 et
2196 5310 2473 5378 Ascalon,
2502 5313 2561 5367 et
2578 5311 2750 5383 Tyro,
2781 5312 2840 5364 et
2870 5304 3146 5362 Berithon
3170 5301 3368 5372 nobis,
3398 5309 3464 5360 et
3491 5302 3764 5361 Christis·

2099 5400 2276 5460 nitati
2307 5399 2451 5456 solis
2473 5398 2674 5456 adhuc
2703 5394 3094 5454 relictis.1stas
3123 5392 3303 5450 etiam
3332 5391 3624 5451 civitates
3652 5408 3767 5450 om·

2105 5489 2288 5551 nibus
2307 5505 2518 5548 earnm
2545 5487 2667 5547 fere
2693 5485 2927 5545 civibus
2955 5481 3301 5551 interfectis,
3331 5481 3453 5541 nisi
3473 5482 3763 5547 divinum.
