3784 6000
155 254 291 312 1141

1157 256 1533 316 EPISTOLAE
1568 252 1660 315 ET
1696 250 2134 314 PRIVILEGIA.
2177 286 2246 298 —
2284 257 2402 313 AN.
2444 256 2602 314 1182.

3427 254 3569 315 1142

150 375 248 444 sit,
280 377 362 434 ita
379 381 583 434 tamen
612 381 694 448 ut,
722 379 868 436 dum
901 380 1138 450 viveret,
1171 381 1255 438 eis
1283 380 1465 439 libere
1490 381 1802 451 frueretur,
1832 396 1880 452 A
1916 379 2091 436 annis
2120 384 2361 438 centum
2389 382 2627 453 triginta
2656 381 2958 455 quartalia
2986 380 3267 438 frumenti
3296 380 3373 437 ad
3409 396 3571 438 men-

149 471 208 522 et
232 481 302 523 eo
317 465 638 524 decedente
668 468 744 524 ad
763 468 1082 527 ecclesiam
1104 475 1367 528 vestram
1392 473 1517 527 sine
1532 469 1805 545 qualibet

149 556 624 613 contradictione
651 558 887 624 rediret,
920 565 977 616 et
1007 575 1110 616 vos
1144 560 1204 617 in
1235 561 1366 633 ejus
1396 560 1803 617 anniversario

148 643 224 701 de
255 645 603 718 proescripto
632 646 976 704 molendino
1011 646 1304 705 deberetis
1338 654 1600 722 quatuor
1627 662 1804 722 quar-

150 732 290 790 talia
318 733 599 791 frumenti
631 738 1000 809 pauperibus
1021 753 1286 809 erogare.
1318 739 1609 796 Praeterea
1634 737 1699 793 B.
1727 737 1802 796 de

148 823 343 880 Cunze
373 824 668 897 praedium
698 825 1009 898 quoddam
1051 827 1109 883 in
1148 828 1487 901 praescripta
1530 827 1664 886 villa
1693 842 1801 900 pro

147 928 260 970 sua
288 913 464 970 vobis
494 913 682 971 salute
725 914 962 987 legavit,
1014 932 1085 973 00
1115 917 1362 990 quidem
1388 922 1615 985 tenore,
1649 922 1712 974 ut
1736 916 1797 973 C.

149 999 304 1058 filius
351 1003 481 1075 ejus
514 1005 958 1061 concanonicus
991 1010 1179 1063 vester
1215 1007 1374 1063 istud
1404 1006 1700 1080 praedium
1737 1007 1798 1062 in

147 1106 259 1148 sua
276 1091 397 1148 vita
414 1092 738 1165 possideat,
756 1099 813 1151 et
848 1094 907 1150 in
940 1095 1551 1168 anniversariopatris
1575 1095 1800 1153 duode-

146 1181 264 1237 cim
297 1196 482 1253 panes
513 1181 863 1239 claustrales
893 1189 948 1240 et
975 1183 1215 1242 situlam
1243 1186 1365 1241 vini
1396 1191 1451 1242 et
1475 1185 1798 1242 duodecim

145 1268 426 1328 denarios
473 1273 842 1346 pauperibus
872 1273 1179 1345 largiatur,
1224 1280 1299 1342 et,
1346 1291 1418 1332 eo
1449 1275 1795 1341 decedente,

139 1359 270 1431 iam
296 1360 455 1417 dicta
470 1362 718 1420 ecclesia
745 1362 803 1419 in
831 1363 964 1436 ipso
981 1364 1205 1436 praedio
1219 1365 1292 1432 ei,
1321 1364 1487 1421 nullo
1504 1364 1798 1422 contradi-

144 1453 332 1516 cente,
362 1451 643 1508 succedat
661 1469 680 1518 ;
700 1450 828 1509 haec
851 1458 1051 1510 autem
1082 1454 1309 1522 omnia,
1341 1459 1514 1526 prout
1533 1469 1605 1512 ea
1627 1455 1797 1510 ratio-

142 1537 418 1595 nabiliter
438 1541 778 1613 possidetis,
805 1542 981 1598 vobis
1009 1547 1065 1599 et
1088 1543 1349 1601 ecclesiae
1371 1549 1576 1602 vestrae
1597 1549 1798 1601 aucto·

141 1628 312 1685 ritate
342 1630 675 1703 apostolica
703 1631 1154 1689 confirmamus.

211 1718 301 1774 Ad
330 1718 479 1788 haec,
522 1737 660 1777 cum
691 1728 765 1778 de
803 1722 1207 1794 cooperienda
1246 1722 1494 1780 ecclesia
1520 1728 1712 1780 restra
1740 1728 1795 1780 et
1824 1751 1867 1807 Β

140 1804 216 1862 de
237 1805 368 1863 aliis
389 1809 641 1880 quaestio
668 1808 915 1866 suborta
936 1809 1163 1877 fuisset,
1191 1811 1562 1882 recognitum
1592 1816 1680 1868 est
1698 1827 1794 1867 co-

138 1909 270 1951 ram
291 1897 576 1970 episcopo
602 1898 967 1971 supradicto,
991 1904 1165 1972 prout
1184 1899 1317 1971 eJus
1344 1900 1634 1973 scriptum
1654 1916 1794 1957 con-

139 1983 1594 2063 tinet,quodpraepositusdimidiam,etepiscopus
1609 1990 1790 2047 aliam

138 2078 369 2146 partem
383 2075 644 2132 ecclesiae
659 2075 919 2133 debeant
931 2092 1231 2150 reparare,
1246 2078 1482 2151 quoties
1510 2077 1573 2135 in
1587 2078 1793 2152 aliquo

137 2164 514 2236 reparatione
541 2164 755 2237 egebit.
788 2165 1038 2238 Insuper
1061 2167 1243 2223 etiam
1273 2167 1633 2240 praepositus
1665 2167 1790 2226 offi-

139 2252 288 2307 cinis
320 2251 591 2319 fratrum,
617 2254 889 2311 videlicet
920 2254 1180 2313 claustro
1206 2270 1313 2330 per
1335 2261 1546 2323 totum,
1573 2256 1791 2314 dormt-

139 2340 316 2407 torio,
348 2343 678 2411 refectorio,
726 2344 998 2415 pistrino,
1030 2345 1290 2417 cellario,
1338 2345 1687 2403 molendino
1716 2362 1790 2403 ne

142 2428 343 2501 aliqua
374 2432 735 2503 negligentia
755 2432 1050 2490 defectum
1073 2441 1347 2506 procuret
1378 2434 1618 2491 sollicite
1646 2450 1791 2508 prze-

140 2520 395 2585 cavebit,
424 2522 544 2576 etsi
566 2522 745 2577 etiam
777 2522 979 2594 aliqua
1004 2538 1039 2579 a
1062 2538 1168 2580 suo
1194 2529 1350 2580 statu
1371 2523 1692 2581 ceciderint
1719 2540 1791 2581 ea

132 2607 207 2664 de
237 2611 479 2683 proprio
509 2612 867 2669 restaurabit
897 2612 1271 2687 defectuique
1299 2615 1379 2671 rei
1399 2612 1708 2671 familiaris
1733 2619 1791 2671 et

130 2696 474 2755 divinorum
501 2699 927 2774 obsequiorum
953 2719 1090 2759 cum
1121 2703 1286 2758 omni
1317 2702 1625 2776 diligentia
1650 2712 1785 2774 pro-

127 2786 372 2843 videbit.
409 2790 469 2845 Et
518 2790 564 2846 si
596 2790 792 2863 aliquo
824 2806 896 2847 ex
947 2791 1135 2864 ipsius
1172 2792 1537 2862 negligentia
1580 2792 1671 2848 vel
1703 2793 1787 2848 in·

129 2875 298 2931 curia
326 2893 506 2950 super
535 2879 626 2934 his
669 2879 921 2936 ecclesia
949 2887 1145 2937 vestra
1184 2881 1436 2938 senserit
1465 2880 1783 2937 detrimen·

130 2967 280 3033 tum,
314 2965 473 3023 idem
508 2969 864 3041 praepositus
908 2969 1071 3027 illata
1109 2968 1337 3027 damna
1370 2968 1660 3028 tenebitur
1689 2984 1784 3028 re-

128 3055 367 3113 sarcire.
424 3057 809 3114 Cellerarium
877 3059 1056 3115 etiam
1107 3058 1357 3115 fratrum
1411 3075 1546 3115 cum
1616 3060 1782 3117 omni

124 3143 432 3214 diligentia
457 3145 824 3219 procurabit,
849 3162 970 3220 quo
992 3162 1201 3203 eorum
1231 3148 1604 3221 praebendas,
1623 3148 1782 3206 vide·

121 3230 256 3288 licet
268 3232 623 3291 frumentum
639 3240 694 3292 et
708 3236 913 3292 vinum
928 3234 1115 3308 ipsius
1130 3235 1420 3293 custodies
1433 3236 1780 3311 deputatum

124 3321 333 3378 usibus
364 3322 610 3380 fratrum
646 3324 894 3381 fideliter
918 3324 1268 3393 referentur,
1298 3341 1370 3381 ne
1400 3323 1603 3401 aliquo
1634 3343 1781 3384 casu

121 3412 471 3483 perdantur.
494 3413 548 3470 Si
568 3428 708 3469 vero
727 3413 1032 3485 deperdita
1057 3413 1295 3483 fuerint,
1323 3414 1528 3471 omnia
1556 3421 1780 3473 restau-

121 3500 298 3562 rabit,
328 3516 436 3555 nec
476 3501 602 3558 sine
633 3503 941 3559 communi
981 3502 1267 3559 electione
1298 3503 1545 3560 fratrum
1577 3503 1655 3561 ad
1680 3521 1776 3561 re-

118 3588 467 3659 cipiendum
500 3591 766 3662 aliquem
796 3592 854 3646 in
896 3591 1252 3649 canonicam
1281 3596 1637 3667 potestatem
1666 3594 1776 3653 ha·

116 3677 286 3733 bebit
312 3696 331 3749 3
365 3678 663 3736 decanum
706 3695 973 3754 quoque,
1007 3681 1363 3752 magistrum
1408 3682 1773 3753 scholarum,

115 3768 454 3830 custodem,
489 3771 912 3841 portenarium,
968 3769 1338 3828 cellerarium
1372 3784 1495 3827 non
1545 3771 1655 3829 nisi
1695 3773 1775 3831 ad

114 3856 467 3914 electionem
492 3858 742 3917 fratrum
770 3861 1083 3917 constituet
1099 3878 1118 3928 ‚·
1151 3877 1261 3917 nec
1291 3861 1471 3918 etiam
1494 3861 1573 3920 ad
1598 3863 1772 3935 pisto-

112 3962 251 4002 rum
282 3948 792 4015 constituendum,
821 3949 938 4006 nisi
969 3950 1176 4007 electio
1220 3950 1470 4007 fratrum
1501 3952 1768 4021 accedat,

111 4050 333 4092 manus
363 4037 640 4094 extendet
671 4054 685 4104 ;
717 4053 863 4095 vasa
891 4053 1135 4111 quoque
1176 4039 1424 4105 vinaria,
1473 4045 1773 4113 quotquot

112 4123 365 4181 fratrum
388 4126 605 4183 fuerint
632 4126 846 4184 usibus
875 4128 1237 4196 necessaria,
1267 4144 1340 4184 ex
1370 4131 1618 4201 proprio
1653 4130 1770 4186 mi-

109 4213 406 4281 nistrabit,
464 4221 519 4272 et
547 4215 641 4273 his
693 4216 829 4273 tabe
877 4221 981 4273 aut
1027 4220 1321 4272 vetustate
1369 4219 1767 4291 consumptis,

108 4302 229 4359 alia
256 4319 415 4361 nova
438 4305 735 4362 tenebitur
757 4306 1056 4363 exhibere.
1078 4305 1308 4363 Nullam
1337 4310 1542 4363 autem
1573 4309 1770 4365 curia-

104 4407 268 4459 rum,
295 4408 554 4465 quarum
575 4393 823 4451 donatio
849 4395 899 4451 ei
920 4394 994 4451 de
1017 4396 1151 4470 jure
1175 4396 1583 4468 praepositurae
1606 4412 1766 4454 com-

1915 482 2120 525 suram
2137 469 2527 528 ecclesiarum
2550 470 3003 541 Argentinensis
3028 469 3303 537 civitatis,
3322 474 3379 526 et
3397 470 3571 544 quin·

1912 572 2031 630 que
2071 565 2339 616 carratas
2378 560 2521 628 vini,
2555 560 2729 616 vobis
2778 559 2956 616 debet
2993 558 3320 624 exsolvere,
3356 564 3570 632 praeter

1911 644 2121 703 decem
2178 647 2474 721 quartalia
2512 648 2793 706 frumenti
2843 664 2977 721 quic
3007 648 3184 705 debet
3226 649 3478 720 decano,
3512 652 3572 707 et

1911 738 2400 811 praeterquinque
2411 737 2727 812 quartalia,
2743 754 2879 811 quae
2895 737 3229 812 praebendte
3242 737 3567 811 eleemosy-

1911 825 2092 881 narioe
2110 825 2255 883 dare
2278 831 2529 885 tenetur.
2556 827 2839 885 Denarios
2859 843 3102 901 quoque
3122 827 3373 884 fratrum
3392 828 3566 883 vesti-

1908 913 2025 971 bus
2064 914 2382 989 deputatos
2434 919 2791 991 praepositus
2842 917 3227 987 ministrabit,
3260 921 3318 973 et
3365 916 3449 974 ita
3488 931 3563 974 ne

1908 1002 2118 1061 fratres
2131 1005 2192 1061 in
2206 1005 2542 1064 officiorum
2564 1007 2907 1064 divinorum
2923 1007 3152 1079 possint
3163 1004 3563 1063 celebratione

1909 1096 2125 1164 tepere.
2145 1094 2592 1152 calefactoriam
2611 1097 2787 1153 etiam
2807 1112 2841 1153 a
2855 1095 3005 1153 festo
3032 1096 3102 1153 B.
3126 1095 3349 1153 Martini
3369 1108 3563 1167 usque

1908 1181 1985 1237 ad
1999 1183 2245 1241 Coenam
2261 1185 2493 1241 Domini
2510 1184 2727 1242 diebus
2754 1185 3009 1256 singulis
3023 1184 3100 1242 ad
3117 1201 3293 1240 usum
3310 1183 3559 1240 fratrum

1907 1285 2015 1344 per
2037 1271 2570 1331 ministrumsuum
2603 1274 2778 1332 faciet
2799 1274 3065 1341 califieri,
3094 1278 3151 1331 et
3174 1274 3380 1330 fenum
3403 1273 3560 1346 prati

1907 1359 1982 1417 de
2016 1363 2315 1419 Urmatten
2344 1363 2406 1419 18
2429 1364 2703 1436 ipsorum
2734 1363 2976 1420 fratrum
3006 1362 3362 1421 utililitatem
3381 1361 3561 1420 etiam

1907 1450 2165 1523 propriis
2187 1453 2467 1525 expensis
2493 1453 2703 1511 secari.

1977 1541 2056 1596 Ne
2086 1555 2229 1611 ergo
2254 1545 2464 1598 contra
2490 1541 2548 1597 id
2579 1540 2745 1615 quod
2771 1545 3057 1598 statutum
3084 1545 3171 1597 est
3201 1539 3562 1612 praepositus
3669 1592 3673 1599 .

1905 1627 2205 1701 quidquid
2240 1628 2408 1686 vobis
2454 1630 2802 1687 subtrahere
2835 1628 3053 1698 valeat,
3095 1633 3200 1687 aut
3233 1645 3342 1686 vos
3370 1627 3451 1686 ab
3487 1644 3559 1686 eo

1906 1716 2172 1774 debeatis
2222 1720 2521 1792 requirere
2572 1719 2734 1792 quod
2784 1719 2911 1791 ipse
2941 1718 3115 1775 vobis
3164 1718 3396 1774 solvere
3447 1733 3559 1775 nec

1903 1805 2049 1863 dare
2072 1812 2363 1874 teneatur,
2383 1808 2512 1866 haec
2530 1825 2668 1882 quae
2695 1808 3107 1881 praediximus,
3127 1812 3304 1881 prout
3322 1813 3461 1864 sunt
3480 1806 3556 1863 de

1905 1896 2083 1952 vestri
2128 1896 2392 1970 episcopi
2440 1898 2788 1955 auctoritate
2836 1902 3055 1954 statuta
3094 1901 3150 1953 et
3193 1896 3256 1953 in
3304 1895 3557 1953 ecclesia

1902 1990 2098 2042 vestra
2149 1986 2449 2043 servanda
2483 1985 2694 2043 futuris
2744 1986 3116 2060 temporibus
3170 1984 3554 2059 praecipimus

1901 2073 2132 2145 integra
2161 2090 2530 2148 permanere.

1974 2166 2351 2222 Decrevimus
2379 2181 2523 2237 ergo
2551 2170 2611 2223 ut
2650 2165 2796 2223 nulli
2826 2165 3075 2223 omnino
3105 2164 3423 2221 bominum
3463 2162 3555 2220 fas

1901 2252 1978 2310 sit
2001 2253 2313 2325 proefatam
2335 2254 2656 2312 ecclesiam
2672 2258 2890 2312 temere
2916 2252 3296 2324 conturbare,
3312 2252 3478 2324 autej
3490 2269 3557 2310 us

1904 2343 2312 2414 possessiones
2331 2344 2581 2410 auferre,
2603 2344 2691 2402 vel
2718 2344 2952 2402 ablatas
2975 2343 3248 2409 retinere,
3265 2342 3555 2406 minuere,

1902 2436 2007 2489 aut
2024 2432 2391 2506 quibuslibet
2413 2434 2828 2492 vexationibus
2844 2433 3213 2508 perturbare,
3232 2433 3337 2490 sed
3349 2432 3559 2490 omnia

1902 2521 2137 2593 integra
2162 2529 2593 2581 conserventur
2604 2538 2815 2582 eorum
2843 2540 2952 2597 pro
2973 2539 3235 2597 quorum
3262 2522 3557 2594 guberna-

1902 2610 2060 2669 tione
2080 2627 2151 2669 ac
2172 2614 2604 2670 sustentatione
2635 2629 2920 2671 concessa
2945 2619 3107 2683 sunt,
3129 2612 3338 2668 usibus
3359 2611 3558 2667 omni-

1900 2700 2097 2757 modis
2121 2702 2453 2773 profutura,
2471 2702 2637 2760 salva
2651 2703 2810 2760 sedis
2821 2702 3167 2776 apostolicae
3181 2700 3549 2766 auctoritate,

1897 2794 1954 2845 et
1971 2788 2301 2847 dioecesani
2326 2791 2590 2865 episcopi
2613 2791 3170 2864 canonicaJ‘ustitia.
3201 2789 3393 2863 Siqua
3407 2803 3551 2861 ergo

1896 2877 1956 2935 in
1986 2878 2249 2936 futurum
2280 2881 2676 2938 ecclesiastica
2709 2880 3090 2939 soecularisve
3121 2894 3401 2952 persona,
3433 2881 3547 2936 etc.

1965 2969 2085 3039 Ego
2113 2968 2327 3026 Lucius
2356 2970 2663 3028 catholicae
2697 2970 2968 3029 Ecclesioe
2993 2969 3330 3043 episcopus.

1965 3060 2087 3128 Ego
2129 3060 2333 3116 Petrus
2390 3062 2475 3118 tit.
2529 3061 2585 3118 S.
2647 3060 2943 3118 Susannoe
3001 3060 3312 3133 presbyter
3349 3058 3543 3117 cardi·

1890 3147 2069 3206 nalis.

1964 3239 2087 3307 Ego
2130 3236 2412 3295 Vivianus
2456 3239 2539 3295 tit.
2592 3241 2647 3296 S.
2680 3238 2968 3312 Stephani
3017 3239 3078 3295 in
3124 3237 3303 3295 Coelio
3352 3240 3544 3295 Monte

1890 3326 2092 3399 presb.
2128 3326 2471 3383 cardinalis.

1962 3414 2084 3484 Ego
2111 3414 2400 3487 Cynthius
2423 3414 2624 3488 presb.
2658 3416 2816 3472 card.
2853 3416 2937 3473 tit.
2973 3417 3031 3474 S.
3063 3414 3311 3473 Cecilioe.

1959 3504 2080 3575 Ego
2102 3503 2410 3562 Arduinus
2435 3504 2639 3576 presb.
2668 3503 2833 3561 card.
2864 3504 2947 3562 tit.
2980 3504 3038 3560 S.
3066 3504 3266 3562 Crucis
3293 3505 3354 3561 in
3383 3504 3546 3563 Jeru-

1887 3591 2096 3649 salem.

1960 3683 2079 3755 Ego
2109 3681 2413 3740 Matthaeus
2443 3681 2639 3755 presb.
2673 3681 2837 3739 card.
2873 3681 2956 3739 tit.
2988 3682 3045 3737 S.
3075 3680 3346 3739 Marcelli.

1956 3773 2080 3842 Ego
2105 3770 2417 3828 Laborans
2448 3770 2653 3844 presb.
2686 3770 2848 3828 card.
2885 3772 3117 3830 Sanctae
3149 3770 3344 3827 Mariae
3377 3772 3546 3829 trans

1882 3861 2137 3918 Tiberim
2168 3861 2251 3917 tit.
2286 3860 2513 3918 Calixti.

1955 3953 2075 4022 Ego
2097 3950 2462 4023 Hyacinthus
2490 3950 2785 4008 diaconus
2808 3950 2973 4007 card.
3013 3951 3069 4007 S.
3103 3951 3298 4007 Marioe
3322 3950 3385 4009 18
3403 3950 3544 4010 Cos·

1883 4039 2108 4097 medin.

1952 4130 2074 4201 Ego
2103 4127 2344 4185 Ardicio
2373 4128 2572 4187 Sancti
2606 4128 2898 4186 Theodori
2925 4127 3082 4186 diac.
3108 4128 3276 4187 card.

1957 4222 2075 4290 Ego
2105 4220 2415 4291 Raynerus
2444 4218 2740 4276 diaconus
2771 4218 2935 4276 card.
2966 4220 3025 4277 S.
3062 4218 3297 4290 Georgii
3327 4218 3406 4278 ad
3432 4221 3540 4279 Ve-

1878 4306 2005 4364 lum
2036 4314 2317 4364 Aureum.

1951 4400 2074 4467 Ego
2126 4396 2437 4454 Gratianus
2483 4399 2840 4457 Sanctorum
2887 4401 3117 4457 Cosmoe
3160 4404 3217 4456 et
3264 4399 3539 4456 Damiani

106 4481 274 4554 petit,
316 4482 442 4539 sine
487 4482 738 4539 fratrum
790 4482 1074 4541 electione
1104 4485 1350 4543 locabit.
1402 4485 1766 4544 Beneficium
1801 4491 1846 4548 D
1878 4487 2034 4544 diac.
2064 4484 2229 4543 card.

105 4575 309 4627 autem
337 4571 585 4645 aliquod
605 4571 922 4630 claustrale
954 4589 1091 4630 cum
1117 4575 1439 4643 vacaverit,
1463 4575 1610 4633 nulli
1631 4576 1768 4648 jure

109 4660 483 4718 successorio
529 4661 886 4718 conteratur.
932 4664 1288 4736 praepositus
1328 4668 1529 4721 autem
1561 4664 1643 4721 illl
1672 4681 1769 4724 ca·

105 4750 345 4817 nonico,
378 4751 480 4825 qui
513 4751 592 4808 ab
623 4766 693 4807 eo
725 4752 1072 4824 proximum
1104 4752 1307 4810 locum
1336 4752 1586 4821 obtinet,
1620 4752 1767 4812 illud

106 4840 431 4896 concedere
461 4856 580 4896 non
598 4839 938 4913 denegabit,
961 4841 1010 4896 si
1037 4846 1235 4898 tamen
1258 4841 1318 4899 id
1337 4842 1566 4915 adipso
1588 4842 1767 4902 devo-

104 4928 283 4985 tionis
306 4930 505 4986 studio
532 4929 705 4986 fuerit
727 4928 1114 5002 postulatum.
1145 4930 1206 4987 Si
1233 4945 1375 4989 vero
1403 4933 1765 4991 beneficium

107 5016 255 5074 illud
286 5019 591 5091 postulare
623 5019 897 5086 noluerit,
935 5020 1295 5094 proepositus
1328 5022 1533 5092 ipsum
1561 5023 1765 5080 confe-

107 5107 277 5162 rendi
295 5108 388 5164 cui
410 5108 671 5165 ecclesiae
689 5114 900 5165 vestrae
918 5109 1210 5167 canonico
1226 5110 1498 5168 maluerit
1519 5110 1613 5169 fac
1622 5111 1767 5171 ulta·

108 5201 229 5252 tem
260 5196 522 5267 habebit,
552 5198 929 5270 singulorum
955 5203 1154 5256 tamen
1184 5199 1462 5258 facultate
1490 5200 1764 5258 conside·

103 5289 254 5351 rata,
288 5299 395 5341 nec
426 5287 475 5342 si
500 5302 689 5344 unum
715 5288 906 5346 ditare
935 5287 1226 5354 intendat,
1259 5294 1320 5344 ut
1343 5288 1475 5346 aliis
1496 5289 1764 5347 occasio-

109 5389 248 5432 nem
276 5375 544 5432 scandali
574 5381 856 5449 praestare
887 5378 1178 5435 videatur.

183 5463 544 5536 Praepositus
567 5464 816 5539 insuper
835 5467 1195 5539 praehendas
1217 5467 1471 5524 fratrum
1498 5464 1760 5540 recipere

113 5552 375 5634 debebit·
384 5553 461 5612 de
475 5554 641 5614 curia
654 5555 929 5616 videlicet
944 5556 1260 5627 Kircheim,
1278 5556 1357 5615 de
1370 5569 1497 5636 qua
1510 5554 1761 5636 singulis

1951 4579 2071 4649 Ego
2083 4574 2429 4633 Chonradus
2446 4575 2769 4648 episcopus
2789 4572 3244 4644 salsburgensis
3261 4573 3536 4631 Ecclesia!

1877 4666 2176 4723 minister.

1949 4758 2069 4825 Ego
2115 4753 2487 4812 Theodrinus
2524 4751 2869 4809 portuensis
2908 4754 2965 4808 et
2995 4752 3051 4808 S.
3095 4751 3322 4808 Rufinae
3375 4750 3538 4809 sedis

1876 4844 2219 4917 episcopus.

1946 4931 2067 5006 Ego
2094 4933 2298 4988 Petrus
2326 4928 2795 4986 Tusculanensis
2831 4929 3175 5002 episcopus.

1948 5022 2071 5092 Ego
2097 5016 2311 5077 Paulus
2341 5016 2738 5076 Proenestinus
2766 5016 3108 5091 episcopus.

1950 5112 2161 5167 Datum
2203 5106 2430 5165 velletri
2460 5122 2568 5179 per
2597 5121 2849 5164 manum
2886 5105 3106 5162 Alberti
3148 5105 3205 5162 S.
3243 5107 3530 5163 Romanae

1875 5196 2150 5255 Ecclesiae
2194 5197 2394 5271 presb.
2426 5195 2589 5253 card.
2632 5199 2689 5252 et
2716 5193 3056 5253 cancellarii
3099 5210 3175 5250 vn
3210 5193 3348 5251 tdus
3376 5193 3529 5261 Maii.

1876 5286 2197 5343 indictione
2226 5303 2321 5352 xv,
2349 5284 2780 5343 incarnationis
2820 5283 3145 5342 Dominicoe
3174 5298 3337 5341 anno
3372 5284 3530 5352 ¹182,

1876 5374 2260 5449 pontificatus
2302 5389 2446 5433 vero
2492 5373 2702 5431 domni
2731 5374 2895 5432 Lucii
2940 5388 3117 5450 papoe
3168 5371 3317 5431 tertii
3367 5386 3530 5432 anno

1875 5464 2098 5539 primo.
