3784 6000
986 253 1358 316 EPISTOLAE
1396 253 1484 313 ET
1519 252 1964 318 PRIVILEGIA.
2003 291 2070 304 —
2108 260 2223 321 AN.
2264 260 2429 322 1181.

3256 252 3396 322 10⁸2

138 395 174 437 o
201 379 529 450 Laborem,
559 383 762 457 presb.
793 383 955 442 card.
989 383 1221 442 Sanctae
1251 384 1441 441 Mariae
1469 387 1630 441 trans
1657 381 1706 438 A
1736 385 1843 460 qui
1872 387 2171 456 canonici,
2202 389 2419 457 clerici,
2450 392 2732 450 monachi
2761 393 2855 450 vel
2882 393 3018 450 laici
3044 397 3253 451 contra
3279 391 3398 467 pri-

137 468 243 527 rim
282 472 365 528 tit.
401 471 635 530 Calixti.

137 574 179 615 o
226 562 613 633 Hyacinthus,
664 561 822 619 diac.
869 563 1037 621 card.
1088 565 1312 621 Sanctae
1339 562 1532 619 Marioe
1570 561 1628 618 in

136 648 334 705 nediu.

136 752 179 793 ὀ
215 739 546 806 Rainerius‚
575 741 730 798 diac.
763 743 927 800 card.
960 742 1044 799 tit.
1080 740 1527 811 SanctiGeorgii
1552 738 1631 796 ad

136 842 194 881 m
226 829 506 886 Aureum.

136 931 181 971 ὀ
214 918 541 985 RaineriuS,
569 920 720 978 diac.
746 921 911 978 card.
943 922 998 978 S.
1036 921 1298 978 Adriani.

135 1019 180 1060 ὀ
212 1007 536 1072 Matthaeus.
570 1010 726 1066 diac.
759 1011 922 1067 card.
953 1014 1007 1068 S.
1042 1010 1233 1067 Mariae
1260 1012 1461 1066 Novoe.

845 1102 1055 1171 (Locus
1082 1102 1124 1172 -1-
1145 1100 1345 1171 siqui.)

136 1191 267 1239 tum
320 1188 516 1243 Romae
547 1189 708 1260 apud
743 1189 800 1245 S.
835 1193 1065 1246 Petrum
1116 1205 1223 1261 per
1253 1205 1504 1245 manum
1535 1187 1631 1243 Al-

151 1279 371 1330 sanctae
391 1278 674 1333 Romanae
699 1277 966 1334 Ecclesioe
997 1278 1191 1347 presb.
1223 1278 1385 1333 card.
1411 1282 1468 1334 et
1493 1292 1630 1332 can·

169 1378 224 1417 vi
256 1363 380 1418 Kal.
436 1365 798 1437 Decembris,
835 1367 1035 1423 indict.
1068 1384 1163 1432 xv,
1200 1366 1629 1423 lucarnationis

134 1449 300 1506 inicae
335 1467 495 1509 anuo
533 1456 682 1520 118¹,
718 1455 1036 1528 poutiflcus
1069 1471 1208 1512 vero
1234 1455 1439 1511 domni
1467 1454 1626 1511 Lucii

135 1554 151 1594 ι
181 1539 250 1594 lll
285 1555 449 1599 anno
474 1560 510 1598 1.

729 1635 866 1689 Vlll.

135 1717 239 1773 illc
252 1733 363 1786 pro
383 1721 685 1789 fratribus
717 1723 1242 1795 Hierosolymitani
1269 1722 1621 1792 Hospitalis.

255 1808 497 1877 (Romae,
534 1826 632 1882 ap.
660 1813 715 1869 S.
742 1813 998 1877 Petrum,
1040 1815 1181 1868 Nov.
1215 1813 1333 1883 29.)

135 1893 421 1966 ἰ’ίυίίὲρεε
431 1899 504 1955 de
513 1898 685 1956 Saine
710 1903 860 1957 Jean
873 1901 1300 1968 delerusalem,
1318 1917 1369 1971 p.
1381 1899 1448 1956 87
1463 1900 1510 1973 .]

134 1983 261 2039 cius
280 1987 622 2058 episcopus,
646 2004 851 2045 servus
877 2006 1182 2046 servorum
1218 1989 1340 2056 Dei,
1375 2004 1616 2045 venera·

136 2072 478 2131 isfratribus
503 2080 989 2151 archiepiscopis,
1011 2080 1301 2152 episcopis
1317 2084 1373 2135 et
1388 2077 1618 2134 dilectis

135 2161 476 2235 abbatibus,
512 2167 831 2238 prioribus,
871 2169 1325 2233 archidiaconis,
1353 2168 1617 2237 decanis,

134 2254 330 2323 ›yteris
358 2259 416 2309 et
447 2255 577 2310 aliis
608 2256 997 2313 ecclesiarum
1033 2257 1312 2329 praelatis,
1347 2257 1424 2312 ad
1458 2272 1616 2330 quos

134 2356 171 2396 n
222 2342 351 2398 istae
408 2345 804 2415 pervenerint,
844 2345 1093 2402 salutem
1130 2353 1184 2402 et
1225 2347 1616 2419 apostolicam

134 2429 463 2488 fictionem.

134 2517 386 2575 divimus
409 2527 465 2577 et
488 2522 801 2579 audientes
820 2524 1014 2580 mirati
1037 2541 1271 2592 sumus,
1293 2526 1457 2597 quod
1477 2541 1616 2581 cum

134 2608 187 2662 is
219 2608 355 2663 filiis
401 2612 580 2667 nostri
633 2612 915 2669 fratribus
956 2613 1464 2686 Hierosolymitani
1511 2614 1617 2671 ho·

144 2697 189 2751 is
216 2713 251 2753 a
282 2701 551 2771 patribus
577 2708 633 2758 et
662 2703 1202 2774 praedecessoribus
1228 2704 1447 2761 nostris
1477 2720 1616 2760 con·

133 2802 202 2841 im
236 2788 325 2852 sit,
356 2795 411 2844 et
444 2806 477 2845 a
510 2790 853 2864 nobisipsis
887 2793 1273 2863 postmodum
1319 2793 1615 2850 indultum

134 2874 462 2934 ilii-matum
504 2885 562 2934 ut
586 2880 661 2935 de
693 2881 1000 2938 laboribus
1031 2898 1185 2955 quos
1214 2883 1470 2955 propriis
1492 2898 1616 2940 ma-

133 2986 137 3016 a
183 2970 238 3023 et
282 2969 615 3041 sumptibus
645 2970 921 3028 excolunt
948 2972 1169 3029 nemini
1203 2972 1469 3030 decimas
1500 2971 1615 3030 sol-

133 3059 714 3125 ;eneantur.Quidam
737 3060 816 3116 ab
843 3061 926 3116 eis
948 3067 1152 3118 contra
1177 3061 1611 3132 indulgentiam
1647 3095 1687 3152 C

1738 476 1913 546 vilegi
1922 478 2131 535 aseclis
2143 480 2481 552 apostolicae
2500 482 2807 553 praedictos
2820 482 3026 540 fratres
3038 483 3394 540 decimarum

1738 567 2047 623 exactione
2069 571 2472 637 gravaverint,
2497 573 2822 629 canonicos
2850 571 3095 628 clericos
3121 573 3243 629 sive
3261 587 3395 628 mo-

1738 655 1987 722 nachos,
2005 658 2494 724 contradictione,
2512 660 2931 733 appellatione.
2960 661 3246 718 dilatione
3266 677 3392 717 ces-

1739 749 1931 811 sante,
1955 745 2034 801 ab
2056 746 2253 803 oflicio
2281 749 2659 821 suspendatis
2683 768 2696 815 ;
2725 750 2909 807 laicos
2926 755 3126 806 autem
3153 765 3389 806 excom·

1739 832 2162 891 municationis
2204 840 2498 894 sententia
2528 838 2856 910 percellatis
2884 848 2940 894 et
2984 844 3106 895 tam
3154 854 3392 895 excom·

1742 922 2343 998 municationisquam
2370 930 2788 1000 suspensionis
2803 929 3146 985 sententiam
3161 927 3390 984 faciatis

1743 1027 1931 1083 usque
1962 1014 2038 1068 ad
2065 1014 2313 1083 dignam
2347 1016 2809 1074 satisfactionem
2838 1015 3256 1074 inviolabiliter
3282 1016 3383 1072 ob·

1740 1102 1985 1156 servari.
2017 1102 2100 1156 Ad
2126 1103 2240 1159 boc
2263 1107 2639 1173 praesentium
2670 1105 2840 1163 vobis
2872 1105 3219 1162 auctoritate
3240 1119 3388 1176 prae-

1739 1189 2016 1261 cipiendo
2039 1191 2401 1248 mandamus
2417 1201 2735 1267 quatenus,
2754 1196 2801 1250 si
2819 1195 2958 1267 quis
2987 1196 3043 1250 iu
3068 1193 3384 1265 praedictos

1738 1278 1949 1335 fratres
1992 1297 2209 1337 manus
2259 1282 2545 1340 violentas
2592 1284 2877 1355 injecerit,
2927 1300 3062 1339 eum
3116 1283 3386 1338 accensis

1737 1368 2004 1427 candelis
2043 1372 2281 1443 publice
2310 1374 2899 1430 excommunicatum
2928 1371 3287 1428 denuntietis
3326 1374 3386 1427 et

1736 1457 1962 1516 faciatis
1984 1461 2059 1516 ab
2081 1462 2386 1527 omnibus,
2420 1469 2482 1518 ut
2508 1462 3118 1525 excommunicatum,
3149 1460 3381 1517 cautius

1732 1549 1938 1605 evitari
1973 1550 2164 1606 donec
2211 1567 2475 1622 congrue
2505 1552 2831 1608 satisfaciat
2862 1549 3160 1624 praedictis
3198 1548 3385 1606 fratri-

1731 1637 1864 1704 bus,
1897 1655 2034 1695 cum
2062 1639 2268 1697 litteris
2299 1640 2613 1697 dioecesani
2639 1642 2926 1713 episcopi,
2958 1641 3041 1696 rei
3074 1640 3379 1697 veritatem

1653 1763 1695 1818 B
1729 1728 2196 1796 continentibus,
2255 1731 2583 1802 apostolico
2635 1747 2698 1786 se
2760 1728 3105 1802 conspectui
3169 1743 3384 1799 reprae-

1725 1820 2015 1963 setggt‘um
2029 1907 2230 1964 Romoe
2250 1908 2415 1982 apud
2430 1909 2715 1965 Sanctum
2732 1908 2991 1972 Petrum,
3011 1912 3069 1962 iu
3083 1905 3381 1962 Kalendas

1731 1997 2091 2053 Decembris.

2510 2106 2599 2161 lx.

1727 2231 2252 2302 archipresbytero
2282 2237 2337 2289 et
2363 2234 2665 2289 canonicis
2695 2234 2976 2292 Ecclesia!
3001 2237 3270 2293 Lucensis
3304 2241 3378 2294 si-

1797 2303 2041 2373 qnificat
2056 2304 2308 2374 priorem
2335 2304 2398 2360 S.
2416 2305 3146 2379 Fadianiprivileqiorum
3168 2311 3378 2381 confir-

1798 2375 2151 2432 mandorum
2186 2391 2360 2431 causa
2408 2374 2489 2431 ad
2533 2391 2653 2433 sese
2691 2379 2926 2434 venisse.
2984 2379 3273 2449 Affirmat
3318 2397 3378 2438 se

1797 2461 1998 2503 eorum
2006 2449 2158 2515 jura
2190 2447 2504 2505 luiturum.

1993 2571 2219 2642 (Romae
2247 2587 2345 2643 ap.
2382 2574 2435 2629 S.
2467 2572 2726 2639 Petrum,
2759 2575 3095 2643 Nov.-Dec.)

1977 2676 2234 2751 [BsLuz.,
2262 2679 2513 2735 Miscell.
2541 2680 2635 2736 ed.
2667 2683 2864 2746 blansi,
2893 2685 2978 2748 lv,
3010 2682 3167 2758 596]

1799 2784 2006 2841 Lucius
2039 2784 2383 2856 episcopus,
2410 2801 2616 2841 servus
2646 2802 2955 2843 servorum
2991 2789 3108 2856 Dei,
3144 2790 3372 2848 dilectis

1724 2872 1861 2928 filiis
1878 2873 2399 2946 archipresbytero
2422 2880 2476 2930 et
2493 2876 2800 2932 canonicis
2824 2876 3076 2935 Lucanoe
3093 2879 3370 2947 Ecclesia,

1726 2962 1983 3020 salutem
2013 2968 2070 3020 et
2099 2964 2491 3036 apostolicam
2520 2965 3016 3023 benedictionem.

1793 3052 2037 3109 Litteras
2057 3058 2286 3110 vestras
2305 3069 2377 3109 ea
2399 3070 2521 3127 qua
2542 3054 2863 3111 debuimus
2887 3056 3254 3127 benignitate
3275 3075 3371 3116 su·

167 3145 507 3215 ap03101j0ae
559 3147 825 3204 decimas
872 3149 1107 3219 exigere
1161 3154 1215 3205 Β(
1259 3156 1610 3224 extorquere
1720 3142 2043 3211 sce-pimus,
2066 3150 2119 3198 et
2139 3158 2211 3199 ex
2233 3159 2439 3199 earum
2465 3150 2664 3200 tenore
2690 3146 3071 3217 percepimus
3100 3149 3261 3219 quod
3286 3148 3373 3205 di-

134 3239 348 3300 imunt,
374 3241 431 3290 et
454 3251 640 3306 prava
655 3242 833 3311 atque
867 3238 1104 3294 sinistra
1125 3239 1609 3311 interpretatione

133 3321 420 3379 olicorum
437 3324 869 3397 privilegiorum
894 3327 1211 3397 capitulum
1235 3334 1608 3399 pervertentes

133 3411 319 3467 untde
336 3413 656 3469 novalibus
682 3415 900 3471 debere
923 3415 1184 3485 intelligi,
1212 3416 1311 3471 ubi
1343 3419 1611 3474 noscitur

133 3499 352 3555 ›oribus
382 3518 510 3557 esse
534 3502 906 3574 inscriptum.
943 3506 1238 3571 Quoniam
1272 3506 1447 3575 igitur
1479 3522 1608 3561 ma-

132 3604 228 3643 um
259 3595 347 3645 est
369 3592 652 3647 omnibus
689 3594 793 3665 qui
837 3598 991 3649 recte
1040 3595 1297 3666 sapiunt,
1333 3595 1606 3666 interpre-

139 3692 230 3731 em
266 3677 616 3748 hujusmodi
658 3697 1002 3751 perversam
1040 3698 1171 3737 esse
1203 3688 1259 3738 et
1290 3683 1604 3740 intellectui

132 3767 650 3834 2ontrariam,cum
680 3772 1012 3827 secundum
1040 3770 1179 3827 illud
1208 3772 1537 3843 capitulum
1569 3788 1605 3830 a

132 3869 236 3909 ene
267 3856 640 3913 decimarum
678 3865 799 3915 tam
849 3858 922 3916 de
952 3861 1118 3915 terris
1158 3861 1268 3917 illis
1298 3877 1449 3933 quas
1497 3862 1603 3917 de-

138 3946 243 3997 unt
273 3944 359 4000 ·.·el
389 3946 693 4003 deducunt
715 3948 794 4004 ad
825 3948 1074 4015 cultum,
1116 3965 1300 4021 quam
1327 3949 1400 4006 de
1434 3951 1604 4007 terris

1716 3230 1847 3287 lecti
1878 3230 1983 3287 filii
2014 3232 2222 3299 nostri,
2254 3233 2415 3304 prior
2450 3236 2506 3289 et
2557 3234 2830 3290 canonici
2879 3237 2934 3293 S.
2971 3237 3250 3306 Fridiani‚
3283 3238 3372 3295 lit-

1716 3321 1879 3385 teris,
1930 3335 2083 3392 quas
2132 3337 2235 3392 pro
2281 3322 2448 3377 vobis
2496 3322 2794 3392 misimus,
2842 3324 2994 3381 sicut
3036 3326 3235 3383 decuit
3267 3329 3372 3385 mi-

1718 3410 1877 3464 nime
1905 3408 2362 3479 responderunt,
2397 3410 2500 3465 sed
2530 3411 2685 3467 infra
2727 3417 3014 3469 statutum
3048 3416 3370 3474 terminum

1716 3498 1877 3570 prior
1904 3496 2014 3554 iter
2035 3497 2284 3570 arripuit
2304 3498 2378 3553 ad
2405 3498 2608 3555 sedem
2632 3502 3029 3572 apostolicam
3052 3505 3364 3563 veniendo:

1716 3585 1973 3659 ideoque
1999 3585 2316 3641 instantius
2337 3587 2681 3657 postulastis
2703 3590 3069 3645 voluntatem
3102 3598 3366 3649 nostram

1718 3673 1886 3730 vobis
1933 3675 2295 3748 quantocius
2368 3674 2651 3730 intimari.
2711 3675 2887 3732 Vobis
2937 3677 3116 3747 igitur
3164 3678 3367 3736 litteris

1714 3763 2110 3835 praesentibus
2129 3764 2458 3820 innotescat
2477 3764 2639 3836 quod
2665 3765 2964 3830 volumus,
2984 3781 3092 3837 pro
3116 3771 3366 3841 utraque

1714 3856 1902 3922 parte,
1935 3858 1998 3908 ut
2017 3853 2186 3922 juxta
2211 3868 2313 3908 vos
2345 3858 2403 3908 et
2441 3869 2545 3909 eos
2566 3853 2873 3923 negotium
2914 3856 3236 3913 concordia
3274 3858 3366 3915 vel

1705 3941 1938 4012 judicio
1982 3943 2452 4014 finiaturzquod
2502 3942 2546 3998 si
2580 3942 2728 4000 forte
2775 3944 3126 4016 nequiverit,
3160 3962 3363 4003 neces-

150 4031 324 4087 cultis
358 4049 510 4106 quas
539 4036 795 4108 propriis
830 4039 1111 4094 manibus
1137 4043 1239 4093 aut
1261 4038 1603 4109 sumptibus
1711 4030 1867 4086 sario
1888 4031 1967 4087 ad
1989 4030 2192 4087 sedem
2207 4030 2596 4103 apostolicam
2621 4032 2923 4089 referetur.
2950 4034 3208 4091 Priorem
3223 4050 3363 4093 vero

132 4126 244 4187 mt,
277 4122 445 4180 liberi
473 4125 591 4180 sini
623 4127 857 4195 penitus
892 4131 948 4182 et
978 4127 1301 4191 immunes,
1336 4141 1407 4183 ne
1441 4127 1599 4183 uuus
1708 4120 1990 4175 noveritis
2007 4135 2117 4192 pro
2138 4119 2499 4176 renovandis
2528 4121 2853 4194 privilegiis
2874 4122 2998 4178 suis
3019 4125 3360 4197 etnegotiis,

131 4226 146 4264 t
174 4225 276 4265 eos
309 4213 619 4268 materiam
652 4213 870 4269 habeat
904 4215 1292 4284 malignandi,
1327 4215 1415 4270 vel
1454 4232 1601 4288 quo-

1708 4208 1936 4264 scilicet
1977 4210 2033 4265 S.
2087 4209 2409 4267 Salvatoris
2456 4208 2530 4264 de
2579 4210 2835 4268 Ficarolo
2886 4216 2945 4269 et
2988 4212 3356 4286 quibusdam

130 4297 268 4353 libet
298 4299 463 4370 ipsos
495 4307 698 4357 contra
718 4303 1009 4375 justitiam
1055 4303 1437 4370 molestandi,
1494 4320 1598 4376 per
1705 4298 1837 4354 aliis
1868 4314 2004 4371 quoe
2030 4300 2107 4354 ad
2140 4314 2245 4354 vos
2276 4314 2397 4355 non
2442 4300 2758 4370 pertinent,
2803 4307 3005 4359 nostro
3031 4318 3092 4359 se
3114 4317 3363 4375 conspe-

131 4384 264 4440 ›lica
280 4387 447 4442 vobis
475 4389 696 4460 scripta
729 4390 1134 4463 praecipiendo
1163 4392 1511 4448 mandamus
1539 4398 1595 4449 et
1705 4388 1820 4443 ctui
1851 4392 2250 4461 praesentasse
2286 4405 2300 4455 ;
2330 4388 2434 4444 sed
2467 4405 2577 4445 nec
2608 4389 2741 4446 iecit
2767 4407 2874 4447 nec
2899 4392 3090 4458 faciet,
3117 4397 3359 4450 auctore

131 4474 289 4530 ando
322 4476 704 4545 praecipimus
753 4486 1050 4551 quatenus
1090 4480 1373 4535 omnibus
1419 4497 1592 4553 pare-

134 4577 161 4618 s
191 4565 397 4619 vestris
429 4567 775 4623 auctoritate
803 4574 1007 4625 nostra
1030 4569 1332 4641 prohiberi
1351 4571 1585 4643 curetis,

1703 4477 1973 4546 Domino,
2006 4476 2164 4533 unde
2186 4476 2304 4548 juri
2330 4482 2525 4533 vestro
2575 4478 2992 4550 praejudicium
3021 4486 3357 4549 generetur.

1699 4570 1816 4623 Nos
1839 4566 2020 4629 enim,
2046 4571 2342 4639 quantum
2373 4566 2700 4638 potuimus,
2734 4567 2903 4624 salva
2924 4568 3249 4633 honestate,
3269 4569 3360 4640 ju·

131 4654 443 4709 :emeratis
469 4654 752 4711 fratribus
788 4657 863 4713 de
894 4658 1208 4715 novalibus
1241 4659 1328 4714 vel
1352 4659 1426 4714 de
1456 4659 1584 4715 aliis
1696 4656 1916 4711 stitiam
1951 4661 2206 4712 vestram
2237 4670 2345 4727 pro
2370 4659 2580 4711 nostro
2609 4654 2965 4712 curabimus
2995 4657 3190 4712 officio
3221 4672 3361 4713 con-

1693 4760 1950 4801 servare.
1979 4743 2103 4801 Non
2136 4751 2334 4800 autem
2369 4742 2712 4800 mirandum
2745 4748 2829 4799 est
2856 4745 3020 4802 vobis
3047 4745 3120 4801 de
3152 4745 3354 4802 fratri-

1690 4834 1805 4891 bus
1850 4834 1954 4905 qui
1995 4832 2305 4905 privilegio
2355 4836 2554 4888 vestro
2604 4831 2980 4890 subscribere
3012 4833 3352 4906 noluerunt,

1689 4923 1832 4996 quia
1860 4921 2206 4978 confirmari
2232 4937 2351 4978 non
2382 4919 2527 4977 solet
2553 4922 2728 4978 alicui
2748 4923 2912 4995 quod
2933 4923 3012 4980 ab
3033 4940 3104 4980 eo
3127 4924 3357 4982 minime

1687 5012 2046 5085 possidetur.
2078 5009 2244 5067 Unde
2275 5010 2529 5068 novistis
2559 5010 2839 5068 dilectum
2870 5011 3058 5083 lilium
3081 5019 3355 5072 nostrum

1689 5104 1984 5158 D.contra
2015 5100 2378 5156 voluntatem
2410 5104 2467 5156 et
2495 5099 2814 5156 consilium
2857 5106 3128 5159 nostrum
3159 5104 3236 5158 ad
3265 5103 3354 5160 in-

1686 5189 2040 5247 novandum
2097 5189 2290 5261 ipsum
2333 5188 2707 5260 privilegium
2748 5188 3077 5246 laborasse.
3120 5190 3236 5248 Sed
3278 5209 3352 5250 ne

1685 5280 2032 5336 videremus
2054 5292 2270 5348 negare
2294 5278 2439 5334 velle
2456 5279 2626 5351 quod
2646 5277 2738 5335 vel
2757 5280 3196 5352 quoquomodo
3213 5296 3354 5353 pos-

1685 5384 1888 5424 semus
1912 5368 2082 5424 vobis
2108 5366 2760 5439 concedere,quantum
2784 5366 2844 5424 in
2866 5367 3041 5425 nobis
3059 5367 3188 5435 fuit,
3213 5370 3266 5442 ej
3278 5387 3347 5428 us

1682 5457 2101 5531 acquievimus
2130 5455 2443 5513 voluntati.

1755 5546 1904 5606 Data
1925 5547 2148 5613 Romoe,
2179 5546 2342 5618 apud
2369 5546 2655 5605 Sanctum
2683 5545 2951 5606 Petrum.

131 4757 262 4813 [uas
284 4743 539 4813 propriis
564 4745 842 4801 manibus
856 4750 913 4801 et
930 4746 1270 4818 sumptibus
1283 4746 1577 4814 excolunt,

131 4857 134 4878 ι
163 4832 536 4888 nutrimentis
558 4834 911 4891 animalium
945 4836 1281 4892 nullatenus
1310 4835 1578 4893 decimas

131 4936 221 4976 am
254 4921 543 4991 primitias
560 4931 930 4995 praesumant
954 4926 1202 4993 exigere,
1224 4924 1311 4981 vel
1327 4942 1575 4996 quomo·

130 5013 520 5082 textorquere
557 5028 570 5077 ;
603 5027 743 5068 nam
769 5013 814 5069 si
843 5013 917 5069 de
943 5014 1262 5070 novalibus
1291 5013 1577 5069 vellemus

131 5112 155 5150 :i
184 5096 429 5168 intelligi
465 5099 565 5155 ubi
596 5101 878 5171 ponimus
909 5102 983 5157 de
1015 5101 1335 5168 laboribus,
1367 5101 1441 5157 de
1471 5118 1579 5159 no-

131 5201 156 5238 s
184 5190 715 5256 poneremus,sicut
741 5190 801 5245 in
826 5189 1147 5261 privilegiis
1169 5190 1575 5262 quorumdam

130 5288 177 5328 ,τι
197 5275 583 5345 apponimus.
615 5279 764 5343 Quia
788 5294 1073 5343 ver0,non
1101 5283 1191 5335 est
1215 5280 1577 5335 conveniens

131 5368 362 5418 nestum
397 5371 458 5419 ut
485 5371 692 5422 contra
719 5368 983 5423 instituta
1037 5367 1192 5423 sedis
1233 5367 1575 5440 apostolicae

130 5457 161 5504 .t
193 5466 329 5523 quae
349 5451 610 5509 obtinere
644 5455 865 5512 debent
900 5456 1307 5512 inviolabilem
1330 5456 1573 5513 firmita-

129 5540 450 5599 tendamus
478 5545 650 5602 vobis
678 5544 1050 5620 firmiterque
1080 5545 1487 5620 praecipimus,
1522 5547 1572 5604 si
