3784 6000
222 261 336 324 175

1263 247 1621 311 ARNULFI
1663 243 2174 310 LEXOVIENSIS
2216 243 2567 311 EPISCOPI

3502 247 3620 309 {76

214 392 422 450 divium
482 386 938 463 longanimitatis
992 389 1399 456 augmentum,
1457 385 1687 438 aeternae
1750 380 1857 436 tibi
1886 384 1942 451 A
1967 381 2271 449 rares,sed
2304 387 2371 437 ut
2398 380 2533 437 inde
2553 380 2933 452 conquirendi
2964 380 3276 452 pecuniam
3311 383 3625 440 duceretur

215 478 612 540 damnationis
674 473 966 548 supplicia
1026 472 1355 542 cumulare,
1404 474 1474 527 ut
1531 469 1696 527 nulla
1736 468 1859 541 jam

219 569 518 629 excusatio
538 567 796 624 divinam
819 566 1083 621 minuere
1095 561 1291 619 valeat
1312 559 1593 617 ultionem
1615 559 1646 614 Ἰ
1673 559 1860 616 Totus

218 656 556 718 exsecrandi
584 653 848 729 corporis
893 653 981 709 tui
1012 651 1195 719 labor,
1217 659 1272 709 et
1301 650 1483 706 otium
1515 652 1636 706 tota
1663 663 1861 721 repro·

217 751 362 806 bata!
393 747 610 804 mentis
638 744 871 810 astutia,
896 745 1082 799 totum
1115 742 1170 796 in
1205 741 1312 797 hoc
1344 737 1706 795 detestabilis
1732 738 1859 793 vitai

213 840 451 908 tempus
497 835 827 907 impensum
880 836 990 898 est,
1043 838 1104 886 ut
1152 829 1397 886 militare
1440 843 1543 900 pro
1600 825 1861 883 Ecclesia

212 925 514 995 videreris,
555 928 614 982 et
654 927 860 979 contra
924 919 1242 976 Ecclesiam
1307 917 1640 974 dimicares.
1690 915 1862 973 Nune

211 1019 409 1075 autem
458 1012 857 1072 manifestavit
902 1013 1057 1067 Deus
1105 1007 1349 1066 consilia
1402 1005 1596 1064 cordis
1642 1005 1751 1074 tui,
1802 1008 1863 1062 et

212 1106 588 1163 tenebrarum
617 1106 848 1159 tuarum
872 1098 1215 1157 abscondita
1245 1094 1552 1162 revelavit;
1587 1109 1659 1149 ne
1681 1092 1861 1149 dubia

211 1193 645 1251 existimatione
675 1191 745 1246 de
775 1194 833 1246 te
861 1186 1081 1244 diutius
1113 1184 1418 1243 bominum
1447 1181 1671 1255 judicia
1701 1180 1863 1238 falle-

211 1291 431 1341 rentur.
463 1284 629 1338 Patet
655 1284 711 1338 te
745 1277 1110 1353 proditorum
1152 1273 1422 1332 Ecclesioe
1452 1272 1650 1338 fuisse,
1686 1271 1860 1341 euJus

210 1376 270 1431 ts
296 1371 674 1429 simulaveras
703 1384 834 1427 esse
864 1371 1199 1440 patronum.
1235 1363 1402 1419 Patet
1442 1369 1497 1418 te
1524 1365 1858 1422 venatorem

211 1469 443 1521 tantum
489 1458 670 1516 fuisse
725 1457 1015 1531 pecuniae,
1064 1454 1159 1527 qui
1207 1457 1451 1510 venator
1507 1449 1860 1508 constitutus

211 1551 407 1608 l'ueras
436 1549 792 1607 animarum.
816 1547 928 1604 Sed
960 1543 1232 1619 quoniam
1266 1541 1537 1599 animalis
1566 1556 1630 1597 es
1659 1540 1856 1606 homo,

211 1655 496 1698 carnosus
522 1638 762 1711 perinde
791 1640 849 1692 et
876 1634 1151 1703 carnalis,
1183 1648 1312 1705 quae
1342 1630 1442 1688 Dei
1473 1633 1639 1687 erant
1667 1627 1857 1700 perci-

1971 470 2218 539 occasio,
2250 472 2308 526 et
2352 469 2633 526 adversus
2680 468 2834 526 male
2875 468 3281 542 suspicantem
3335 471 3622 545 populum

1971 559 2222 617 mendax
2245 559 2538 616 excusatio
2558 574 2677 615 uon
2705 557 2951 626 deesset,
2975 559 3119 616 dum
3141 562 3395 632 quesita
3416 577 3624 617 recon-

1967 647 2148 704 ditur.
2173 647 2483 705 Dioebatur
2511 647 2582 704 ad
2613 664 2757 721 opus
2784 647 3057 706 Ecclesia
3103 649 3412 722 postulari,
3447 650 3623 722 quid-

1969 735 2108 806 quid
2142 737 2213 792 ad
2244 740 2402 792 tuam
2434 735 2673 806 cupiens
2720 735 3026 793 avaritiam
3057 736 3357 809 exigebas,
3386 742 3447 794 et
3475 738 3621 793 dum

1970 839 2153 881 unum
2184 825 2255 881 de
2276 824 2566 895 pluribus,
2600 824 2672 880 de
2702 826 2974 881 maximis
3026 827 3341 882 minimum
3391 828 3623 898 impen-

1969 913 2175 980 disses,
2201 914 2435 970 volebas
2483 917 2548 968 ut
2587 929 2857 984 erogasse
2907 915 3124 987 pariter
3169 914 3371 972 omnia
3420 916 3624 973 crede-

1970 1018 2137 1060 reris.

2039 1091 2147 1147 Ubi
2170 1092 2349 1165 igitur
2374 1090 2475 1149 tali
2504 1092 2560 1149 in
2592 1091 2995 1166 episcopatum
3018 1098 3176 1150 sorte
3197 1098 3510 1165 provectus
3531 1109 3615 1162 es,

1967 1179 2302 1251 insolentia,
2325 1198 2497 1254 quam
2522 1185 2654 1237 ante
2685 1185 2991 1255 paupertas
3017 1186 3396 1255 represserat,
3418 1181 3615 1239 efferri

1967 1270 2189 1340 coepisti
2215 1286 2229 1336 ;
2280 1269 2614 1340 petulantia,
2647 1286 2822 1340 quam
2873 1271 3135 1343 privatus
3179 1286 3448 1329 exercere
3496 1288 3614 1328 uon

1966 1362 2216 1430 poteras,
2250 1360 2434 1416 bonos
2465 1373 2610 1431 quos
2639 1358 2811 1416 libuit
2835 1358 3132 1429 insectari,
3152 1359 3375 1431 rapinis
3404 1364 3463 1416 et
3488 1376 3617 1418 exa·

1966 1446 2261 1504 ctionibus
2291 1447 2586 1505 exinanire
2641 1447 2997 1521 provinciam
3026 1464 3041 1505 :
3068 1447 3291 1520 judicia
3335 1449 3458 1506 sola
3485 1467 3619 1507 mu-

1968 1551 2174 1594 nerum
2232 1537 2599 1610 compatione
2654 1537 2923 1606 formare,
2980 1543 3344 1596 commutare
3419 1555 3618 1597 rerum

1967 1625 2228 1682 omnium
2274 1633 2483 1698 status,
2528 1626 2814 1683 nobilium
2877 1626 3230 1685 labefactare
3287 1627 3559 1686 renunes
3603 1646 3620 1698 ς

212 1744 349 1802 pere
377 1745 492 1786 non
543 1726 809 1799 potuisti,
839 1729 897 1782 et
941 1722 1255 1780 invisibilia
1301 1719 1488 1793 ipsius
1519 1719 1854 1789 conspicere
1885 1736 1939 1802 B
1970 1716 2276 1787 nepotibus
2300 1718 2435 1784 tuis,
2461 1733 2609 1790 quos
2640 1716 2848 1773 natalis
2868 1715 2978 1773 soli
3011 1716 3228 1773 linibus
3250 1719 3458 1775 eadem
3488 1733 3619 1792 quo

211 1817 638 1890 contempsisti.
690 1815 773 1874 Ne
819 1830 954 1872 vero
999 1814 1303 1869 adversum
1355 1815 1412 1868 te
1470 1810 1627 1865 huno
1675 1806 1854 1864 amini

213 1906 532 1964 temeritate
575 1904 772 1978 potius
815 1919 994 1976 quam
1040 1900 1261 1957 ratione
1289 1898 1489 1956 videar
1529 1896 1858 1969 suscepisse

212 2011 566 2061 sermonem,
618 1993 804 2068 placet
863 2006 1104 2065 operum
1151 1994 1389 2046 tuorum
1455 1987 1600 2044 mibi
1648 1986 1858 2042 seriem

210 2085 518 2157 explicare,
567 2083 786 2158 quibus
846 2081 1033 2155 possis
1099 2076 1440 2135 hominibus
1505 2075 1855 2146 contempti-

213 2172 369 2244 bilis,
441 2171 667 2244 angelis
741 2169 1135 2238 exsecrabilis,
1210 2168 1324 2224 Deo
1394 2164 1860 2223 condemnabilis

217 2262 486 2322 inveniri.

287 2349 487 2418 Qualis
533 2349 717 2422 igitur
744 2365 777 2405 a
808 2348 996 2421 primo
1045 2344 1422 2419 pontificatus
1467 2343 1550 2399 tui
1603 2346 1864 2416 tempore

216 2439 399 2496 tueris
434 2454 447 2493 :
481 2438 620 2510 quid
653 2437 712 2492 in
746 2435 1030 2508 principio
1059 2433 1300 2491 orientis
1340 2433 1398 2489 in
1430 2430 1686 2487 Ecclesia
1716 2434 1863 2487 tem·

217 2524 457 2599 pestatis
476 2523 687 2596 egeris,
701 2523 915 2595 quibus
930 2537 1054 2577 eam
1081 2526 1283 2594 postea
1294 2519 1568 2592 operibus
1585 2518 1865 2575 inl'estare

218 2630 334 2674 non
385 2629 604 2682 cessas,
634 2612 839 2669 ordine
885 2610 1263 2683 transigetur.
1297 2606 1744 2663 Praetersuadus
1774 2609 1865 2663 est

214 2704 394 2777 igitur
422 2707 582 2760 ortus
611 2700 880 2773 degener,
907 2709 1272 2772 paternasque
1309 2696 1518 2752 domus
1561 2694 1863 2752 familiaris

213 2792 433 2866 inopia,
467 2807 591 2862 quai
639 2795 697 2846 te
741 2790 921 2846 totius
967 2787 1180 2844 natalis
1226 2784 1597 2841 Normanniae
1647 2784 1862 2840 tinibus

211 2881 569 2952 abegeruat;
602 2883 667 2933 ut
696 2878 766 2934 ad
799 2877 1008 2948 ignotae
1038 2872 1228 2947 gentis
1262 2872 1468 2929 limina
1499 2870 1859 2945 peregrinus,

212 2973 270 3026 et
327 2967 632 3027 mendicus
704 2973 948 3024 astares.
1008 2963 1195 3020 Taceo
1244 2959 1546 3036 [ignobiles
1602 2959 1860 3035 puerities

215 3061 498 3133 quaistus,
548 3055 998 3130 ignominiosam
1044 3051 1448 3109 adolescentiae
1495 3051 1736 3120 famam,
1762 3050 1860 3122 ju·
1891 3083 1934 3150 C

217 3152 474 3207 veututis
501 3165 673 3207 avara
695 3146 1067 3214 commercia,
1091 3162 1163 3202 ne
1193 3134 1361 3202 aures
1381 3160 1577 3202 eorum
1609 3145 1681 3200 ad
1715 3160 1861 3216 quos

222 3242 343 3297 tiaee
373 3239 590 3313 scripta
639 3243 886 3295 ventura
933 3242 1092 3302 suat,
1130 3239 1240 3289 tnae
1289 3231 1561 3289 sordibus
1605 3231 1863 3289 inconti-

224 3328 435 3387 nentias
456 3327 636 3385 simul
656 3331 715 3384 et
735 3324 987 3384 avaritiae
1012 3324 1360 3396 polluantur.
1385 3319 1564 3378 Venio
1585 3321 1657 3377 ad
1680 3320 1863 3377 virilis

224 3418 406 3477 etatis
432 3423 717 3489 tempora,
748 3415 859 3471 sub
908 3413 1119 3488 quibus
1151 3417 1205 3468 te
1247 3411 1306 3466 in
1359 3411 1696 3482 episcopum
1745 3427 1862 3468 non

222 3508 338 3565 vita
386 3503 729 3579 probabilis,
779 3519 894 3560 non
945 3501 1276 3573 praecedens
1343 3498 1710 3568 deliberatio,
1759 3500 1859 3555 sed

219 3611 392 3653 casus
420 3593 679 3664 adduxit,
699 3597 756 3649 et
783 3607 1061 3649 caecarum
1095 3606 1161 3645 ex
1185 3588 1542 3659 praecedente
1573 3587 1861 3643 discordia

216 3684 499 3742 mentium
527 3686 722 3740 motus
750 3679 1075 3753 impellens.
1103 3678 1249 3734 Dum
1280 3676 1434 3733 enim
1459 3676 1765 3733 adversum
1797 3691 1860 3732 se

210 3772 554 3847 eligentium
587 3769 895 3829 multitudo
939 3767 1125 3825 divisa
1171 3770 1567 3838 consurgeret,
1599 3766 1859 3821 diversa·

209 3880 357 3938 sque
384 3879 663 3936 personas
711 3860 976 3919 alternus
1018 3858 1335 3931 postularet
1381 3871 1678 3926 assensus,
1711 3854 1768 3911 in
1802 3858 1858 3912 te

209 3968 376 4010 voces
423 3950 691 4009 omnium
741 3951 975 4006 fortuna
1012 3947 1294 4005 convertit
1327 3962 1340 4001 ε
1373 3962 1487 4001 non
1537 3944 1673 4017 quia
1712 3944 1771 4001 iu
1803 3953 1856 4001 te

208 4040 354 4097 satis
377 4039 681 4098 commode
728 4039 1023 4112 provisum
1056 4035 1324 4093 Ecclesiae
1370 4036 1719 4097 crederetur.
1752 4033 1855 4091 sed

205 4134 273 4186 ut
287 4129 507 4187 exitum
529 4128 990 4202 qualemcunque
1009 4126 1288 4183 tumultus
1309 4125 1637 4183 offenderet.
1654 4121 1856 4179 Maluit

206 4226 261 4276 te
290 4219 543 4275 scienter
567 4217 879 4288 iudignum
910 4231 1044 4287 pars
1077 4222 1317 4285 utraque
1356 4212 1638 4287 excipere,
1672 4228 1851 4285 quam

205 4305 572 4379 prevaluisse
606 4321 742 4378 pars
789 4304 971 4360 altera
1018 4302 1218 4359 videri.
1270 4302 1441 4359 Redit
1485 4302 1547 4358 in
1594 4305 1848 4357 mentem

1969 1807 2025 1862 te
2068 1821 2244 1861 causa
2289 1805 2615 1879 depulerat,
2669 1821 2865 1862 rerum
2911 1807 3138 1863 tradere
3184 1821 3505 1875 summam,
3559 1813 3619 1866 et

1963 1891 2351 1964 dignitatibus
2397 1891 2666 1949 Ecclesiae
2709 1892 3046 1963 sublimare,
3079 1896 3253 1966 quasi
3300 1895 3616 1955 Platonem

1965 1980 2230 2050 scientia,
2261 1980 2536 2038 Catonem
2587 1981 2871 2052 moribus,
2899 1981 3228 2056 Scipionem
3275 1999 3491 2058 genere
3519 2003 3616 2044 su-

1966 2071 2253 2140 perarent.
2275 2068 2431 2134 Quos
2463 2067 2791 2127 illitteratos
2812 2070 3049 2142 quidem
3071 2075 3129 2128 et
3157 2071 3231 2129 ad
3262 2089 3357 2131 res
3379 2073 3617 2134 illicitas

1963 2156 2366 2231 impudentius
2412 2159 2736 2226 effluentes,
2766 2159 3014 2216 obscuro
3061 2160 3190 2218 loco
3219 2167 3431 2220 natura
3484 2179 3618 2236 pro-

1966 2247 2150 2304 duxit.
2185 2247 2265 2305 De
2294 2248 2526 2320 quibus,
2559 2266 2631 2306 ne
2661 2265 2813 2306 nova
2840 2254 3003 2307 extra
3041 2251 3304 2308 ordinem
3347 2259 3620 2310 sumatur

1966 2339 2171 2409 oratio,
2204 2337 2423 2396 dixisse
2461 2339 2733 2410 sufficiat,
2763 2339 3046 2397 avunculo
3094 2340 3303 2415 dignos
3351 2358 3485 2401 esse
3516 2361 3618 2402 ne·

1966 2430 2149 2497 potes,
2182 2444 2323 2498 quos
2354 2427 2457 2483 tibi
2510 2445 2645 2485 cum
2677 2436 2881 2485 natura
2910 2430 3459 2503 consanguinitatis,
3493 2440 3617 2490 tum

1965 2516 2252 2585 educatio,
2299 2526 2421 2573 tum
2471 2517 2630 2589 quod
2678 2534 2712 2573 a
2753 2521 2811 2575 te
2857 2519 3197 2575 sumebatur
3254 2520 3615 2594 exemplum,

1965 2605 2095 2661 vitae
2130 2603 2516 2663 similitudine
2560 2607 2982 2675 conformavit3
3019 2612 3082 2663 ut
3108 2624 3144 2665 a
3191 2613 3406 2666 natura
3452 2611 3617 2682 pria·

1968 2693 2208 2766 cipium,
2240 2694 2312 2750 ab
2342 2693 2687 2752 educatione
2734 2695 3045 2769 promotio,
3077 2698 3152 2752 ab
3191 2697 3461 2771 exemplo
3493 2715 3621 2756 am-

1967 2781 2231 2850 bitionis,
2261 2783 2537 2847 avaritia,
2562 2782 2933 2855 libidinisque
2953 2785 3263 2842 duceretur
3278 2787 3616 2845 auctoritas.

1968 2871 2227 2945 Reliquis
2257 2877 2455 2930 autem
2487 2873 2754 2929 Ecclesiae
2798 2873 3183 2947 dignitatibus
3212 2881 3270 2934 et
3299 2876 3618 2948 beneflciis,

1967 2976 2092 3034 qnoe
2122 2961 2182 3019 iu
2214 2977 2397 3019 unum
2449 2977 2785 3020 coaservare
2832 2979 2947 3021 non
2992 2968 3247 3036 poteras,
3275 2965 3621 3042 eisdemque

1973 3051 2253 3119 conferre,
2300 3052 2401 3124 qui
2456 3052 2841 3123 pecuniosior,
2891 3054 2943 3111 is
2992 3053 3219 3125 dignior
3269 3053 3618 3117 habebatur.

1972 3137 2097 3196 Non
2130 3141 2532 3198 attendebatur
2561 3142 2859 3211 honestas,
2882 3142 2983 3199 sed
3016 3158 3226 3200 manus
3254 3148 3499 3204 onustas
3530 3162 3621 3218 po-

1973 3228 2096 3286 tius
2136 3232 2531 3303 exspectabas.
2565 3230 2942 3287 Basilicarum
2988 3230 3406 3303 dedicationes,
3438 3234 3616 3294 bene-

1973 3318 2254 3375 dictiones
2346 3318 2643 3387 altarium,
2704 3320 3070 3376 sacerdotum
3148 3321 3616 3396 constitutiones,

1972 3405 2176 3464 eodem
2208 3423 2322 3480 quo
2364 3413 2568 3464 caetere
2623 3424 2780 3466 more
2822 3409 3108 3478 tractasti,
3144 3413 3211 3466 ut
3262 3409 3434 3482 plane
3467 3414 3617 3470 nihil

1971 3498 2296 3555 faciendum
2329 3503 2581 3571 putares,
2611 3498 2770 3571 quod
2800 3515 2915 3556 nou
2956 3499 3205 3571 alicujus
3235 3502 3618 3562 emolumenti

1971 3588 2288 3660 auspicatio
2336 3588 2694 3661 praeveniret.
2725 3587 2954 3645 Nullam
3002 3588 3317 3647 virtutibus
3362 3593 3614 3665 gratiam

1969 3676 3617 3753 rependisti,nullumquoquesuppliciumvitiisirrogasti,

1969 3766 2262 3822 neminem
2296 3766 2370 3824 ad
2398 3771 2525 3823 vitoe
2556 3766 2948 3824 innocentiam
2980 3767 3334 3826 informasti.

2040 3853 2255 3926 Siquis
2279 3855 2348 3911 de
2369 3856 2589 3912 incestu
2612 3856 2875 3928 quolibet
2895 3873 3077 3914 sonus
3098 3857 3336 3915 emersit
3357 3876 3373 3929 ;
3404 3861 3456 3918 ai
3479 3859 3613 3934 quis

1966 3944 2243 4000 adversus
2290 3943 2717 4001 immunditiam
2749 3945 2962 4003 exarsit
2991 3945 3274 4004 castitatis
3296 3963 3517 4021 amore,
3547 3951 3610 4009 iu

1963 4032 2259 4089 silentium
2278 4037 2333 4091 te
2357 4034 2659 4090 cohibente
2689 4034 2954 4091 redactus
2976 4039 3083 4092 est.
3107 4035 3611 4109 Engolismeusem

1963 4121 2322 4179 abbatissam
2353 4121 2592 4195 quidam
2623 4126 2761 4179 tuus
2807 4122 3252 4182 archidiaconus
3299 4126 3606 4199 gravidam

1961 4226 2138 4282 pravo
2189 4211 2318 4268 tecit
2365 4227 2620 4268 accessu.
2653 4212 2829 4269 Porro
2878 4212 3106 4270 facinus
3146 4213 3612 4287 ingravescentis
3701 4265 3704 4274 .

1961 4301 2112 4357 uteri
2133 4303 2331 4357 tumor
2358 4302 2661 4370 excedens,
2695 4308 2748 4358 et
2770 4301 3056 4359 naturalis
3087 4302 3325 4361 effectus
3351 4306 3607 4378 aperuit.
3699 4291 3704 4360 s

204 4393 346 4452 mibi
380 4392 709 4452 miserabile
739 4390 883 4448 illud
920 4390 1523 4462 nefandissimumque
1553 4397 1847 4461 spectacu·
1959 4390 2119 4456 Quod
2151 4391 2290 4445 dum
2322 4396 2554 4462 propter
2580 4389 2956 4448 insolentiam
3004 4391 3293 4460 criminis,
3324 4394 3603 4453 divinita·
3701 4447 3704 4456 .

200 4484 347 4554 lum,
378 4484 520 4540 dum
555 4488 612 4540 te
656 4484 1099 4555 praecurrentem
1152 4478 1465 4535 multitudo
1496 4476 1720 4549 reliqua
1749 4493 1841 4534 se·
1877 4449 1924 4515 D
1956 4476 2149 4549 tisque
2166 4482 2564 4550 contemptum
2586 4479 2814 4536 civibus
2835 4480 3176 4537 incredibile
3194 4481 3445 4553 videtur,
3468 4500 3605 4558 par·
3700 4537 3705 4560 ,

195 4576 589 4648 quereturzet
609 4579 667 4629 tu
691 4573 907 4628 clerum
932 4570 1185 4644 quadam
1210 4569 1497 4625 eeleritate
1514 4568 1750 4639 praeires
1773 4568 1842 4624 ad
1956 4566 2219 4623 luricatis
2266 4567 2572 4624 abbatissas
2621 4569 2897 4642 gemitus,
2946 4572 3003 4626 et
3045 4570 3176 4627 novi
3226 4575 3431 4642 partus
3474 4588 3607 4631 cre-
3701 4629 3706 4640 ,

193 4663 553 4733 cathedram,
585 4679 656 4719 ne
688 4663 954 4718 revocata
982 4658 1204 4716 ratione
1251 4655 1467 4715 stolida
1515 4660 1845 4713 mutaretur
1951 4654 2175 4728 pundia
2206 4655 2381 4712 fidem
2415 4657 2695 4714 fecerunt.
2731 4656 3014 4715 Universa
3043 4658 3226 4732 igitur
3254 4659 3462 4718 civitae
3492 4662 3602 4719 ad·
3697 4655 3706 4732 j

191 4752 495 4825 impulsio.
528 4767 664 4809 cum
716 4750 815 4809 alii
870 4748 1107 4822 quidem
1157 4746 1311 4804 trahi
1358 4744 1605 4813 soleant,
1639 4750 1695 4801 et
1725 4744 1841 4818 ple·
1950 4744 2255 4803 miratione
2286 4745 2553 4818 perculsa
2585 4753 2693 4815 est,
2716 4762 2833 4820 qua
2862 4748 3180 4821 cogitatum
3204 4748 3599 4824 impatientia,
3699 4737 3706 4756 ¹

193 4858 440 4915 rumque
461 4840 889 4914 compellantur
907 4837 1093 4895 inviti.
1108 4837 1189 4894 Fla
1210 4836 1303 4893 die
1324 4835 1397 4892 de
1415 4834 1840 4908 Engolismensi
1947 4846 2065 4907 qua
2081 4834 2403 4893 temeritate
2432 4844 2925 4912 conceptum,qua
2955 4838 3210 4912 denique
3230 4840 3603 4914 impudentia
3699 4835 3706 4846 ’

191 4929 450 4985 Ecclesia
470 4930 686 4987 veritas
715 4934 771 4986 et
802 4926 1204 4986 misericordia
1232 4925 1490 4997 recessit,
1520 4924 1694 4983 dolus
1725 4926 1839 4982 im·-
1945 4928 2144 4994 posset
2171 4939 2300 4983 esse
2330 4932 2694 4997 conceptum,
2724 4929 2880 5001 quod
2913 4928 3089 4986 homo
3124 4929 3455 4988 animarum
3489 4948 3598 4990 cu·

189 5014 493 5091 pietasque
547 5019 847 5080 successit,
907 5033 1101 5075 rerum
1161 5020 1352 5074 status
1426 5014 1486 5071 ia
1545 5016 1836 5074 deteriora
1943 5017 2087 5083 stos,
2121 5014 2469 5090 episcopalis
2499 5018 2726 5085 oculus,
2756 5017 3023 5076 Ecclesiae
3078 5018 3372 5092 columna,
3402 5036 3598 5095 spon-

188 5110 448 5165 mutatus
495 5111 602 5177 est,
637 5105 883 5164 nitorem
930 5125 1102 5166 suum
1149 5106 1383 5181 singula
1430 5106 1828 5179 perdiderunt.

185 5197 537 5255 Imminutus
557 5195 821 5254 estenim
850 5197 1023 5252 decor
1043 5199 1099 5252 ct
1127 5195 1321 5254 cultus
1354 5194 1832 5267 Ecclesiae,periit
1938 5196 2093 5264 dem,
2127 5211 2243 5253 non
2303 5198 2710 5269 compellasset
2748 5198 2925 5256 verbo
2974 5203 3233 5268 tantum,
3262 5200 3364 5256 sed
3413 5216 3596 5276 opere
3701 5263 3706 5268 ,

179 5284 1828 5359 ecclesiasticiordinisvenerabllisillareligi03priacipum
1937 5285 2238 5358 poluisset,
2283 5291 2341 5344 et
2384 5288 2576 5345 cubile
2621 5288 2804 5363 patris
2851 5287 3045 5346 animo
3093 5288 3446 5347 fornicantis
3499 5291 3596 5349 iu·
3699 5273 3707 5296 ¹

176 5377 491 5434 reverenda
520 5376 818 5445 severitas,
850 5374 1168 5449 populique
1196 5373 1501 5433 laudabilis
1545 5375 1825 5435 honestas
1935 5381 2165 5449 trasset,
2185 5392 2433 5452 eamque
2461 5384 2600 5448 Deo,
2621 5396 2748 5454 qum
2777 5379 3005 5439 homini
3033 5395 3269 5456 quoque
3298 5383 3422 5440 tam
3452 5397 3602 5445 con·
3699 5356 3707 5378 ²

1942 5120 2068 5162 sam
2102 5106 2351 5176 Domini,
2381 5104 2690 5181 virginum
2732 5109 2860 5182 ejus
2891 5118 3137 5166 matrem
3188 5116 3364 5183 atque
3393 5116 3595 5170 custo·
3699 5109 3706 5192 .

172 5463 416 5523 interiit.
440 5466 754 5527 Ecclesiam
784 5466 1021 5540 quidem
1049 5464 1440 5540 episcopalem
1472 5466 1543 5523 de
1571 5465 1820 5526 mortuis
1932 5466 2237 5532 tumeliosa
2250 5469 2934 5543 quamopprobriosaest,
2948 5471 3268 5547 irrogasset
3281 5470 3595 5545 injuriam.

174 5551 466 5628 adificasti
506 5555 823 5633 lapidibus,
845 5567 960 5614 aon
1007 5558 1073 5635 ut
1109 5553 1353 5631 domuin
1396 5553 1629 5622 Domini
1652 5553 1821 5619 deco-
1929 5551 2274 5642 suscitatad
2294 5558 2613 5643 vindictata
2632 5559 3595 5642 comes,culesmdemger1naaus
