3784 6000
279 218 387 281 sto

1401 214 1797 275 GUILLELMI
1836 213 2191 274 TYRENSIS
2229 214 2569 279 ARCHIEP.

3594 216 3704 277 820

281 348 490 402 contra
506 341 703 415 legem
727 341 1194 400 ecclesiasticam
1209 354 1415 399 amore
1433 340 1736 414 praedictae
1757 341 1939 398 comi·
1970 342 2020 398 A
2047 341 2196 399 dum
2224 341 2354 399 hmo
2393 342 2454 400 in
2484 341 2754 415 partibus
2802 342 2917 401 illis
2948 345 3229 414 aguntur,
3260 342 3545 401 dominus
3573 357 3704 403 rex·

283 435 444 493 tissae
471 434 819 501 infatuatus,
834 430 1164 507 expulerat.
1181 431 1268 489 lta
1287 445 1431 502 ergo
1457 446 1528 487 ex
1554 436 1806 505 utroque
1836 446 1939 504 pa-

282 522 733 590 rente,vinculis
773 517 1312 591 consanguinitatis
1343 518 1457 578 sibi
1486 519 1743 579 invicem
1773 525 1945 578 erant

285 612 560 676 connexi,
575 610 856 666 dominus
876 623 1081 665 comes
1100 613 1156 666 et
1174 607 1440 680 proedicti
1461 624 1630 680 reges
1649 608 1794 666 duo.
1808 611 1944 666 Erat

286 707 486 758 autem
509 698 827 772 proedictus
847 712 1051 754 comes
1074 697 1163 753 vir
1190 712 1369 754 carne
1395 698 1614 763 tenuis,
1641 697 1944 755 submaci-

285 791 502 856 lentus,
542 793 772 845 statura
816 787 1084 845 modeste
1131 802 1437 859 procerus,
1469 787 1619 847 facie
1656 787 1938 860 aquibus,

286 877 506 949 capillo
538 877 719 949 plano
746 875 1121 934 mediocriter
1149 876 1342 939 fusco.
1372 876 1561 934 acutis
1587 875 1940 944 luminibus,

290 970 519 1024 erectus
542 965 830 1031 humeris,
850 969 1047 1021 mente
1069 964 1461 1038 compositus,
1481 964 1769 1036 providus
1790 964 1943 1021 mul·

290 1060 514 1120 tum,et
540 1054 602 1110 in
633 1054 866 1112 actibus
896 1053 1019 1110 suis
1041 1053 1490 1121 strenuus,cibo
1516 1058 1572 1109 et
1596 1057 1740 1126 potu
1767 1053 1944 1126 quasi

291 1143 795 1216 supraliominem
811 1142 1068 1210 sobrius,
1083 1142 1292 1199 alienis
1314 1141 1651 1206 munificus,
1667 1142 1791 1198 suis
1803 1157 1944 1199 vero

287 1248 411 1291 non
458 1233 538 1289 ita
567 1231 824 1288 affabilis
856 1231 1192 1289 admodum
1223 1247 1243 1297 ,·
1275 1234 1332 1288 et
1359 1231 1524 1305 quod
1569 1232 1630 1287 in
1676 1230 1946 1288 hostium

289 1321 550 1378 vinculis
574 1336 817 1377 summo
844 1319 1046 1377 labore
1072 1319 1416 1390 collegerat,
1444 1319 1734 1377 litteratus
1761 1318 1945 1376 modi·

292 1425 382 1476 ce,
417 1409 525 1467 sed
563 1409 759 1479 magis
796 1414 1022 1476 tamen,
1059 1408 1316 1467 naturali
1359 1408 1575 1466 mentis
1614 1408 1946 1479 vivacitate,

296 1499 736 1571 Scripturarum
750 1497 1219 1568 intelligentiam,
1238 1512 1402 1554 more
1417 1496 1648 1555 domini
1665 1495 1948 1554 Amalrici

290 1587 472 1660 regis,
487 1587 788 1644 nitebatur
799 1586 1271 1660 apprehendere.
1284 1586 1586 1658 Frequens
1598 1587 1657 1643 in
1673 1586 1951 1660 quaestio·

2049 431 2493 489 communicato
2522 431 2789 498 consilio,
2826 432 2972 505 quid
3004 434 3063 489 in
3092 436 3215 489 tatu
3248 432 3448 490 subito
3482 437 3707 490 eventu

2049 518 2195 578 etin
2225 523 2386 577 tanta
2425 535 2627 577 rerum
2658 521 3096 593 permutatione
3124 537 3281 593 opus
3323 527 3480 578 esset
3519 519 3703 587 facto,

2049 606 2198 665 dum
2235 606 2342 665 diu
2386 624 2525 666 cum
2557 609 2925 681 principibus
2972 610 3098 666 suis
3134 609 3447 676 deliberat,
3480 608 3711 682 placuit

2050 695 2297 754 demum
2324 695 2812 769 universis,quod
2840 697 3124 755 dominus
3145 712 3351 754 comes
3372 713 3513 755 cum
3543 712 3712 754 exer·

2050 784 2170 841 citu
2198 790 2321 842 tam
2342 784 2418 843 de
2436 800 2625 856 regno
2639 801 2827 858 quam
2844 786 2918 843 de
2945 802 3057 844 suo
3076 786 3389 853 comitatu.
3404 785 3483 844 ad
3507 791 3711 858 partes

2053 873 2384 946 Coelesyrioe
2412 874 2774 946 quantocius
2824 879 3117 947 properet.
3154 874 3404 933 Additur
3432 875 3614 932 etiam
3647 874 3709 931 in

2053 961 2374 1030 mandatis,
2417 968 2718 1036 quatenus
2766 966 2933 1021 omni
2977 963 3295 1022 conamine
3342 963 3712 1036 profectibus

2052 1049 2400 1109 Salahadini
2421 1052 2785 1109 contrarium
2807 1068 2870 1108 se
2881 1052 3146 1124 objiciat,
3160 1061 3218 1109 et
3239 1051 3470 1110 merito.
3486 1051 3714 1125 Suspe-

2053 1145 2218 1197 ctum
2241 1141 2400 1197 enim
2432 1140 2611 1197 nobis
2635 1146 2762 1198 erat
2790 1157 2970 1198 omne
2990 1141 3039 1213 ej
3051 1157 3119 1198 us
3147 1142 3584 1199 incrementum
3605 1159 3622 1210 ς
3653 1144 3714 1200 et

2052 1228 2351 1302 quidquid
2369 1229 2423 1286 ei
2453 1230 2801 1297 accedebat,
2816 1230 2992 1288 nobis
3017 1235 3210 1287 totum
3234 1229 3526 1288 decedere
3546 1228 3715 1288 vide·

2053 1316 2159 1374 bat
2179 1332 2249 1375 ir.
2284 1319 2419 1375 Erat
2446 1319 2606 1375 enim
2638 1319 2726 1374 vir
2754 1318 3003 1375 consilio
3031 1318 3341 1392 providus,
3363 1319 3549 1375 armis
3569 1323 3716 1374 stre-

2052 1422 2232 1477 nuus,
2264 1422 2450 1477 supra
2475 1407 2727 1465 modum
2746 1407 3043 1476 liberalis;
3071 1408 3131 1464 in
3161 1423 3284 1481 quo
3315 1406 3717 1480 prudentiori·

2054 1494 2171 1551 bus
2195 1494 2414 1552 nostris
2436 1495 2699 1553 maxime
2715 1502 2842 1553 erat
2861 1501 3197 1568 suspectus.
3215 1497 3374 1554 Nam
3392 1496 3564 1553 nullo
3590 1495 3715 1555 alio

2059 1583 2231 1641 hodie
2256 1585 2406 1641 visco
2428 1584 2846 1655 subjectorum,
2868 1593 2921 1641 et
2948 1585 3125 1643 etiam
3148 1585 3550 1657 quorumlibet
3572 1585 3717 1641 alio-

295 1676 497 1743 nibus,
517 1676 563 1731 si
590 1680 944 1747 praesentem
974 1675 1220 1732 baberet
1245 1689 1428 1748 quem
1452 1674 1533 1732 ad
1557 1690 1766 1733 earum
1793 1673 1950 1732 solu·
1983 1690 2029 1747 Β
2059 1687 2192 1730 rum
2207 1672 2509 1731 hominum
2522 1674 2708 1730 corda
2724 1675 2914 1746 maqis
2926 1675 3114 1732 solent
3132 1673 3508 1745 principibus
3526 1674 3720 1731 conci-

294 1765 520 1822 tionem
559 1763 945 1822 arbitraretur
973 1762 1263 1821 sufflcere.
1297 1763 1353 1820 Is
1379 1764 1594 1822 eodem
1625 1778 1786 1821 anno
1824 1778 1951 1836 quo

293 1854 463 1922 regni
479 1853 961 1925 procurationem
983 1852 1264 1925 suscepit,
1277 1851 1593 1910 dominam
1616 1852 1947 1919 Eschivam,

251 1999 255 2003 ,
293 1941 525 1999 domini
551 1941 786 1998 Galterii
813 1940 1100 2013 principis
1127 1939 1361 1998 Galileoe
1391 1940 1657 2007 viduam.
1682 1940 1945 2014 locuple·

294 2034 414 2087 tem
447 2029 642 2098 valde,
673 2028 809 2086 filiis
840 2029 1160 2087 lecundam
1186 2045 1259 2087 ex
1286 2029 1485 2101 priore
1511 2030 1749 2097 marito,
1779 2030 1953 2089 duxit

295 2134 584 2186 uxorem3
619 2118 747 2185 sed,
778 2122 1100 2191 postquam
1141 2117 1223 2175 ad
1264 2133 1407 2177 eum
1447 2119 1734 2190 pervenit,
1765 2134 1953 2178 causa

294 2206 527 2265 occulta
563 2221 774 2279 parere
812 2205 1023 2275 desiit;
1054 2221 1245 2279 quam
1285 2222 1425 2265 cum
1470 2206 1605 2263 filiis
1633 2207 1715 2264 ita
1753 2212 1951 2267 tenere

295 2296 512 2353 dicitur
538 2295 808 2366 diligere,
836 2299 1131 2368 tanquam
1166 2295 1218 2352 ei
1261 2296 1569 2352 universos
1607 2295 1738 2353 illos
1773 2312 1952 2370 pepe·

293 2384 483 2441 risset.
517 2384 735 2441 Verum
755 2383 1009 2441 decursa
1034 2383 1285 2441 breviter
1310 2384 1426 2441 bac
1451 2382 1842 2455 digressione,
1869 2384 1950 2442 ad

294 2472 554 2529 historiae
585 2472 800 2529 seriem
830 2471 1172 2530 redeamus.
1196 2470 1304 2529 Per
1331 2472 1491 2528 idem
1523 2478 1781 2545 tempus,
1803 2474 1951 2547 quia

294 2559 663 2633 proecedente
675 2565 880 2619 aestate
891 2560 1175 2617 dominus
1188 2560 1529 2634 Radulphus
1544 2561 1712 2619 boum
1726 2577 1951 2621 memo·

294 2650 417 2706 riae.
446 2647 872 2705 Bethlehemita
894 2649 1239 2722 episcopus,
1259 2649 1427 2721 regni
1448 2650 1857 2715 cancellarius.
1875 2666 1951 2711 ex

292 2737 407 2795 hac
433 2737 567 2794 luce
595 2738 975 2807 migraverat,
1006 2741 1071 2795 ut
1094 2744 1252 2796 esset
1279 2739 1383 2812 qui
1408 2738 1712 2809 regiarum
1734 2739 1949 2810 episto·

290 2824 489 2884 larum
518 2841 727 2883 curam
752 2825 1017 2898 baberet,
1059 2826 1134 2884 de
1158 2826 1408 2885 oonsilio
1446 2826 1785 2900 principum
1814 2845 1949 2887 suo·

291 2930 451 2979 rum,
472 2930 583 2972 nos
604 2914 683 2971 ad
704 2913 1056 2987 praedictum
1077 2915 1317 2975 vocavit
1333 2916 1605 2975 officium
1624 2921 1683 2974 et
1708 2916 1950 2975 cancel-

290 3003 422 3064 larii
452 3003 627 3062 nobis
657 3003 904 3062 tradidit
930 3003 1305 3076 dignitatem.

952 3113 1174 3169 CAPUT
1201 3112 1292 3168 Vl.

291 3216 725 3287 salahadinus,
745 3216 1089 3273 vocantibus
1113 3231 1246 3274 eum
1266 3218 1675 3278 Damascenis.
1705 3218 1949 3277 Damas-

364 3304 499 3346 cum
524 3289 763 3353 obtinet,
777 3295 832 3345 et
851 3289 1116 3360 reliquas
1140 3290 1398 3359 reqionis
1412 3296 1632 3359 partes.
1647 3292 1950 3363 Diri9itur

363 3366 577 3417 contra
602 3374 734 3416 eum
765 3360 1169 3430 Tripolitanus
1192 3376 1396 3426 comes,
1416 3362 1522 3433 qui
1548 3364 1676 3432 ejus
1701 3363 1945 3422 obsistat

363 3430 791 3488 moliminibus.

364 3535 585 3594 Eodem
600 3551 763 3595 anno
781 3536 1179 3595 salahadinus
1194 3536 1558 3610 Negemendi
1576 3538 1755 3607 filius,
1781 3541 1948 3612 Syra·

292 3626 425 3681 coni
457 3640 529 3682 ex
559 3624 737 3682 fratre
781 3641 989 3698 nepos,
1034 3626 1140 3698 qui
1168 3632 1385 3698 patruo
1428 3642 1539 3684 suo
1569 3628 1855 3685 Siracono
1882 3630 1946 3687 in

289 3714 524 3786 AEgypti
546 3728 734 3785 regno
753 3718 1142 3782 successerat,
1167 3714 1526 3772 vocantibus
1553 3715 1783 3774 occulte
1803 3733 1945 3774 eum

291 3802 675 3859 Damascenis
702 3803 1118 3875 optimatibus,
1150 3804 1414 3873 legitimo
1454 3819 1664 3862 eorum
1694 3804 1945 3864 domino

290 3890 513 3948 Mehele
544 3891 744 3956 salah,
768 3891 892 3949 filio
923 3889 1196 3950 videlicet
1216 3891 1503 3951 Noradini
1523 3892 1723 3951 adhuc
1750 3894 1946 3968 impu·

289 3978 452 4045 bere,
465 3980 628 4053 apud
645 3979 953 4053 Halapiam
970 3986 1402 4048 commorante,
1418 3981 1750 4040 commissa
1766 3985 1946 4055 AEgy-

288 4068 372 4139 pti
416 4084 562 4125 cura
598 4068 840 4124 cuidam
887 4068 1054 4127 fratri
1096 4085 1207 4127 suo
1261 4070 1519 4128 seifedin
1565 4072 1830 4140 nomine,
1882 4076 1945 4129 ut

287 4170 542 4226 regnum
566 4155 1079 4214 Damascenorum
1108 4163 1448 4229 occuparet,
1476 4174 1580 4232 per
1606 4161 1943 4218 vastitatem

289 4243 624 4301 solitudinis
652 4244 712 4299 in
742 4243 972 4316 Syriam
1006 4244 1314 4311 testinans,
1345 4248 1704 4305 Damascum
1733 4264 1946 4321 perve-

287 4332 393 4388 nit.
429 4330 596 4387 Unde
624 4345 747 4386 non
778 4336 914 4404 post
940 4331 1161 4390 multos
1191 4334 1339 4399 dies,
1367 4335 1624 4404 civitate,
1660 4337 1945 4394 tradenti-

2062 1761 2224 1830 liari,
2250 1761 2525 1833 nihilque
2544 1762 2773 1820 alienos
2792 1765 3018 1820 animos
3045 1764 3234 1834 maqis
3263 1763 3512 1834 obiiqat,
3533 1777 3720 1834 quam

2058 1851 2488 1920 munificentia.
2520 1851 2782 1910 maxime
2807 1851 3184 1922 principalis.
3216 1853 3544 1923 Suspectus
3574 1865 3721 1920 ergo

2056 1939 2345 1997 nimirum
2370 1939 2545 1999 nobis
2580 1946 2730 2007 erat,
2756 1955 2831 1997 ne
2858 1940 3174 2010 geminatis
3203 1938 3717 2014 possessionibus,

2058 2027 2366 2099 duplicato
2378 2043 2514 2085 cum
2529 2026 3309 2100 viribusimperio,acriorin
3324 2042 3436 2085 nos
3450 2029 3722 2101 insurge·

2058 2120 2146 2175 ret
2165 2121 2221 2174 et
2244 2116 2519 2189 fatigaret
2542 2116 2974 2175 vehementius.
2994 2117 3168 2184 Quod
3190 2123 3390 2174 tamen
3406 2117 3721 2175 evacuatis

2058 2205 2281 2263 nostris
2307 2203 2718 2263 moliminibus
2729 2212 2787 2264 et
2807 2205 3031 2264 trustra
3056 2206 3336 2263 cohibere
3349 2206 3719 2273 volentibus,

2057 2294 2414 2366 lacrymosis
2443 2293 2624 2352 hodie
2666 2294 3023 2367 inspicimus
3047 2295 3237 2352 oculis
3264 2312 3280 2361 ;
3316 2294 3482 2368 quod
3517 2299 3723 2353 tantus

2060 2389 2212 2441 terra
2226 2384 2497 2454 marique
2517 2383 2577 2441 in
2600 2398 2712 2441 nos
2732 2383 2987 2454 insurgit
3007 2384 3224 2456 ;quod,
3241 2383 3355 2440 nisi
3369 2399 3481 2441 nos
3495 2383 3723 2441 miseri-

2058 2471 2315 2529 corditer
2328 2471 2956 2530 visitaveritOriensex
2974 2472 3091 2528 alto
3105 2471 3637 2543 (Luc.1,78),nulla
3649 2473 3721 2529 sit

2057 2576 2196 2633 spes
2218 2559 2552 2618 resistendi.
2575 2560 2784 2618 Tutius
2796 2576 2937 2618 sane
2959 2560 3274 2618 videbatur
3291 2574 3503 2630 puero,
3517 2562 3719 2619 adhuc

2056 2649 2221 2719 infra
2241 2664 2428 2707 annos
2452 2650 2793 2717 constituto,
2821 2650 3173 2707 ministrare
3199 2650 3530 2706 subsidium
3555 2673 3575 2720 ,-
3599 2666 3715 2707 non

2057 2741 2123 2794 ut
2171 2737 2376 2808 qratia
2420 2740 2572 2811 ejus,
2603 2739 2840 2810 aliquid
2887 2739 3281 2796 humanitatis
3321 2738 3624 2794 videretur
3667 2740 3717 2795 ei

2053 2827 2467 2897 praestandum
2482 2849 2507 2899 ,·
2534 2828 2639 2885 sed
2666 2835 2732 2884 ut
2760 2827 3110 2898 suspectiori
3135 2828 3349 2885 aemulo
3379 2829 3713 2886 nutriretur

2055 2915 2463 2983 adversarius,
2490 2932 2607 2989 quo
2633 2923 2974 2975 remorante
2996 2919 3127 2987 ejus
3157 2918 3490 2989 proposita,
3519 2916 3585 2974 in
3614 2932 3712 2975 nos

1984 3041 2028 3100 G
2053 3006 2263 3075 tierent
2289 3008 2418 3076 eius
2442 3005 2696 3077 impetus
2724 3007 3105 3077 infirmiores.

2694 3103 2918 3162 CAPUT
2953 3104 3047 3159 vil
3060 3147 3075 3162 .

2053 3200 2460 3271 Assiqnantur
2486 3215 2893 3273 eausoe,quare
2909 3202 3221 3272 continqat
3240 3201 3401 3273 quod
3419 3216 3604 3270 super
3618 3216 3712 3272 po·

2088 3274 2303 3344 putum
2316 3278 2586 3329 nostrum
2603 3273 2776 3330 solito
2800 3274 3063 3344 amptius
3077 3274 3270 3331 hostes
3283 3273 3677 3331 invalescant.

2125 3360 2294 3419 Libet
2321 3361 2627 3433 paulisper
2650 3361 2730 3419 ab
2759 3362 3021 3419 historiae
3050 3366 3239 3426 textu,
3272 3377 3393 3418 non
3421 3361 3713 3433 evagandi

2053 3449 2334 3508 inutiliter
2345 3450 2557 3521 gratia,
2574 3450 2682 3507 sed
2711 3455 2772 3506 ut
2790 3450 3077 3508 inferatur
3091 3450 3320 3523 aliquid
3340 3465 3461 3507 non
3482 3450 3712 3523 absque

2054 3538 2595 3606 fructu,disoedere.
2606 3538 2769 3594 Solet
2780 3538 2991 3612 quaeri,
3006 3543 3062 3595 et
3077 3554 3208 3595 vere
3223 3540 3432 3597 merito
3444 3554 3715 3612 quaeren-

2053 3627 2202 3685 dum
2233 3625 2484 3693 videtur,
2501 3626 2647 3699 quid
2669 3641 2867 3685 causae
2889 3628 2985 3694 sit,
3012 3627 3174 3700 quod
3196 3635 3400 3697 patres
3431 3631 3626 3685 nostri
3649 3628 3712 3686 in

2053 3731 2300 3774 numero
2307 3719 2594 3785 pauciore
2602 3718 2731 3787 maj
2733 3731 2863 3774 ores
2876 3715 3130 3773 hostium
3143 3718 3344 3786 copias
3358 3718 3419 3772 in
3433 3717 3712 3788 conflictu

2050 3821 2203 3875 saepe
2225 3805 2636 3864 sustinuerunt
2660 3805 2893 3875 fortius
2914 3819 2939 3877 ;
2957 3812 3010 3862 et
3036 3807 3434 3878 frequentius,
3462 3808 3718 3876 propria

2051 3894 2452 3965 divinitate,in
2471 3908 2657 3952 manu
2673 3895 2907 3953 modica
2929 3898 3183 3966 majores
3202 3911 3406 3953 eorum
3430 3910 3649 3953 cuneos
3660 3903 3715 3954 et

2050 3988 2428 4042 innumeram
2446 3985 2803 4057 plerumque
2813 3986 3259 4042 multitudinem
3273 3985 3715 4057 contriverunt,-

2053 4074 2138 4131 t'ta
2160 4074 2334 4131 etiam
2344 4072 2524 4146 ,quod
2545 4074 2737 4144 ipsum
2758 4088 2962 4130 nomen
2989 4073 3419 4140 Christianum,
3439 4073 3714 4146 qentibus

2058 4164 2234 4219 Deum
2262 4161 2702 4234 iqnorantibus,
2730 4168 2874 4220 esset
2897 4162 3236 4232 formidini,
3270 4168 3324 4218 et
3348 4162 3414 4219 in
3443 4163 3714 4232 operibus

2050 4256 2296 4321 patrum
2325 4254 2666 4308 nostrorum
2694 4251 3142 4323 qlorificaretur
3169 4251 3474 4307 Dominus.
3504 4251 3716 4310 Nostri

2051 4346 2248 4398 autem
2280 4340 2557 4411 temporis
2587 4341 2871 4407 homines,
2907 4355 3077 4398 versa
3100 4340 3294 4407 vice,a
3319 4340 3713 4410 paucioribus

288 4420 404 4476 bus
428 4419 683 4486 civibus,
712 4427 972 4492 recepta,
997 4436 1200 4478 versus
1225 4421 1608 4497 (loelesyriam
1641 4433 1941 4497 properat,
1971 4407 2017 4462 D
2049 4429 2265 4494 saepius
2294 4428 2516 4486 devicti
2531 4447 2548 4500 ;
2579 4433 2635 4485 et
2661 4444 2796 4485 cum
2819 4429 3101 4498 pluribus
3135 4443 3571 4499 nonnunquam
3598 4430 3714 4487 ad·-

289 4523 542 4581 sperans
588 4507 754 4582 quod
796 4524 1008 4567 omnes
1056 4509 1213 4567 illius
1255 4513 1435 4569 urbes
1476 4513 1539 4570 in
1583 4529 1780 4580 suam,
1814 4515 1943 4572 sine

285 4596 462 4664 bello,
498 4596 785 4655 ditionem
813 4599 1137 4672 reciperet3
1174 4614 1287 4657 nec
1328 4616 1437 4674 spe
1482 4600 1798 4659 frustratus
1827 4607 1939 4662 est.

285 4689 435 4746 Nam
461 4687 619 4744 intra
643 4687 948 4744 modicum
980 4694 1239 4761 tempus,
1272 4687 1641 4748 tradentibus
1668 4690 1940 4751 locorum

285 4773 521 4846 incolis,
551 4780 608 4833 et
639 4775 791 4833 ultro
821 4777 1225 4836 reserantibus
1256 4778 1476 4846 aditus,
1507 4786 1720 4839 contra
1748 4779 1940 4839 fideli-

283 4868 467 4922 tatem
490 4864 723 4922 domini
751 4866 974 4938 sui‚ouj
987 4881 1056 4922 us
1084 4882 1292 4924 servus
1316 4866 1758 4935 iuerat,omnes
1782 4869 1939 4928 illius

285 4954 605 5026 provinciae
633 4954 806 5012 urbes
834 4955 1099 5029 recepit;
1130 4956 1478 5030 Heliopolim
1509 4960 1704 5017 Groece
1732 4958 1940 5017 videli-

284 5045 396 5109 cet,
409 5057 546 5115 quae
561 5042 740 5101 bodie
761 5044 994 5102 Malbec
1018 5045 1253 5113 dicitur,
1268 5047 1519 5105 Arabiae
1531 5047 1756 5106 dictam
1772 5048 1939 5106 Baal-

282 5130 465 5199 beth;
498 5130 818 5197 Emissam,
848 5148 987 5204 quoe
1031 5133 1212 5205 vulgo
1250 5136 1492 5193 Camela
1528 5136 1782 5203 dicitur;
1826 5138 1939 5193 Ha·

282 5236 480 5288 mam;
511 5220 730 5292 Caesar,
760 5237 899 5295 qum
936 5223 1116 5295 vulgo
1146 5224 1361 5280 dicitur
1391 5225 1644 5284 Cesarea
1677 5241 1927 5299 magna.

282 5309 690 5370 Praesumebat
726 5316 925 5369 autem
966 5320 1254 5385 praeterea
1287 5313 1622 5387 Halapiam,
1649 5320 1703 5372 et
1733 5315 1935 5388 ipsum

280 5412 558 5469 puerum,
580 5414 686 5471 per
704 5401 1111 5474 quorumdam
1143 5400 1518 5475 proditorum
1538 5418 1790 5476 operam
1821 5403 1937 5461 sibi

281 5484 466 5552 tradi3
489 5487 598 5546 sed
625 5488 774 5548 illud
802 5505 953 5549 casu
976 5489 1249 5564 quodam
1272 5490 1632 5565 impeditum
1661 5495 1935 5554 est.Nam

2051 4531 2253 4573 versus
2278 4516 2583 4587 pauciores
2601 4518 2840 4588 frustra
2861 4517 3098 4590 aliquid
3126 4523 3399 4582 tentasse,
3423 4522 3479 4574 et
3507 4532 3715 4576 succu-

2053 4605 2239 4664 buisse
2257 4606 2569 4678 aliquoties
2587 4606 2989 4676 reperiuntur.
3010 4603 3552 4663 considerantibus
3565 4621 3712 4678 ergo

2048 4693 2226 4751 nobis
2255 4700 2309 4752 et
2339 4698 2563 4752 statum
2593 4697 2865 4752 nostrum
2895 4693 3210 4764 diligenter
3229 4694 3711 4766 discutientibus,

2049 4784 2245 4856 prima
2255 4783 2728 4849 occurritcausa,
2744 4782 2804 4839 in
2822 4785 3005 4840 Deum
3022 4788 3327 4840 auctorem
3346 4784 3708 4856 respiciens;

2046 4874 2210 4946 quod
2239 4887 2348 4944 pro
2368 4871 2642 4945 patribus
2662 4874 2907 4936 nostris.
2922 4873 3027 4946 qui
3054 4871 3291 4930 fuerunt
3309 4873 3417 4929 viri
3445 4872 3712 4945 religiosi

2045 4967 2105 5019 et
2133 4962 2405 5018 timentes
2451 4961 2661 5028 Deum,
2695 4962 2815 5018 nati
2848 4968 2988 5018 sunt
3022 4960 3127 5018 filii
3159 4961 3573 5033 perditissimi,
3606 4962 3713 5020 filii

2046 5048 2338 5119 scelerati,
2367 5048 2511 5107 fidei
2557 5049 2902 5107 Christiana!
2933 5049 3445 5123 praevaricatores,
3472 5052 3710 5124 passim

2044 5146 2102 5197 et
2124 5140 2254 5198 sine
2282 5137 2519 5197 delectu
2550 5154 2657 5211 per
2685 5139 2894 5197 omnia
2940 5142 3245 5195 currentes
3277 5138 3479 5197 illicita
3510 5155 3526 5208 ;
3555 5140 3709 5200 tales

2044 5236 2148 5286 aut
2177 5227 2395 5286 talibus
2424 5227 2801 5300 pejores,qui
2824 5226 3105 5284 dixerunt
3130 5227 3385 5285 Domino
3411 5230 3530 5285 Deo
3550 5246 3704 5287 suo:

2045 5315 2267 5374 Recede
2293 5330 2333 5373 a
2355 5315 2560 5386 nobis;
2582 5314 2889 5373 scientiam
2923 5313 3154 5370 viarum
3180 5320 3421 5372 tuarum
3442 5316 3708 5376 nolimus

2044 5404 2195 5477 (Job.
2230 5420 2352 5473 xxi,
2381 5404 2505 5476 14);
2538 5403 2761 5476 quibus
2793 5401 3023 5472 merito,
3053 5404 3313 5474 peccatis
3344 5419 3563 5462 eorum
3585 5407 3706 5464 exi-

2042 5490 2346 5565 gentibus,
2360 5492 2618 5563 gratiam
2638 5490 2953 5552 subtrahat
2973 5489 3284 5557 Dominus,
3307 5497 3606 5567 tanquam
3626 5495 3706 5553 ad
