3784 6000
184 205 297 263 133

1685 198 2113 264 EPISTOLAE.

3489 214 3605 278 134

175 337 263 407 tit,
294 352 377 393 es
406 335 672 392 alienum
703 333 849 390 mihi
872 349 986 406 quo
1018 349 1111 390 me
1141 335 1393 392 maxime
1423 335 1670 392 detineri
1701 350 1826 392 cre·
1853 333 1910 401 A
1943 333 2162 405 pundia
2195 340 2468 406 partuum
2520 339 2827 411 faciebant,
2859 345 2917 398 et
2964 345 3077 400 tote
3116 350 3377 405 recentes
3419 364 3600 407 cunae

176 426 354 482 debat
381 423 601 480 obtulit
630 424 701 480 ad
731 423 1076 480 solvendum
1109 425 1160 481 ei
1180 425 1249 479 de
1269 425 1549 482 electione
1570 425 1696 497 ejus
1715 429 1836 480 stu-

182 514 275 570 dio
307 529 441 570 meo
470 512 735 571 canomci
784 512 1176 568 convenirent.
1224 517 1374 570 Sane
1410 513 1684 570 dominus
1714 530 1835 581 rex,

181 607 511 663 interventu
555 604 776 662 domini
816 603 966 661 Petri
1015 604 1191 676 legati
1246 605 1440 676 vestri,
1491 606 1838 677 promiserat

180 712 356 768 snper
402 711 472 751 eo
524 694 670 750 mihi
718 692 898 765 regali
947 694 1349 751 munificentia
1378 695 1705 764 subvenire,
1735 695 1832 751 sed

178 802 304 842 eum
319 801 512 841 manu
534 787 855 852 contracta,
874 785 1025 854 quod
1043 783 1393 855 promiserat
1415 801 1529 840 non
1545 784 1832 856 impleret,

175 877 476 935 walterus
506 879 580 935 ad
602 876 947 933 solvendum
986 882 1338 950 praeparatus
1368 879 1636 947 occurrit,
1657 886 1709 934 et
1731 891 1834 948 ego

176 967 449 1040 respondi
480 968 535 1024 ei
567 965 877 1024 manifeste
905 965 1305 1025 Simoniacum
1332 982 1500 1034 esse;
1535 981 1725 1039 neque
1746 981 1836 1024 me

179 1057 503 1129 quidquam
527 1057 601 1112 ab
621 1072 689 1114 eo
708 1055 771 1112 in
787 1069 1024 1112 oausam
1039 1055 1382 1126 hujusmodi
1398 1060 1833 1128 suscepturum.

182 1145 483 1202 rmvideat
524 1144 707 1218 igitur
749 1144 897 1201 mihi
927 1159 1090 1201 more
1128 1161 1236 1203 suo
1267 1149 1456 1202 vestra
1487 1144 1835 1218 benignitas,

186 1235 271 1306 qui
302 1252 341 1291 a
371 1232 584 1290 multis
611 1233 880 1304 partibus
909 1233 1267 1292 incessanter
1297 1233 1562 1300 infestor,
1592 1248 1732 1290 nam
1760 1233 1834 1291 ab

186 1323 521 1396 episcopatu
566 1329 852 1380 remotum
910 1322 1166 1395 plerique
1216 1327 1484 1395 reputant
1531 1338 1633 1394 pro
1681 1323 1836 1395 regie

184 1412 613 1486 promissions;
641 1428 817 1484 quam
848 1410 1113 1468 Waltero
1137 1412 1346 1469 factam
1380 1411 1582 1468 nullus
1612 1415 1703 1468 est
1733 1411 1835 1484 qui

187 1503 423 1575 ignoret.
442 1503 634 1574 Super
650 1518 769 1574 quo
791 1507 848 1558 et
866 1502 999 1558 aliis
1017 1502 1408 1559 incommodis
1432 1502 1578 1558 meis
1599 1502 1836 1558 nuntios

185 1593 243 1648 de
271 1592 620 1649 necessitate
649 1592 721 1648 ad
745 1593 1111 1662 majestatem
1139 1596 1393 1649 vestram
1430 1591 1631 1648 censui
1655 1590 1832 1649 desti·

1944 424 2155 480 vicinia
2201 425 2549 486 celebrabat.
2601 429 2740 486 Novi
2788 431 2985 504 itaque
3024 442 3077 492 et
3112 437 3368 509 primum
3401 459 3598 514 preces

1945 515 2420 574 commonitorias
2450 519 2714 589 adhibui,
2750 522 2943 581 minas
2971 525 3148 584 etiam
3179 533 3236 585 et
3264 529 3487 605 aliquid
3513 535 3599 591 ul-

1944 602 2144 668 tionis.
2177 607 2278 661 sed
2316 606 2536 665 malum
2571 609 2737 668 facile
2764 613 3012 670 convelli
3054 633 3167 672 non
3204 621 3409 690 potuit,
3439 624 3594 696 quod

1947 694 2130 749 multo
2156 695 2277 764 Jam
2309 698 2567 768 tempore
2619 700 2806 757 suerat
2854 703 3194 762 radicatum.
3244 708 3386 765 Cum
3420 711 3597 785 igitur

1944 796 2049 852 ego
2080 783 2341 840 severius
2370 784 2588 857 aliquid
2644 788 2827 846 facere
2861 791 3269 865 decrevissem,
3319 797 3432 871 ipsi
3484 818 3593 858 no·

1944 871 2129 927 centis
2176 873 2543 930 conscientiae
2590 879 2648 932 et
2679 880 2886 935 notorii
2927 881 3190 940 criminis
3220 887 3426 944 timore
3453 906 3593 946 oon·

1945 960 2151 1029 territi,
2184 962 2514 1032 conspirare
2546 979 3039 1041 praesumpserunt
3076 976 3133 1029 et
3169 976 3346 1033 etiam
3377 978 3595 1050 conju-

1944 1065 2093 1115 rare,
2138 1052 2379 1110 consilio
2412 1056 2661 1112 maxime
2689 1058 3038 1116 thesaurarii
3075 1064 3333 1122 ecclesias
3364 1069 3593 1140 nepotis

1943 1137 2058 1194 mei
2088 1140 2273 1207 surdi,
2296 1141 2517 1199 scilicet
2536 1143 2710 1215 illius,
2734 1163 2904 1219 quem
2931 1150 3139 1220 nostis,
3163 1153 3259 1224 qui
3285 1169 3417 1212 cum
3444 1157 3593 1213 mul-

1944 1226 2017 1282 tis
2049 1245 2084 1283 a
2115 1243 2209 1285 me
2238 1230 2535 1288 beneficiis
2562 1250 2596 1290 a
2626 1235 2873 1307 pueritia
2899 1237 2972 1293 sit
3021 1245 3365 1313 praeventus,
3395 1244 3593 1317 impli-

1943 1315 2114 1371 cabili
2167 1323 2358 1374 tamen
2391 1321 2524 1379 odio
2569 1338 2659 1379 me
2689 1323 2865 1380 certis
2901 1341 2971 1382 ex
3000 1328 3195 1386 causis
3235 1346 3352 1388 non
3379 1332 3596 1391 desinit

1944 1405 2218 1465 infestare
2247 1415 2304 1465 et
2332 1411 2543 1482 duplex
2576 1415 2898 1485 perjurium
2921 1416 3219 1477 incurrere
3244 1438 3360 1479 non
3394 1423 3591 1481 formi-

1944 1495 2060 1552 dat.
2112 1501 2189 1553 Ex
2238 1500 2514 1557 mandato
2562 1501 2845 1573 siquidem
2892 1511 3084 1564 vestro
3123 1524 3316 1566 coram
3350 1511 3591 1570 domino

1943 1584 2017 1640 W
2023 1585 2236 1644 illelmo
2266 1589 2546 1648 cardinali
2580 1597 2637 1647 et
2671 1596 3132 1654 cenomannensi
3162 1603 3219 1656 et
3249 1600 3587 1659 abrincensi

190 1681 429 1749 naudus,
482 1686 550 1738 nt
602 1680 822 1737 auditis
872 1697 973 1753 per
1001 1697 1100 1738 eos
1129 1681 1403 1738 omnibus
1440 1680 1836 1738 misericordia
1868 1680 1915 1745 Β
1944 1675 2235 1748 episcopis
2264 1679 2640 1749 corporaliter
2660 1682 2879 1752 juravit
2909 1688 3063 1756 quod
3092 1703 3190 1744 eas
3232 1693 3391 1758 tunc,
3440 1706 3591 1763 quas

196 1771 323 1827 mihi
347 1780 544 1827 vestra
566 1770 901 1841 subveniat,
922 1771 1200 1843 quoniam
1215 1771 1417 1827 omnia
1438 1771 1691 1827 scribere
1712 1771 1838 1826 bre·

195 1860 325 1917 vitas
354 1858 620 1932 epistolae
653 1875 765 1917 non
798 1858 1106 1932 permittit.

486 2054 564 2094 an
592 2053 864 2095 nonnus«
895 2054 1087 2094 aaran
1114 2053 1522 2094 anmsnauu.

247 2125 581 2192 Ecclesiam,
627 2127 723 2183 cui
751 2126 870 2185 Deo
902 2125 1266 2198 permittente
1295 2125 1579 2195 deservio,
1613 2126 1836 2197 pra-de-

189 2231 362 2273 cessor
413 2219 612 2272 vester
656 2214 915 2287 glorioso
965 2216 1258 2273 memorias
1288 2215 1661 2271 Innocentius
1691 2231 1836 2286 papa

190 2307 490 2379 regendam
515 2305 664 2362 mihi
685 2306 733 2363 si
743 2322 813 2362 ne
832 2306 992 2363 omni
1017 2305 1164 2363 laica
1183 2305 1586 2378 designatione
1599 2305 1836 2363 commi·

192 2395 275 2464 sit,
303 2400 621 2467 totumque
651 2395 946 2452 sacularis
974 2394 1243 2466 potentiss
1271 2394 1515 2451 dimovit
1560 2393 1831 2450 obstacu-

191 2485 295 2540 lum
327 2489 388 2542 et
418 2485 477 2541 in
510 2485 726 2541 virtute
759 2485 852 2541 Dei
884 2485 958 2541 de
974 2500 1115 2557 pace
1133 2500 1263 2541 mea
1291 2485 1598 2556 splendide
1619 2484 1830 2541 trium-

187 2575 410 2648 phavit:
444 2590 622 2631 omne
650 2573 827 2631 etiam
872 2590 1018 2647 opus
1069 2590 1262 2630 meum
1314 2574 1606 2631 indefesso
1641 2573 1832 2630 favore

184 2663 367 2720 sedulo
416 2668 786 2737 prosecutus,
829 2663 1157 2721 necessario
1205 2678 1438 2735 semper
1475 2662 1679 2721 dilexit
1726 2679 1832 2719 au·

181 2752 303 2809 xilio
329 2757 392 2810 et
425 2751 752 2824 patrocinio
777 2751 1180 2809 communivit.
1203 2753 1464 2824 Cumque
1494 2768 1597 2823 ego
1628 2751 1831 2808 statim

182 2842 313 2897 inter
361 2839 545 2896 initia
585 2855 715 2897 mea
766 2839 1074 2896 ecclesiam
1121 2843 1402 2897 consueta
1455 2840 1831 2908 disponerem

180 2930 490 2988 emandare
540 2928 768 2999 lacuna,
819 2933 876 2986 et
906 2933 1129 2986 veteres
1157 2928 1574 2986 canonicorum
1616 2944 1830 2986 concu-

180 3020 404 3077 binatus
461 3019 711 3088 auferre,
786 3036 1025 3077 manum
1104 3018 1446 3076 necessarias
1504 3019 1833 3075 severitatis
1862 3059 1907 3128 C

180 3107 481 3176 adhibuit;
534 3109 679 3165 adeo
728 3113 793 3166 ut
823 3125 939 3165 una
969 3108 1061 3165 die
1101 3109 1171 3164 de
1200 3107 1412 3165 fiducia
1443 3107 1676 3164 virtutis
1707 3107 1834 3178 ejus

180 3197 496 3256 octodecim
549 3198 974 3256 concubinatus
1005 3215 1039 3255 a
1074 3198 1375 3255 canonicis
1418 3198 1648 3270 publice
1678 3198 1836 3254 fece-

177 3289 271 3343 rim
322 3288 617 3359 abjurari.
673 3288 923 3361 Purgata
961 3288 1145 3360 igitur
1192 3286 1440 3344 ecclesia
1487 3292 1547 3343 et
1576 3302 1838 3359 congrua

174 3377 573 3435 satisfactione
602 3377 700 3434 his
729 3377 828 3449 qui
859 3376 1229 3449 deliquerant
1256 3375 1610 3442 emundatis,
1637 3377 1833 3448 splen-

181 3468 366 3523 dorem
408 3464 675 3524 ecclesiae
728 3481 872 3523 meae
913 3470 1032 3522 tota
1098 3466 1394 3538 provincia
1460 3466 1834 3537 praedicabat,

183 3560 439 3631 adeoque
519 3556 763 3614 celebris
847 3555 1157 3629 disciplina
1229 3556 1494 3629 profecit,
1557 3560 1623 3612 ut
1671 3555 1835 3612 multi

180 3646 641 3719 circumquaque
713 3644 783 3702 ad
833 3645 1081 3702 debitam
1149 3644 1571 3701 continentiam
1639 3648 1836 3703 nostro

176 3736 548 3794 traherentur
576 3734 861 3808 exemplo.
905 3734 1275 3792 Exsultabam
1307 3735 1460 3806 quod
1509 3750 1639 3792 mea
1665 3744 1832 3791 ciste-

178 3827 247 3883 ris
291 3824 680 3884 continentias
732 3824 980 3881 formam
1050 3822 1297 3880 ecclesia
1368 3822 1734 3895 praebuisset,
1779 3830 1837 3880 et

175 3931 265 3972 eas
294 3915 474 3988 quasi
507 3913 581 3969 ad
612 3913 892 3972 vomitum
925 3913 1114 3969 redire
1152 3916 1359 3969 sancta
1383 3911 1648 3969 confusio
1699 3929 1835 3985 pro-

174 4006 417 4063 hiberet.
450 4002 580 4061 Illis
611 4002 787 4076 igitur
814 4001 1203 4072 exstantibus,
1243 4018 1388 4074 quos
1422 4002 1591 4074 quasi
1620 4003 1691 4059 de
1721 4002 1833 4060 Sa·

170 4099 313 4151 tana
335 4092 618 4150 faucibus
638 4091 954 4162 apostolica
975 4092 1254 4163 majestas
1277 4092 1518 4165 eripuit,
1535 4090 1695 4148 nulla
1715 4091 1834 4149 ool-

174 4183 388 4256 leginm
413 4185 689 4238 nostrum
714 4179 1043 4237 maculabat
1065 4180 1305 4237 infamia
1320 4180 1407 4237 vel
1434 4182 1709 4249 incestus,
1733 4182 1831 4238 sed

178 4289 289 4329 sese
307 4271 534 4328 studiis
554 4270 882 4327 honestatis
900 4268 1149 4325 invicem
1170 4270 1481 4340 praevenire
1505 4269 1828 4327 certabant.

180 4361 453 4417 Ceterum
488 4373 653 4428 cnm,
694 4357 1038 4429 procedente
1083 4359 1364 4427 tempore,
1394 4372 1571 4413 novos
1601 4355 1827 4413 institui

178 4452 504 4510 communis
537 4448 793 4507 fatalitas
807 4449 1110 4521 exegisset,
1134 4464 1322 4522 neque
1339 4448 1470 4505 novi
1495 4448 1832 4518 Juramento

176 4552 425 4599 veterum
471 4543 818 4597 tenerentur
845 4538 1090 4608 astricti,
1123 4537 1352 4594 labente
1380 4553 1611 4611 semper
1640 4537 1698 4594 in
1730 4538 1833 4593 de-

176 4633 383 4689 teriora
410 4628 654 4697 seculo,
677 4627 856 4701 coepit
889 4627 1115 4683 furtivis
1146 4628 1485 4685 excessibus
1506 4625 1832 4699 aliquorum

174 4719 564 4778 adolescentia
616 4717 907 4785 lascivire,
939 4717 1225 4789 quosdam
1271 4717 1343 4773 de
1373 4716 1834 4788 provectioribus

175 4811 237 4866 ad
257 4808 532 4867 similem
548 4822 750 4865 secum
771 4805 1104 4880 pertrahere
1122 4805 1502 4878 voluptatem,
1523 4806 1595 4861 de
1615 4805 1834 4878 quibus

172 4901 250 4956 vix
262 4897 652 4973 permittebat
660 4895 968 4954 sinistrum
977 4894 1199 4967 aliquid
1215 4894 1450 4967 publica
1463 4910 1665 4951 vereou
1675 4894 1833 4962 ndia,

173 4988 481 5062 suspicari.
514 4987 820 5043 Crescente
843 4984 1041 5057 itaque
1063 5000 1326 5053 numero,
1351 4983 1534 5041 crevit
1563 4984 1832 5055 audacia,

168 5082 215 5134 st
256 5092 507 5136 securos
553 5090 618 5132 se
663 5089 793 5131 esse
835 5072 924 5129 vel
974 5074 1203 5130 modico
1230 5073 1522 5130 velamine
1568 5072 1831 5129 confide-

173 5167 321 5236 bant,
356 5182 469 5223 nec
517 5164 741 5236 aliquid
786 5162 956 5219 facile
1007 5166 1232 5235 poterat
1270 5163 1396 5219 fieri
1427 5162 1828 5230 manifestum,

175 5271 268 5313 see
286 5272 398 5329 ego
420 5257 690 5328 poteram
720 5253 793 5309 de
807 5250 935 5309 sola
953 5251 1287 5324 suspicione
1308 5252 1456 5307 ferre
1479 5250 1829 5307 sententiam

79 5405 83 5410 ,
175 5350 337 5404 steca
359 5357 650 5402 numerus
671 5339 1044 5414 prevaricata
1065 5338 1441 5398 multitudine
1460 5338 1826 5397 defendebat.

174 5432 287 5492 Non
316 5432 518 5508 potuit
545 5435 745 5489 tamen
773 5444 925 5496 esse,
956 5429 1110 5502 quod
1154 5445 1188 5484 a
1214 5428 1415 5485 multis
1457 5427 1828 5501 peccabatur,

174 5524 605 5588 absconditum,
625 5521 768 5595 quta
787 5518 965 5578 fldem
981 5517 1373 5578 certissimam
1395 5532 1678 5577 novorum
1696 5534 1823 5576 cre·

1944 1767 2301 1837 proponebat
2330 1770 2634 1826 adversum
2668 1787 2778 1841 me,
2821 1773 3064 1830 ulterius
3108 1775 3433 1836 calumnias
3474 1795 3589 1838 uon

1943 1864 2214 1924 moveret,
2246 1864 2295 1912 et
2331 1861 2697 1928 postmodum
2728 1867 3024 1920 contracta
3049 1865 3120 1921 de
3142 1867 3292 1937 regis
3321 1868 3595 1941 indigna-

1940 1944 2098 2000 tione
2129 1944 2343 2002 fiducia
2370 1948 2669 2019 dejeravit.
2702 1950 2889 2023 Super
2913 1970 3027 2024 quo
3067 1970 3199 2011 cum
3230 1971 3337 2028 ego
3369 1974 3470 2029 per
3496 1976 3598 2015 ar-

1941 2032 2445 2107 chipresbyterum
2470 2053 2484 2092 :
2508 2039 2808 2096 Astansem
2829 2045 2882 2096 et
2906 2042 3349 2101 archidiaconos
3364 2051 3598 2104 nostroe

1939 2123 2008 2178 ad
2037 2140 2138 2181 vos
2160 2123 2446 2183 Bituricas
2460 2129 2885 2198 querimoniam
2912 2132 3273 2207 detulissem,
3302 2135 3597 2195 celebrata

1941 2212 2895 2282 cognitioneexcommunicatuma
2910 2237 3002 2277 me
3017 2223 3219 2280 eodem
3240 2225 3591 2283 inundatum

1938 2298 2169 2357 vinculo
2191 2302 2498 2361 remisistis
2511 2307 2781 2377 precibus
2800 2309 2972 2365 etiam
2997 2311 3367 2384 benignitatis
3386 2318 3591 2371 vestro

1942 2390 2205 2459 adjectis,
2236 2395 2303 2447 ut
2346 2393 2397 2448 ei
2430 2409 2750 2465 parcerem,
2781 2401 2838 2452 et
2872 2408 3100 2470 accepta
3131 2399 3338 2457 iterum
3372 2402 3593 2459 securi-

1939 2481 2058 2534 tate
2106 2494 2284 2551 quam
2334 2480 2558 2551 vellem,
2608 2499 2677 2541 ea
2720 2500 2844 2556 quoe
2888 2485 3169 2545 habuerat
3213 2489 3265 2546 ei
3310 2489 3599 2548 beneficia

1941 2583 2363 2626 conservarem.
2399 2571 2527 2628 Feci
2557 2572 2747 2646 itaque
2773 2576 2924 2647 quod
2948 2578 3291 2645 mandastis,
3319 2584 3377 2636 et
3398 2581 3591 2655 ipsum

1940 2659 2228 2728 perceptis
2258 2659 2469 2716 iterum
2498 2660 2768 2720 infaustis
2788 2664 3143 2736 juramentis
3172 2669 3418 2740 absolvi,
3451 2672 3594 2743 quia

1939 2763 2042 2803 vos
2067 2748 2117 2803 ei
2150 2749 2607 2808 misericordiam
2640 2751 2790 2810 hanc
2823 2771 2951 2812 meo
2990 2756 3165 2814 etiam
3198 2757 3416 2816 intuitu
3447 2776 3595 2819 con—

1939 2834 2182 2893 tulistis.
2212 2836 2242 2892 J
2254 2839 2440 2895 uravit
2471 2841 2679 2898 iterum
2718 2846 2890 2915 atque
2921 2844 3263 2918 aliquandiu
3298 2849 3368 2906 de
3399 2865 3597 2908 neces·

1940 2925 2111 2982 sitate
2142 2927 2383 2998 quievit,
2415 2929 2515 2985 sed
2550 2933 2775 2987 noviter
2802 2939 3098 3008 comperto
3124 2938 3278 3011 quod
3313 2937 3370 2993 in
3391 2955 3484 2996 me
3506 2954 3598 2998 ve·

1944 3014 2279 3073 hementius
2310 3018 2461 3090 regis
2478 3019 2561 3075 ira
2584 3023 2899 3091 recruduit,
2924 3025 3198 3095 deJeravit
3215 3028 3386 3085 tertio
3412 3045 3595 3103 seque

1943 3105 2131 3178 ipsius
2162 3106 2457 3180 obsequiis
2479 3110 2636 3165 omni
2660 3112 2855 3168 studio
2877 3114 3248 3187 mancipavit.
3283 3118 3397 3190 Spe
3417 3118 3597 3192 siqui·

1943 3195 2076 3252 dem
2102 3200 2356 3267 accepta,
2389 3200 2537 3268 quod
2573 3199 2865 3272 iniquitati
2898 3203 3028 3274 ejus
3057 3221 3161 3277 per
3191 3208 3344 3280 regis
3374 3209 3598 3267 violen-

1943 3282 2085 3339 tiam
2120 3300 2234 3339 non
2279 3286 2501 3343 deesset
2547 3288 2817 3346 effectus:
2853 3292 3054 3349 accitis
3099 3294 3273 3351 etiam
3308 3296 3420 3353 sibi
3452 3312 3597 3369 quos

1947 3374 2169 3430 notoria
2194 3373 2321 3429 vitoe
2354 3376 2629 3435 notabilis
2677 3381 2918 3452 cogebat
2965 3382 3210 3441 infamia
3257 3387 3590 3459 desperare.

1945 3459 2092 3531 Ipsis
2111 3478 2249 3535 ergo
2275 3464 2330 3519 in
2349 3481 2589 3524 numero
2612 3471 3101 3540 transgressionis
3116 3475 3438 3532 undenario
3460 3491 3599 3533 con-

1942 3552 2218 3622 gregatis,
2266 3552 2363 3609 alii
2396 3553 2628 3624 triginta
2661 3556 2766 3613 sed
2813 3560 3039 3616 meliori
3092 3579 3333 3621 numero
3364 3565 3594 3622 restite·

1945 3645 2099 3708 runt,
2139 3642 2209 3697 ad
2244 3657 2416 3699 omne
2458 3659 2602 3715 opus
2645 3647 2992 3705 canonicum
3044 3650 3315 3722 prudenti
3353 3653 3596 3711 consilio

1946 3731 2270 3801 praeparati.
2299 3730 2398 3788 Ille
2421 3748 2573 3801 vero,
2596 3735 2939 3808 priusquam
2964 3754 2997 3793 a
3018 3754 3111 3794 me
3127 3739 3353 3811 aliquid
3377 3742 3596 3799 dictum

1944 3819 2153 3875 fuisset
2174 3823 2272 3876 aut
2289 3819 2527 3889 factum,
2543 3825 2663 3895 pari
2678 3826 2911 3882 vesania
2940 3826 3395 3897 conclamantes,
3411 3845 3595 3903 oppo-

1943 3924 2080 3965 nere
2092 3910 2395 3967 certabant
2416 3912 2821 3983 appellationis
2837 3914 3229 3986 obstaculum,
3246 3917 3371 3975 solo
3396 3927 3593 3977 tamen

1942 3998 2070 4070 ejus
2097 3999 2333 4055 nomine
2354 3999 2733 4069 confidentes,
2759 4007 2933 4076 atque
2953 4020 3020 4061 eo
3049 4005 3171 4062 solo
3188 4022 3423 4065 omnem
3448 4008 3596 4067 mihi

1943 4084 2002 4141 in
2033 4086 2308 4142 omnibus
2339 4085 2723 4145 obedientiam
2759 4092 3198 4164 subtrahebant,
3224 4094 3311 4153 fas
3340 4105 3397 4152 et
3425 4096 3592 4156 nefas

1941 4177 2267 4249 impudenti
2297 4178 2539 4235 audacia
2570 4181 3008 4250 permiscentes.
3041 4184 3300 4258 Cumque
3338 4202 3465 4259 ego,
3497 4205 3593 4248 su·

1942 4282 2044 4337 per
2057 4265 2273 4339 quibus
2293 4268 2565 4339 capitulis
2580 4269 2663 4325 vel
2676 4272 2941 4329 articulis
2960 4274 3343 4345 appellarent,
3363 4276 3594 4334 instan-

1941 4354 2167 4410 tissime
2199 4371 2547 4427 quaererem,
2570 4373 2686 4429 quo
2717 4359 2946 4417 lidelius
2969 4363 3344 4435 appellationi
3374 4366 3603 4425 siesset

1862 4430 1909 4494 D
1943 4446 2260 4501 reverentia
2291 4452 2633 4514 servaretur,
2664 4453 3006 4522 extorquere
3048 4469 3164 4510 non
3192 4454 3375 4525 potui,
3411 4472 3602 4529 neque

1950 4532 2094 4589 mihi
2133 4533 2219 4589 vel
2268 4535 2459 4593 dicere
2502 4537 2588 4594 vel
2636 4537 2888 4595 scribere
2932 4540 3267 4609 voluerunt,
3297 4544 3502 4599 timere
3532 4559 3597 4601 se

1947 4623 2191 4695 ideoque
2219 4624 2501 4683 adversus
2531 4627 2731 4683 omnia
2760 4642 2884 4700 quae
2915 4627 3026 4684 dici
3060 4635 3308 4702 possunt
3337 4629 3426 4686 vel
3466 4630 3596 4688 fieri

1943 4729 2270 4785 provocare.
2303 4712 2417 4770 Nec
2448 4715 2685 4787 quidem
2716 4733 2939 4785 omnes,
2972 4719 3069 4774 sed
3100 4719 3341 4775 confuse
3370 4718 3594 4791 singuli

1943 4801 2178 4874 singula
2210 4804 2629 4874 proponebant,
2674 4805 2883 4861 diversi
2911 4806 3148 4877 penitus
3178 4814 3233 4863 et
3264 4823 3366 4878 per
3393 4807 3594 4865 omnia

1942 4889 2314 4950 dissidentes.
2347 4893 2608 4949 Sustinui
2641 4909 2746 4965 ego
2766 4894 3068 4965 patienter,
3102 4894 3261 4951 nulla
3279 4895 3336 4952 in
3362 4897 3599 4971 aliquos

1942 4978 2057 5035 lata
2087 4981 2377 5038 sententia
2416 4987 2623 5053 prater
2664 4982 2828 5049 duos,
2862 4982 3145 5041 adversus
3193 5001 3339 5055 quos
3368 4985 3592 5044 littera-

1940 5084 2070 5124 rum
2118 5073 2442 5125 vestrarum
2474 5068 2817 5127 auctoritate
2866 5074 3285 5145 processimus,
3340 5075 3592 5149 ideoque

1939 5159 2154 5215 factum
2185 5164 2446 5215 vestrum
2495 5163 2683 5215 vestra
2714 5160 2967 5232 petimus
3006 5164 3347 5222 excellentia
3379 5166 3597 5222 confir-

1940 5248 2108 5305 mari.
2137 5248 2218 5305 De
2247 5247 2484 5320 reliquis
2515 5255 2711 5305 autem
2734 5266 2868 5307 cum
2899 5252 3229 5324 adulteriis,
3262 5252 3593 5310 incestibus

1935 5343 1993 5396 et
2022 5337 2153 5394 aliis
2181 5336 2526 5395 criminibus
2546 5339 2782 5412 publico
2812 5341 3079 5398 omnium
3106 5343 3222 5399 sint
3254 5342 3594 5400 testimonio

1934 5428 2329 5497 condemnati,
2376 5429 2689 5488 detulimus
2736 5429 3212 5504 appellationem,
3246 5432 3383 5490 licet
3427 5433 3597 5493 nulla

1931 5517 2105 5574 fuerit
2133 5533 2232 5589 pro
2282 5517 2407 5576 sola
2436 5519 2692 5578 nominis
2722 5520 2895 5578 vestri
2928 5523 3273 5595 reverentia,
3314 5522 3595 5583 timidiu⁸
