3784 6000
208 220 328 284 ⁴83
348 246 353 251 ·

1281 208 1714 299 cuasam
1765 208 2145 272 Trasssts
2174 175 2553 273 'ascania

3515 213 3641 277 ⁴8⁴

201 354 480 413 dominus
503 366 706 410 comes
736 347 1075 416 Balduinns,
1100 346 1213 403 utri
1248 344 1478 402 illorum
1500 344 1764 403 tradatur
1782 343 1861 402 ci·
1885 347 1935 416 Α
1967 350 2110 403 sunt
2137 346 2336 404 hostes
2356 362 2560 404 eorum
2588 346 2648 403 in
2673 345 2881 419 capite,
2902 344 3099 420 stipsi
3131 348 3535 421 ignominiose
3553 369 3638 412 ce-

206 447 384 518 vitas,
420 446 607 503 utrius
642 442 873 498 illorum
909 439 1070 512 prius
1102 437 1158 493 in
1195 438 1394 493 urbem
1429 438 1737 495 inducatur
1764 454 1861 494 ve-

201 535 439 605 xilium,
471 534 755 591 differunt
799 544 987 600 usque
1020 543 1189 584 niane
1213 528 1416 584 urbem
1463 528 1728 583 traditam
1760 543 1861 583 oc·

210 642 449 699 cupere,
479 636 781 698 quousque
810 621 880 675 de
908 618 1009 677 illa
1053 619 1256 674 frivola
1288 619 1604 690 quaestione
1633 617 1861 690 plenius

207 714 615 772 deliberarent.
640 710 984 768 Didicerunt
1004 708 1195 780 itaque
1217 723 1320 780 per
1340 724 1530 764 rerum
1556 707 1820 779 experien
1837 736 1861 749 -

203 805 345 861 tiam
378 818 554 877 quam
593 815 790 858 verum
821 799 894 855 sit
919 799 1061 854 illud
1097 814 1112 854 ε

839 889 987 944 Mora
1016 903 1197 944 secum

376 978 703 1038 Periculum
735 976 951 1043 trahit,-

200 1077 260 1129 et
289 1071 432 1126 illud
477 1070 691 1125 iterum
725 1086 742 1121 ε
780 1106 885 1123 .....
920 1067 1117 1121 Nocuit
1144 1064 1372 1137 differre
1394 1063 1626 1135 paratis.

197 1161 368 1229 Nam,
425 1162 737 1229 antequam
797 1155 922 1212 dies
977 1153 1340 1210 illucesceret
1393 1152 1670 1220 crastina,
1732 1156 1854 1209 tam

195 1249 402 1321 ingens
424 1247 681 1305 hostium
703 1244 884 1301 adfuit
907 1243 1491 1314 multitudo‚tamque
1508 1256 1856 1298 numerosus

199 1345 254 1394 et
283 1334 676 1392 formidabilis
696 1334 1017 1390 Turcorum
1050 1330 1355 1398 exercitus,
1378 1334 1440 1386 ut
1469 1331 1656 1387 nostri
1674 1330 1851 1387 etiam

198 1428 271 1483 de
300 1425 415 1482 vita
445 1424 806 1481 diffiderent.
839 1422 945 1487 Qui
978 1428 1166 1477 autem
1202 1419 1578 1490 advenerant,
1609 1420 1857 1477 alimen-

199 1520 391 1572 torum
425 1513 688 1571 infinitas
719 1527 918 1567 secum
953 1510 1259 1566 trahebant
1305 1508 1543 1581 copias;
1577 1508 1850 1565 condixe-

198 1609 447 1676 rantque
476 1601 796 1658 adinvicem
831 1599 1146 1669 prudenter
1182 1598 1323 1654 satis
1353 1604 1410 1654 et
1439 1596 1662 1663 callide,
1695 1602 1760 1653 ut
1791 1614 1854 1653 se

1973 437 2181 493 dentes
2229 442 2387 508 terga
2421 436 2708 492 dederunt
2756 435 3048 505 hostibus,
3081 446 3269 496 castra
3304 440 3643 501 deserentes

1972 527 2027 579 et
2050 523 2335 594 sarcinae,
2366 528 2503 598 suga
2532 524 2780 582 salutem
2805 525 3165 597 quaerebant,
3187 544 3364 599 quam
3401 547 3521 589 non
3546 549 3642 604 po·

1970 602 2213 671 tuerunt
2264 616 2538 672 invenire.
2584 614 2730 671 Nam
2781 614 2976 673 hostes
3023 616 3259 687 rejectis
3295 621 3555 677 arcubus
3585 625 3646 679 et

1970 720 2171 760 eorum
2203 704 2396 761 officio
2430 706 2714 777 neglecto,
2736 705 2948 777 gladiis
2981 707 3266 765 instantes
3287 710 3643 781 quominus,

1970 809 2114 865 pene
2162 810 2361 851 omnes
2428 793 2830 850 interficiendo
2877 793 3232 852 deleverunt.
3280 799 3446 871 Capti
3495 806 3642 857 sunt

1967 880 2048 937 ibi
2089 899 2283 940 comes
2331 883 2666 941 Edessanus
2714 887 2771 939 et
2813 885 3089 942 dominus
3133 885 3478 946 Joscelinus
3508 891 3639 961 ejus

1966 975 2486 1047 consanguineus3
2520 979 2579 1032 et
2620 973 2873 1032 vinculis
2915 974 3157 1048 alligati,
3190 975 3251 1032 in
3300 981 3493 1035 terras
3523 977 3638 1037 ho-

1966 1064 2148 1119 stium
2181 1066 2351 1120 tracti
2383 1070 2518 1121 sunt
2552 1065 2915 1122 remotiores.
2945 1065 3227 1122 Dominus
3258 1071 3457 1124 autem
3491 1067 3637 1126 Boa-

1966 1154 2241 1222 mundus,
2266 1169 2400 1210 cum
2433 1154 2666 1212 domino
2696 1155 2996 1211 Tancredo
3017 1162 3071 1211 et
3102 1160 3352 1230 utroque
3376 1160 3634 1230 patriar-

1966 1242 2098 1308 cha,
2129 1242 2404 1299 tumultui
2436 1259 2498 1300 se
2530 1243 2916 1301 subducentes
2957 1243 3189 1313 bellico,
3222 1245 3450 1303 viarum
3498 1253 3634 1304 stu-

1965 1331 2126 1388 diose
2155 1331 2514 1390 declinantes
2536 1333 2902 1405 compendia,
2927 1333 3201 1391 Edessam
3234 1343 3629 1408 pervenerunt

1963 1420 2307 1479 incolumes.
2339 1425 2410 1478 At
2457 1438 2592 1479 vero
2639 1422 2905 1494 ejusdem
2958 1422 3070 1481 loci
3119 1423 3627 1498 archiepiscopus,

1963 1510 2119 1568 sicut
2147 1510 2233 1566 vir
2254 1509 2500 1582 simplex
2522 1515 2666 1580 erat,
2690 1511 2877 1567 turbis
2897 1511 3196 1569 involutus
3227 1511 3625 1585 praeliaribus,

1960 1602 2194 1657 vinctus
2225 1605 2281 1658 et
2325 1605 2650 1672 catenatus,
2675 1617 2983 1659 numerum
3035 1600 3197 1658 auxit
3232 1603 3620 1675 captivorum.

199 1693 259 1751 in
292 1694 441 1749 duas
472 1691 798 1747 dividerent
824 1694 1068 1757 turmas,
1101 1692 1165 1743 ut
1196 1687 1338 1744 dum
1371 1687 1549 1745 altera
1578 1702 1711 1742 cum
1746 1702 1853 1744 no·
1882 1717 1930 1783 B
1960 1691 2184 1748 Accidit
2213 1697 2407 1747 autem
2440 1694 2593 1764 quod
2626 1691 2932 1764 cujusdam
2963 1691 3279 1749 Christiani
3309 1692 3622 1766 deputatus

197 1783 336 1839 stris
369 1795 719 1854 quocunque
747 1787 977 1848 eventu,
1009 1778 1129 1833 sive
1160 1792 1432 1849 prospere
1465 1775 1585 1833 sive
1615 1776 1850 1847 snistr0,

196 1870 522 1936 dimicaret,
546 1869 728 1924 altera
758 1868 983 1925 civibus
1008 1867 1243 1923 inferret
1272 1866 1565 1923 victualia.
1590 1867 1856 1923 Factum·

198 1975 310 2033 que
331 1963 415 2016 est
433 1959 533 2015 ita.
560 1962 726 2025 Nam,
751 1956 949 2014 statim
974 1956 1205 2028 diejam
1230 1955 1658 2029 aliquantulum
1685 1956 1854 2013 adul-

197 2059 274 2119 ta,
307 2051 554 2108 adversae
588 2049 768 2121 partis
800 2049 1090 2121 principes
1122 2048 1432 2104 instruunt
1467 2049 1725 2121 agmina,
1756 2064 1848 2104 or-

202 2140 413 2197 dinant
432 2139 608 2208 acies,
632 2144 910 2210 tanquam
938 2137 1206 2208 protinus
1229 2137 1563 2210 pugnaturi,
1587 2152 1849 2194 seorsum

198 2228 315 2286 illis
363 2227 720 2297 constitutis,
771 2227 991 2300 quibus
1049 2226 1411 2283 sarcinarum
1477 2243 1612 2282 cura
1662 2226 1852 2283 suerat

197 2319 529 2376 commissa.
562 2316 760 2388 Neque
809 2315 902 2371 his
949 2320 1167 2381 tamen,
1204 2314 1303 2386 qui
1355 2330 1416 2370 se
1464 2316 1730 2385 aptabant
1777 2315 1848 2371 ad

202 2407 423 2480 proelia,
457 2421 590 2479 spes
618 2413 738 2461 erat
771 2403 908 2473 ulla,
941 2409 1041 2459 aut
1067 2403 1370 2460 obtinendi
1404 2404 1724 2471 victoriam,
1748 2409 1849 2460 aut

195 2495 501 2552 resistendi
537 2493 797 2561 diutius;
833 2495 929 2550 sed
962 2493 1016 2548 id
1041 2493 1228 2549 solum
1259 2494 1342 2549 eis
1365 2493 1669 2549 videbatur
1689 2495 1849 2549 sut'ss-

195 2599 326 2643 cere
357 2583 427 2640 ad
461 2582 826 2655 propositum
859 2582 929 2650 si,
961 2583 1176 2638 nostris
1206 2583 1361 2639 circa
1389 2598 1485 2638 eos
1528 2583 1846 2654 occupatis,

195 2673 421 2731 obsessi
453 2673 608 2729 cives
638 2672 879 2728 allatum
915 2672 1023 2728 sibi
1052 2676 1292 2742 possent
1319 2671 1536 2728 vietum
1572 2671 1844 2742 recipere.

190 2764 470 2819 Videntes
493 2761 674 2835 igitur
693 2761 875 2817 nostri
900 2760 1195 2833 principes
1218 2759 1413 2817 hostes
1436 2761 1743 2833 praeparari
1771 2758 1845 2816 ad

193 2851 486 2925 praelium,
510 2852 620 2923 ipsi
647 2867 878 2923 quoque
899 2851 1134 2906 aciebus
1155 2856 1211 2906 et
1233 2851 1563 2921 agminibus
1585 2865 1842 2919 congruo

188 2941 434 3016 digestis
499 2943 723 3011 ordine,
776 2951 1021 3014 utroque
1089 2940 1417 3015 patriarcha
1476 2941 1839 2999 sermonibus

1962 1781 2262 1851 custodite,
2287 1797 2465 1855 super
2493 1798 2649 1849 eum,
2673 1798 2739 1839 ex
2772 1797 2886 1854 quo
2915 1781 3255 1853 episcopum
3285 1782 3443 1839 novit
3463 1798 3617 1851 esse,

1960 1874 2150 1925 rus-tus
2194 1869 2515 1927 visceribus
2544 1871 2872 1939 charitatis,
2903 1871 3163 1929 animam
3212 1888 3379 1929 suam
3410 1889 3516 1942 pro
3549 1872 3624 1929 il-

1962 1957 2076 2015 lius
2125 1975 2346 2030 ponens
2394 1960 2613 2021 anima,
2648 1959 2897 2016 illaesum
2948 1959 3109 2017 abire
3156 1960 3465 2032 permisit3
3519 1963 3621 2034 qui

1962 2047 2214 2117 tandem,
2240 2057 2572 2122 protegente
2599 2064 2732 2105 eum
2766 2048 3034 2117 Domin0,
3057 2049 3212 2107 infra
3243 2066 3460 2121 paucos
3486 2051 3617 2107 dies

1961 2133 2235 2191 Edessam
2269 2152 2531 2192 reversus
2563 2141 2670 2207 est,
2695 2153 2829 2192 cum
2862 2135 3046 2192 multa
3075 2136 3285 2192 civium
3307 2135 3618 2195 hilaritate

1960 2231 2285 2298 susceptus.
2321 2228 2394 2283 At
2426 2242 2557 2284 vero
2588 2227 2862 2283 dominus
2915 2226 3202 2299 princeps,
3235 2226 3375 2283 dum
3417 2228 3617 2285 adhuc

1960 2315 2180 2371 Edessae
2208 2331 2428 2372 moram
2466 2317 2700 2383 faceret,
2724 2315 2969 2373 audiens
2999 2316 3177 2388 quod,
3203 2317 3460 2389 peccatis
3490 2315 3614 2374 exi-

1959 2404 2253 2474 gentibus,
2287 2421 2482 2461 comes
2511 2410 2715 2476 captus
2745 2410 2919 2472 esset,
2943 2405 3444 2464 consentientibus
3477 2405 3614 2463 civi·

1958 2492 2086 2561 bus,
2123 2495 2327 2549 urbem
2357 2493 2592 2551 domino
2618 2495 2910 2551 Tancredo
2952 2494 3291 2551 servandam
3339 2495 3611 2564 credidit,

1955 2587 2012 2639 et
2060 2583 2293 2654 regione
2333 2587 2683 2651 universam,
2734 2599 2801 2639 ea
2850 2584 3204 2654 conditione,
3236 2592 3299 2640 ut
3346 2584 3613 2641 redeunti
3657 2594 3662 2599 '

1955 2669 2026 2724 de
2057 2685 2284 2726 carcere
2306 2670 2543 2725 domino
2569 2670 2785 2739 comiti,
2809 2671 2858 2726 ei
2890 2671 3079 2726 statim
3113 2669 3239 2726 sine
3265 2668 3611 2728 difficultate

1954 2761 2307 2831 resignaret3
2342 2761 2466 2832 ipse
2497 2765 2692 2817 autem
2726 2760 2949 2817 domini
2997 2759 3275 2818 Joscelini
3303 2765 3516 2818 terram
3548 2761 3610 2819 in

1952 2865 2120 2905 suam
2154 2852 2370 2921 recepit
2420 2849 2895 2907 sollicitudinem.
2929 2855 3104 2907 Porro
3152 2867 3259 2908 neo
3302 2850 3469 2923 prius
3499 2866 3609 2908 nec

1950 2941 2317 3011 postmodum
2366 2939 2422 2994 in
2458 2942 2723 2996 universo
2768 2940 3026 3012 Oriente,
3056 2944 3314 3013 tempore
3364 2940 3609 2998 Latino-

185 3032 840 3102 exhortatoriis,addere
861 3031 1145 3088 militibus
1168 3033 1432 3087 nituntur
1452 3033 1707 3101 anim0s;
1731 3033 1832 3090 sed
1865 3015 1909 3081 C
1946 3045 2095 3095 rum,
2131 3028 2359 3101 uspiam
2394 3029 2602 3103 legitur
2639 3036 2758 3086 tam
2802 3030 3194 3102 periculosum
3243 3029 3427 3088 fuisse
3457 3047 3606 3104 prae-

188 3122 426 3179 Domini
457 3123 645 3193 gratia
690 3121 976 3190 destituti,
1010 3138 1115 3178 neo
1157 3121 1354 3178 verbis
1392 3121 1696 3193 juvantur,
1738 3137 1843 3179 nec

188 3209 708 3268 admonitionibus.
745 3214 915 3280 Nam,
943 3211 1142 3267 statim
1175 3210 1362 3282 primo
1405 3210 1677 3267 conflictu
1710 3211 1842 3268 facti

1954 3119 2121 3187 lium,
2163 3124 2435 3190 tantaque
2466 3129 2689 3192 strages
2721 3120 2971 3176 virorum
3004 3120 3261 3189 tortium,
3293 3122 3605 3193 gentisque

1954 3216 2166 3266 nostrae
2197 3214 2315 3266 tam
2348 3210 2742 3284 ignominiosa
2773 3211 2929 3283 suga.

1082 3561 1495 3655 INCIPIT
1575 3565 1902 3650 LIBER
1980 3563 2681 3657 UNDECIMUS·

702 3858 928 3916 CAPUT
988 3857 1296 3914 PRIMUM.

178 3945 552 4014 Boamundus,
574 3950 1045 4007 Antiocheam-um
1065 3948 1343 4022 princeps,
1373 3950 1655 4004 commisso
1680 3949 1827 4019 prin·

246 4019 441 4087 cipotu
488 4019 775 4088 Tancredo,
822 4026 1192 4093 transfretans
1238 4023 1298 4075 in
1346 4021 1635 4075 Franciam
1690 4034 1827 4089 pro-

243 4095 423 4159 perat,
467 4092 907 4164 Francorumque
951 4096 1093 4163 repis
1138 4094 1323 4161 filiam
1373 4091 1524 4147 ducit
1571 4106 1821 4147 uxorem.

254 4163 755 4234 Hierosolymorum
814 4162 1140 4234 patriarcha
1205 4164 1430 4217 Romam
1486 4167 1642 4233 pecie.
1712 4165 1826 4218 Rex

245 4248 475 4290 uxorem
521 4235 824 4305 loquimam
870 4235 1068 4305 absque
1113 4249 1293 4288 causae
1357 4237 1661 4304 counitione
1724 4236 1825 4291 ‹le-

245 4305 400 4361 serit.

245 4390 460 4447 AEstate
508 4405 642 4446 vero
692 4392 1055 4459 transcursa,
1086 4390 1363 4449 dominus
1416 4393 1815 4461 Boamundus‚

175 4480 363 4539 multo
395 4480 525 4537 aeris
573 4478 744 4537 alieni
798 4481 1050 4552 pondere
1097 4481 1393 4553 fatigatus,
1428 4486 1485 4537 ut
1532 4483 1600 4539 ad
1644 4480 1821 4538 debiti

174 4569 525 4630 solutionem
559 4585 623 4626 se
668 4576 896 4640 pararet
925 4575 982 4628 et
1011 4574 1077 4626 ut
1106 4570 1178 4627 de
1225 4569 1488 4641 partibus
1538 4571 1825 4627 ultrama-

174 4661 322 4719 rinis
349 4662 600 4733 majores
630 4658 886 4717 militum
918 4678 1115 4718 secum
1147 4660 1401 4716 traheret
1425 4659 1643 4734 copias,
1670 4662 1824 4733 prin·

174 4753 401 4825 cipatus
433 4751 525 4808 sui
574 4766 716 4809 cura
745 4756 803 4807 et
830 4749 1336 4808 administratione
1382 4749 1656 4823 generali,
1688 4768 1819 4807 cum

173 4841 343 4914 plena
392 4841 806 4913 jurisdictione
849 4841 1057 4899 dilecto
1104 4857 1212 4898 suo
1261 4841 1690 4914 consanguineo
1716 4842 1821 4899 do-

173 4932 333 4988 mino
399 4931 697 4989 Tancredo
746 4932 1081 5002 commissa,
1146 4932 1204 4987 in
1269 4931 1533 5004 Apuliam
1588 4933 1824 5005 naviga-

170 5021 293 5091 vit;
345 5024 403 5076 et
449 5036 582 5077 cum
644 5038 709 5079 eo
760 5023 1034 5079 dominus
1100 5021 1444 5095 Daybertus,
1488 5021 1824 5097 Hierosoly-

174 5126 403 5168 morum
434 5112 778 5182 patriarcha.
805 5112 934 5180 Qui,
963 5121 1266 5184 postquam
1300 5113 1356 5169 in
1384 5111 1658 5185 Apuliam
1686 5130 1820 5185 per-

170 5201 328 5259 venit
402 5200 628 5257 modico
690 5209 950 5272 tempore
1007 5201 1066 5256 in
1124 5218 1230 5256 sua
1296 5201 1526 5271 regione
1596 5217 1822 5258 moram

174 5291 409 5359 taciens,
438 5294 743 5363 assumpto
779 5289 851 5347 de
889 5290 1013 5347 suis
1064 5290 1330 5347 fidelibus
1363 5290 1606 5347 honesto
1636 5291 1822 5347 comi-

171 5383 318 5450 tatu,
378 5379 553 5452 Alpes
614 5378 929 5449 transiens,
976 5379 1049 5449 ad
1115 5378 1417 5434 dominum
1485 5378 1822 5450 Philippum

171 5466 457 5525 illustrem
488 5468 841 5525 Francorum
881 5484 1076 5541 regem
1126 5469 1403 5540 pervenit.
1433 5469 1481 5523 A
1529 5482 1641 5541 quo
1670 5468 1825 5525 inter

171 5560 379 5619 catera
406 5556 554 5615 duas
582 5558 708 5630 ejus
736 5557 994 5614 obtinuit
1021 5555 1195 5626 filias,
1230 5572 1409 5615 unam
1438 5557 1513 5615 de
1559 5557 1821 5630 legitimo

1938 3859 2135 3912 natam
2159 3855 2556 3923 matrimonio,
2574 3856 2972 3914 Constantiam
2996 3855 3253 3925 nomine,
3277 3870 3456 3928 quam
3473 3856 3589 3915 sihi

1940 3946 2149 4002 loedere
2179 3945 2471 4020 conjugali
2506 3945 2795 4019 copulavit
2823 3946 2881 4002 in
2914 3961 3189 4014 uxorem3
3222 3944 3464 4002 alteram
3488 3961 3591 4002 no-

1936 4036 2095 4094 mine
2124 4034 2417 4104 Ceciliam,
2442 4052 2617 4108 quam
2649 4036 2699 4093 ei
2728 4036 3235 4110 Andegavensium
3266 4034 3586 4106 comitissa,

1936 4129 2085 4198 (quae
2110 4131 2302 4198 spreto
2325 4127 2553 4194 marito,
2579 4127 2652 4182 ad
2680 4128 2949 4184 eumdem
2974 4125 3278 4182 dominum
3308 4140 3502 4199 regem
3528 4141 3588 4181 se

1934 4215 2277 4288 contulerat)
2318 4234 2497 4274 uxore
2541 4216 2732 4274 adhuc
2778 4217 2989 4286 vivent,
3038 4219 3354 4289 pepererat,
3405 4229 3583 4288 quam

1852 4303 1901 4369 D
1928 4306 2166 4363 domino
2215 4307 2513 4364 Tancredo
2563 4307 2756 4379 nepoti
2785 4324 2916 4376 suo,
2949 4323 3019 4364 ex
3059 4305 3266 4378 Apulia
3312 4303 3582 4374 missam,

1925 4393 2237 4451 destinavit
2257 4400 2661 4454 uxorem.Com
2672 4396 2840 4469 pletis
2862 4412 2996 4467 ergo
3020 4394 3261 4464 negotiis
3281 4401 3399 4450 tam
3422 4394 3580 4466 apud

1922 4484 2192 4540 eumdem
2215 4485 2515 4543 dominum
2541 4502 2734 4558 regem
2759 4501 2930 4557 quam
2955 4484 3014 4541 in
3040 4483 3170 4540 aliis
3193 4482 3582 4540 ultramonta-

1923 4572 2015 4629 nis
2037 4574 2316 4645 partibus,
2331 4592 2465 4631 cum
2489 4575 2706 4646 ingenti
2729 4575 2990 4648 equitum
3007 4571 3383 4646 peditumque
3403 4579 3579 4629 trans·

1927 4666 2134 4722 fretare
2164 4664 2480 4722 volentium
2535 4663 2934 4736 multitudine,
2967 4663 3027 4721 in
3059 4662 3329 4736 Apuliam
3361 4662 3576 4719 iterum

1924 4770 2190 4811 reversus
2219 4760 2327 4811 est.
2358 4758 2428 4810 At
2459 4771 2591 4811 vero
2622 4754 2900 4812 dominus
2932 4755 3249 4826 Daybertus
3278 4753 3346 4808 ad
3371 4752 3574 4809 Eccle-

1924 4842 2073 4900 siam
2110 4842 2427 4899 Romanam
2459 4846 2765 4914 accedens,
2797 4848 2856 4901 et
2887 4842 3261 4915 inJ'uriarum,
3292 4857 3438 4913 quas
3470 4857 3574 4914 pa-

1924 4929 2200 5000 tiebatur,
2236 4932 2472 4988 modum
2507 4932 2813 5004 aperiens3
2844 4930 3022 4989 simul
3051 4935 3109 4987 et
3143 4928 3365 4987 Arnulfl
3395 4926 3575 4986 nimis

1925 5022 2215 5080 efficacem
2240 5022 2523 5081 malitiam
2546 5023 2750 5081 ordine
2774 5024 3058 5096 pandens,
3082 5038 3188 5079 nec
3211 5037 3325 5078 non
3350 5018 3573 5077 domini

1926 5112 2081 5182 regis
2102 5112 2400 5169 sinistram
2429 5114 2841 5182 intentionem,
2865 5131 2977 5186 qua
2998 5111 3315 5169 Ecclesiam
3339 5108 3439 5167 Dei
3461 5108 3573 5167 hu-

1925 5200 2150 5258 miliare
2181 5202 2497 5276 nitebatur,
2529 5221 2731 5261 omnes
2762 5204 2833 5260 ad
2862 5202 2956 5259 sui
3006 5201 3186 5259 movit
3213 5197 3573 5272 compassio-

1926 5306 2082 5360 nem,
2113 5292 2360 5365 gratiam
2392 5293 2621 5350 obtiens
2672 5294 3097 5349 universorum.
3128 5291 3243 5348 Neo
3289 5288 3481 5347 solum
3512 5287 3571 5345 id

1926 5396 2180 5451 enorme,
2206 5383 2360 5455 quod
2389 5384 2459 5440 de
2481 5384 2721 5441 domino
2744 5382 3066 5456 patriarcba
3089 5380 3374 5454 Dayberto
3393 5395 3594 5453 supra,

1925 5475 2378 5530 memoravimus
2408 5473 2625 5532 factum
2654 5488 2801 5543 esse,
2834 5481 3033 5531 contra
3077 5468 3449 5543 disciplinam
3476 5486 3570 5527 ec-

1924 5559 2335 5630 clesiasticam,
2355 5578 2456 5620 rex
2474 5563 2851 5624 commiserat
2872 5579 2889 5634 ;
2921 5576 3120 5622 verum
3141 5560 3316 5619 etiam
3338 5576 3572 5620 uxorem
