3784 6000
1068 254 1272 317 mS‘r.
1319 254 1597 321 RERUM
1640 254 2168 321 TRANSMARIN.
2217 286 2294 304 —-
2335 253 2485 318 Lm.
2528 252 2581 315 1.

3405 247 3527 312 250

119 387 426 454 comitatu,
458 403 577 445 non
609 387 801 444 solum
833 390 1008 461 prout
1034 389 1163 462 ejus
1198 389 1437 447 decebat
1473 390 1770 464 generosi·
1797 393 1853 461 Α
1881 396 1940 449 et
1968 391 2299 464 paludibus,
2328 390 2498 464 equis
2526 388 2778 458 amissis,
2822 389 2952 446 vitas
2999 387 3421 446 consuluerunt
3463 390 3525 444 st

122 481 329 545 tatem,
358 492 469 533 neo
498 492 727 534 morum
761 491 990 547 censor,
1014 492 1118 534 nec
1138 484 1435 549 correptor
1453 480 1769 537 enormita-

117 565 231 634 tis;
264 564 371 622 sed
404 563 825 623 maleficiorum
859 567 1145 640 particeps
1175 574 1230 624 et
1278 567 1626 639 flagitiorum
1676 569 1768 625 in·

118 659 339 712 centor.
368 654 480 720 Qui
515 671 742 725 omnes,
775 664 1108 713 transcursa
1138 656 1458 714 Franconia
1487 664 1545 715 et
1585 659 1766 716 Bava-

115 745 211 810 ria,
236 749 559 818 postquam
582 746 728 803 fines
747 746 1410 818 attigeruntHungarioe,
1431 749 1765 819 pervenien-

113 839 189 890 tes
210 835 293 891 ad
328 832 529 891 locum
561 835 653 891 eui
679 851 891 892 nomen
914 837 1305 908 Heeszeburg,
1325 837 1582 894 arbitrati
1603 838 1765 910 quod

112 921 317 990 libere,
349 928 411 981 et
440 923 571 981 sine
596 924 944 982 difficultate
973 925 1057 982 eis
1086 924 1288 982 liceret
1316 925 1571 997 introire,
1603 928 1761 984 clau-

108 1028 233 1069 sum
266 1013 639 1084 reperientes
665 1014 1071 1082 aditum‚citra
1096 1021 1328 1087 pontem
1352 1017 1759 1074 substiterunt.

107 1102 237 1158 Erat
263 1106 477 1158 autem
498 1102 551 1159 is
571 1101 736 1160 locus
759 1103 1118 1175 presidium,
1142 1104 1437 1161 munitum
1458 1105 1625 1162 valde
1654 1106 1764 1163 ilu-

109 1192 370 1250 minibus
403 1192 702 1262 maximis,
725 1195 993 1251 Danubio
1013 1199 1073 1251 et
1095 1195 1355 1260 Lintaoe,
1376 1199 1436 1252 et
1457 1196 1759 1267 profundis

109 1281 570 1354 circumseptum
593 1281 922 1352 paludibus,
946 1283 1029 1339 ita
1047 1284 1221 1340 etiam
1242 1288 1306 1340 ut
1325 1284 1534 1355 majori
1559 1284 1762 1341 multi-

110 1371 315 1441 tudini,
348 1371 553 1429 invitis
585 1371 677 1429 bis
706 1372 804 1445 qui
832 1373 1222 1430 observabant
1259 1373 1589 1442 introitum,
1641 1390 1760 1432 non

109 1467 251 1516 esset
284 1459 471 1517 facile
496 1459 759 1534 irrogare
799 1461 1157 1519 violentiam.
1207 1462 1521 1519 Dicebatur
1562 1468 1759 1520 tamen

112 1565 225 1606 esse
250 1565 474 1606 eorum
507 1550 612 1622 qui
661 1549 1010 1608 advenerant
1056 1567 1343 1608 numerus
1389 1552 1461 1608 ad
1507 1552 1760 1608 ducenta

116 1638 285 1695 millia
298 1638 575 1711 peditum
589 1657 606 1708 ς
618 1640 879 1712 equitum
891 1640 1220 1712 vero,quasi
1234 1640 1348 1698 tria
1362 1640 1564 1697 millia.
1581 1641 1756 1699 Porro

117 1743 198 1784 rex
221 1726 551 1800 Hungarioe
577 1729 828 1785 transire
851 1727 1180 1786 volentibus
1210 1730 1434 1787 aditum
1462 1729 1754 1802 prohiberi
1786 1760 1832 1827 B

123 1819 515 1887 mandaverat,
567 1819 777 1876 timeus
824 1836 896 1876 ne
957 1820 1327 1890 injuriarum,
1374 1837 1520 1892 quas
1565 1820 1755 1878 Gode-

123 1907 277 1965 scalci
304 1906 645 1982 legionibus
672 1907 974 1980 intulerat,
1004 1923 1311 1977 memores,
1368 1909 1427 1964 in
1473 1908 1752 1966 ultionem

127 1996 319 2053 armari
350 2002 639 2070 cuperent
665 1998 1014 2057 intromissi.
1049 2000 1273 2056 Recens
1302 1999 1460 2056 enim
1510 2000 1751 2067 factum,

132 2091 433 2143 sternentis
448 2088 628 2144 endis
646 2087 1167 2160 enormitas,longe
1188 2087 1753 2161 latequedivulgata,

133 2191 294 2248 mgem
318 2176 433 2233 sibi
458 2176 660 2232 timere
676 2176 1119 2246 compellebant.
1145 2177 1541 2234 obtinuerunt
1555 2183 1754 2236 tamen

24 2318 29 2323 .
134 2265 188 2320 ab
214 2265 305 2322 bis
332 2264 439 2337 qui
468 2266 540 2321 ad
573 2265 834 2338 predicti
859 2267 1165 2338 municipii
1186 2265 1443 2338 deputati
1464 2272 1631 2323 erant
1650 2284 1753 2323 cu-

20 2846 35 2983 Ι

20 2992 33 3148 i

20 3369 31 3480 Ι

133 2355 385 2425 stodiam,
412 2359 477 2413 et
503 2372 538 2412 a
562 2355 929 2428 principibus
950 2355 1271 2429 legionum,
1297 2356 1478 2428 quiin
1500 2373 1568 2413 ea
1589 2362 1751 2428 parte

133 2443 403 2515 regionem
436 2443 845 2513 observabant,
875 2450 937 2501 ut
966 2444 1185 2515 legatos
1213 2445 1286 2500 ad
1322 2460 1510 2518 regem
1541 2445 1751 2517 dirige·

129 2537 247 2599 rent,
276 2531 409 2604 qui,
441 2548 544 2605 pro
573 2533 943 2604 impetranda
973 2549 1110 2605 pace
1129 2538 1188 2589 et
1212 2533 1534 2590 obtinenda
1560 2538 1751 2592 trans·

128 2624 274 2678 eundi
300 2623 598 2693 libertate,
614 2639 814 2695 regem
837 2624 1177 2697 suppliciter
1197 2624 1591 2682 convenirent.
1632 2626 1753 2699 Ipsi

128 2727 229 2768 vero
255 2712 497 2769 interim
530 2712 679 2769 citra
708 2712 953 2786 paludes
987 2713 1044 2770 in
1078 2713 1220 2770 locis
1252 2714 1485 2786 pascuis
1533 2721 1753 2772 castra-

22 2782 31 2843 ἶ
129 2802 297 2859 aetati
328 2805 497 2870 sunt,
521 2802 603 2859 rei
625 2801 1032 2876 prestolantes
1054 2809 1350 2860 eventum.

712 2923 942 2982 CAPUT
980 2923 1145 2982 XXX.

126 3031 378 3104 Quonwdo
400 3039 652 3090 castrum
674 3034 1027 3108 Mmuburq
1059 3032 1402 3103 obsederunt,
1447 3038 1499 3091 et
1543 3036 1754 3107 septin-

175 3111 364 3176 ρωποι
387 3105 757 3175 exflunsan‘s
785 3108 1215 3177 intersecet-unu
1240 3114 1297 3164 et
1339 3106 1563 3163 tandem
1610 3106 1752 3164 divi·

176 3178 325 3233 nites
356 3179 419 3232 is
444 3178 636 3248 lupam
662 3178 833 3244 versi,
862 3193 999 3250 pene
1027 3193 1212 3235 omnes
1237 3179 1307 3234 ab
1343 3180 1620 3249 Eunoni-is
1657 3180 1751 3235 in·

176 3248 388 3320 tet-lxta·
413 3253 565 3305 suit.

178 3354 420 3424 interea,
452 3354 551 3429 qui
570 3355 739 3412 missi
764 3356 995 3413 fuerant
1015 3357 1088 3412 ad
1112 3372 1328 3429 regem,
1350 3357 1564 3415 infecto
1586 3374 1751 3432 pror·

120 3460 203 3501 sus
227 3445 492 3520 negotio,
532 3446 735 3517 pausis
792 3444 1041 3503 evolutis
1078 3447 1307 3516 diebus,
1339 3449 1557 3505 reversi
1587 3454 1746 3506 sunt.

120 3535 351 3600 Quorum
374 3533 661 3591 relatione
682 3535 934 3606 maJores
957 3535 1171 3605 edocti,
1194 3536 1482 3608 quierant
1502 3537 1565 3594 in
1583 3552 1750 3595 exer-

119 3626 235 3693 citu,
263 3624 423 3698 qnod
448 3622 677 3681 nullam
699 3624 855 3696 apud
878 3640 1072 3697 regem
1094 3627 1341 3698 gratiam
1365 3630 1636 3699 poterant
1654 3627 1748 3684 in·

118 3715 309 3783 venire,
341 3718 686 3788 proponunt
710 3718 918 3777 terras.
949 3730 1099 3787 quas
1126 3715 1271 3771 eitra
1300 3715 1507 3773 fluvios
1548 3721 1606 3774 st
1639 3733 1751 3791 pa-

120 3804 289 3861 ludem
332 3820 438 3862 rex
486 3804 837 3877 possidebat,
889 3804 1247 3878 depopulari,
1297 3810 1357 3864 et
1409 3807 1748 3864 suburbana

118 3893 479 3963 succendere,
508 3899 565 3949 et
594 3892 655 3949 in
685 3892 865 3949 rebus
894 3893 1024 3965 eJus
1056 3893 1353 3951 hostiliter
1397 3895 1641 3952 versari.
1684 3898 1746 3953 In

116 3998 211 4055 quo
228 3985 374 4041 dnm
390 3983 753 4041 desudarent
772 3984 1075 4055 attentius,
1094 3984 1326 4056 accidit,
1345 3985 1438 4043 die
1465 3984 1746 4058 quadam,

115 4071 243 4143 qaod
275 4072 645 4146 septingenti
667 4088 737 4128 ex
753 4072 906 4145 regis
928 4074 1248 4144 supradicti
1272 4074 1484 4130 militia
1518 4074 1747 4147 navigio

22 4165 25 4204 ;
112 4167 463 4219 manantes
492 4160 740 4228 occulto,
775 4162 1099 4233 peregrinis
1128 4178 1196 4220 ex
1227 4163 1539 4233 insperato,
1569 4168 1635 4218 ut
1672 4162 1744 4218 ab

22 4253 25 4260 '
109 4246 267 4309 illatis
294 4249 606 4323 regionem
638 4254 936 4307 tuerentur
972 4250 1226 4324 injuriis,
1273 4267 1416 4309 casu
1460 4268 1523 4309 se
1567 4251 1745 4310 dede·

108 4344 220 4395 runt
244 4337 489 4397 obviam
515 4354 532 4394 ε
562 4355 708 4411 quos
735 4355 871 4396 cum
901 4340 1194 4399 declinare
1214 4358 1331 4398 non
1355 4346 1613 4413 possent,
1638 4355 1745 4400 neo

109 4430 273 4487 redire
296 4430 378 4487 ad
410 4428 643 4502 propia,
673 4429 842 4502 aquis
883 4428 1358 4503 impedientibus,
1409 4447 1557 4504 pene
1606 4447 1743 4489 om-

107 4532 193 4576 ues
214 4517 521 4577 interfecti
548 4523 710 4588 sunt,
741 4519 945 4592 paucis
972 4521 1248 4595 exceptis,
1281 4522 1382 4594 qui
1413 4524 1475 4579 in
1516 4528 1742 4579 carecto
1781 4509 1832 4573 1)

1878 482 2075 541 saluti.
2106 485 2232 548 Qua
2260 481 2432 539 erecti
2462 479 2726 547 victoria,
2749 477 3036 549 adjiciunt
3055 477 3231 535 etism
3258 480 3341 549 ut,
3374 491 3520 547 pon-

1876 569 2035 627 tibus
2068 570 2381 637 t'abrieatis,
2416 567 2749 641 presidium
2772 574 3130 638 expugnent;
3163 570 3220 624 et
3240 566 3348 623 iter
3367 565 3521 621 ferro

1876 661 2223 733 aperienteS,
2256 660 2316 717 in
2340 675 2586 731 regnum
2604 657 2884 715 violenter
2903 658 3327 730 ingrediantur.
3345 657 3521 712 Juxta

1875 751 1983 807 boc
2014 751 2373 822 propositum
2405 749 2674 805 cohortes
2720 749 2995 814 excitant,
3035 750 3095 803 et
3146 763 3248 818 per
3288 752 3518 819 pontes·

1872 855 2021 912 quos
2052 841 2124 897 de
2151 856 2296 895 novo
2317 842 2640 906 erexerant,
2665 838 2955 894 nioenibus
2977 835 3358 907 applicantes,
3385 850 3520 907 pro·

1870 930 2006 986 tecti
2032 928 2271 1002 clypeis,
2295 929 2367 984 ad
2390 928 2539 985 muri
2554 926 2990 992 suffossionem,
3007 929 3068 981 et
3081 926 3400 982 violentum
3421 922 3514 980 in-

1867 1022 2108 1077 troitum
2141 1018 2467 1076 animosius
2493 1032 2556 1072 se
2578 1015 2909 1088 accingunt.
2934 1014 3130 1086 quue
3144 1013 3273 1085 jam
3297 1029 3397 1082 per
3416 1027 3517 1068 eo·

1870 1127 2003 1166 rum
2034 1109 2369 1182 diligentem
2400 1106 2741 1163 instantiam
2771 1109 3006 1160 ventum
3038 1107 3185 1171 erat,
3233 1106 3299 1158 ut
3346 1117 3515 1156 muro

1868 1200 1929 1256 in
1962 1200 2107 1258 loeis
2139 1198 2406 1270 pluribus
2432 1195 2737 1267 perforato,
2764 1194 3015 1265 jamjam
3053 1190 3377 1263 peregrinis
3422 1206 3520 1262 pa-

1866 1293 2014 1348 teret
2036 1289 2326 1346 introitus.
2350 1286 2419 1342 Et
2441 1285 2540 1359 qui
2562 1284 2725 1341 intus
2745 1286 2914 1341 erant
2931 1282 2988 1338 in
3014 1280 3366 1352 municipio,
3383 1295 3515 1335 om-

1868 1380 2009 1437 nino
2038 1379 2097 1435 in
2128 1377 2587 1450 desperationem
2619 1371 3064 1438 descenderant,
3097 1371 3170 1427 de
3200 1368 3324 1426 vita
3357 1368 3521 1439 poni·

1865 1475 1964 1526 tus
1984 1468 2347 1533 diffidentem
2372 1481 2505 1523 cum
2526 1479 2659 1521 ecce
2671 1466 2909 1534 repente
2926 1459 3198 1516 immisso
3232 1458 3517 1515 divinitus

1865 1560 2094 1626 timore,
2117 1557 2317 1614 relicto
2339 1554 2662 1621 assultu,et
2676 1551 2932 1608 maxima
2958 1548 3514 1621 impedimentorum

1866 1651 2030 1719 parte
2058 1644 2338 1718 neglecta,
2382 1643 2527 1700 versi
2574 1644 2714 1697 sunt
2760 1641 2821 1696 in
2869 1638 3066 1709 fugam
3112 1636 3212 1709 qui
3262 1635 3515 1692 victores

1863 1736 2187 1807 videpatur,
2228 1735 2372 1806 sugas
2419 1746 2657 1788 causam
2710 1728 2947 1801 penitus
2993 1727 3350 1797 ignorantes.
3398 1725 3512 1781 Nec

1873 1825 2031 1883 aliud
2061 1824 2120 1880 in
2154 1839 2325 1879 causa
2355 1821 2572 1877 dicitur
2597 1819 2911 1886 exstitisse,
2937 1816 3051 1872 nisi
3078 1815 3237 1887 quod
3267 1812 3512 1886 peccatis

1869 1914 2292 1986 multiplicibus
2321 1911 2632 1968 Dominum
2664 1909 2739 1965 ad
2779 1905 3140 1963 iracundiam
3176 1917 3508 1975 provocave-

1866 2008 2016 2067 rant,
2045 2003 2401 2074 impietatem
2433 2001 2638 2065 secuti,
2669 2013 2795 2069 quae
2824 1995 2945 2052 suis
2969 1992 3291 2050 cultoribus
3323 1999 3506 2048 terro·

1864 2111 1986 2152 rem
2006 2094 2154 2150 solet
2175 2092 2450 2148 incutere.
2473 2090 2644 2162 Faqit
2663 2086 2813 2143 esim
2836 2084 3227 2156 impiusjuxta
3255 2080 3501 2138 verbum

1863 2181 2178 2255 Sapientis,
2199 2181 2421 2236 nemine
2437 2183 2789 2250 persequente
2816 2175 3001 2245 (Ρνου.
3023 2186 3223 2241 xxviii,
3247 2171 3320 2241 1).
3339 2168 3501 2225 Hun-

1864 2272 1990 2344 gari
2006 2286 2140 2326 vero
2160 2267 2398 2325 meliore
2420 2267 2573 2322 sacta
2589 2263 2941 2332 conditione,
2963 2261 3223 2317 videntes
3238 2257 3500 2316 bostium

1863 2375 2081 2417 cuneos
2099 2364 2260 2430 terga
2280 2357 2532 2425 dedisse,
2556 2351 2807 2410 insecuti
2829 2354 2969 2408 sunt
2988 2366 3087 2406 eos
3106 2353 3383 2420 tanquam
3414 2346 3503 2402 vi-

1862 2453 2071 2518 ctores,
2103 2462 2252 2520 quos
2273 2445 2433 2516 prius
2464 2437 3104 2499 habuerantIormidini
3123 2455 3138 2505 ;
3160 2440 3218 2494 et
3237 2452 3384 2509 quos
3409 2435 3504 2491 in-

1864 2538 1952 2595 fra
1983 2537 2198 2594 moenia
2226 2533 2423 2592 vallati
2454 2531 2765 2604 paludibus
2786 2529 2879 2584 vix
2900 2530 3170 2600 poterant
3189 2523 3501 2588 sustinere,

1862 2627 2014 2685 ultro
2044 2627 2454 2697 insequuntur,
2482 2621 2609 2678 vice
2636 2635 2825 2687 versa,
2857 2632 2974 2674 non
3005 2613 3200 2673 solum
3245 2612 3503 2671 tormidi-

1862 2733 2023 2787 nem,
2046 2730 2245 2772 verum
2268 2719 2328 2770 et
2349 2714 2597 2768 mortem
2617 2709 2954 2780 irrogantes.
2980 2706 3061 2761 Ex
3079 2703 3503 2777 quibuscomes

1861 2806 2080 2868 Emico,
2102 2821 2235 2861 cum
2260 2802 2511 2860 maxima
2535 2804 2698 2872 parte
2718 2796 3142 2853 dissolutarum
3169 2798 3502 2852 turmarum

1861 2896 2111 2969 lugiens,
2141 2893 2203 2950 in
2230 2891 2475 2965 patriam
2497 2904 2664 2947 suam
2684 2901 2953 2944 reversus
2973 2888 3085 2942 est.
3110 2882 3224 2939 Alii
3247 2897 3378 2939 vero
3403 2896 3504 2938 no-

1861 2984 2011 3042 biles
2040 2999 2189 3053 quos
2216 2996 2395 3054 supra
2417 2976 2870 3044 nominavimus,
2896 2989 2997 3048 per
3017 2970 3376 3030 Cerinthiam
3409 2970 3505 3027 de-

1860 3074 2168 3142 clinantes,
2188 3071 2250 3127 in
2275 3069 2503 3127 ltaliam
2523 3069 2930 3137 pervenerunt,
2954 3078 3071 3135 qua
3083 3061 3324 3119 decursa
3342 3063 3501 3131 Apu·

1780 3133 1832 3200 C·
1859 3163 1952 3221 lin
1977 3177 2041 3219 se
2069 3161 2397 3218 intulerunt
2426 3157 2681 3214 finibus:
2715 3155 2870 3211 unde
2899 3157 2957 3210 et
2984 3168 3085 3209 eos
3116 3153 3187 3207 de
3230 3148 3503 3222 principi·

1856 3253 1988 3321 bus,
2017 3250 2172 3307 idem
2203 3250 2314 3305 iter
2342 3246 2673 3319 agentibus,
2703 3246 2806 3317 qui
2838 3241 3192 3301 Duracbium
3225 3239 3504 3312 navigare

1858 3343 2300 3415 proposuerant,
2332 3337 2536 3405 secuti,
2580 3337 2639 3393 in
2677 3334 2954 3393 Groeeiam
2995 3348 3060 3389 se
3105 3329 3500 3389 contulerunt.

1856 3432 1957 3490 His
1985 3446 2122 3503 ergo
2151 3434 2208 3486 et
2227 3425 2571 3499 hujusmodi
2587 3423 2842 3482 motibus
2865 3437 3011 3494 pene
3026 3425 3185 3477 totus
3207 3418 3501 3476 concutie-

1856 3521 2027 3579 batur
2054 3518 2355 3587 Occidens,
2385 3521 2444 3574 et
2480 3529 2748 3573 seorsum
2795 3516 3023 3568 turmas
3067 3508 3321 3580 agebant
3358 3519 3501 3578 pene

1857 3608 2119 3665 nationes
2148 3607 2456 3672 universis,
2503 3607 2561 3659 et
2597 3599 2724 3659 alisi
2773 3600 2885 3657 sub
2934 3597 3322 3668 principibus,
3369 3594 3502 3650 alio

1854 3697 2026 3771 quasi
2039 3694 2326 3768 acephaloe
2340 3696 2447 3749 iter
2460 3688 2969 3763 aggrediebantur.
2985 3684 3102 3740 Via
3119 3689 3317 3739 tamen
3334 3697 3498 3738 coin·

1853 3786 2158 3861 pendium,
2185 3784 2339 3856 quod
2370 3781 2472 3855 qui
2504 3795 2607 3850 per
2641 3777 3002 3850 Hungariam
3050 3772 3496 3840 descenderant,

1852 3883 2075 3934 eertum
2102 3879 2224 3931 erat
2253 3871 2551 3944 reperisse,
2585 3872 2822 3939 propter
2862 3860 3238 3919 insolentiam
3284 3874 3492 3916 eorum

1851 3970 1911 4023 et
1939 3963 2312 4021 enormitates
2342 3959 2576 4023 nimias,
2607 3970 2757 4028 quas
2797 3953 3134 4024 frequenter
3176 3952 3233 4007 et
3296 3954 3499 4019 proter

1852 4053 2151 4118 meritum,
2183 4048 2436 4122 regionis
2466 4045 2794 4102 inferebant
2821 4039 3277 4108 habitatoribus,
3310 4041 3496 4092 trans-

1849 4146 2058 4201 euntes
2098 4139 2199 4212 qui
2246 4136 2680 4211 precesserant,
2730 4130 2816 4190 eis
2866 4128 3107 4205 penitus
3148 4126 3497 4200 negabatur.

1851 4230 2016 4289 Unde
2043 4232 2102 4287 et
2126 4245 2247 4299 eos,
2279 4226 2380 4299 qui
2410 4221 2945 4296 subsequebantur,
2964 4216 3342 4275 reddiderunt
3362 4228 3496 4271 ma-

1847 4322 1939 4395 gis
1948 4318 2249 4390 sollicitos,
2272 4319 2337 4373 ut
2356 4316 2509 4388 regis
2523 4313 2931 4386 Hungarorum
2948 4307 3063 4366 sibi
3078 4304 3329 4380 gratiam
3357 4319 3499 4362 con-

1850 4414 2145 4471 ciliarent.

1032 4881 1428 4973 INCIPIT
1506 4881 1848 4973 LIBER
1922 4876 2572 4970 SECUNDUS.

617 5212 849 5273 CAPUT
896 5215 1207 5276 PRIMUM.

98 5316 193 5384 st
218 5327 479 5390 uapore
504 5318 626 5377 dux
660 5320 986 5392 codofridus
1031 5326 1141 5380 iter
1188 5327 1511 5397 arripuerit,
1543 5333 1597 5382 ee
1632 5328 1735 5398 qui

146 5389 523 5536 mm
549 5407 634 5463 eo,
660 5397 717 5452 st
760 5394 1021 5467 quomodo
1068 5412 1242 5470 mque
1284 5401 1342 5454 in
1392 5400 1735 5470 Hesperiam

152 5566 499 5644 memque
524 5585 706 5644 anno,
722 5569 823 5644 qui
842 5576 967 5634 erat
980 5574 1055 5634 ab
1076 5574 1483 5638 lucarnatione
1501 5575 1734 5641 Domini

1841 5219 2001 5286 1096,
2033 5232 2228 5274 mense
2271 5217 2554 5286 Augusto,
2603 5210 3039 5284 quintadecima
3087 5207 3180 5266 die
3242 5202 3491 5267 mensis,

1839 5308 1925 5365 vir
1957 5306 2301 5379 magnificus
2328 5311 2388 5361 et
2416 5302 2660 5360 illustris
2688 5300 3056 5367 Godetridus,
3103 5292 3482 5363 Lotharingioe

1842 5397 1982 5461 dux,
2012 5400 2144 5469 post
2165 5394 2493 5452 discessum
2515 5391 2661 5449 Petri
2680 5389 2948 5448 Eli-emitas
2968 5392 3027 5444 et
3046 5388 3174 5459 ejus
3193 5382 3489 5441 exercitus

1842 5502 2065 5554 casum,
2097 5490 2164 5541 ut
2192 5481 2591 5557 praediximus,
2622 5478 3057 5538 lamentabilem
3088 5494 3105 5548 ;
3155 5478 3284 5548 post
3311 5472 3492 5547 legio·

1844 5590 1989 5637 num
2017 5572 2356 5637 Godeseslci
2417 5578 2671 5645 stragem
2713 5569 3118 5646 premissamz
3164 5567 3304 5640 post
3343 5561 3490 5623 illud
