3784 6000
272 230 419 290 13³5

354 358 480 428 Ego
510 352 794 413 Henricus
833 355 1187 413 Albanensis
1218 357 1557 429 episcopus.

352 445 475 517 Ego
520 442 896 501 Theobaldus
953 443 1244 501 Ostiensis
1292 450 1348 501 et
1393 444 1768 502 velletrensis
1804 445 1926 517 epi·

278 547 525 605 scopus.

348 623 467 695 Ego
496 620 812 678 Gratianus
863 621 1218 679 Sanctorum
1267 624 1501 679 Cosmae
1553 627 1609 679 et
1655 621 1926 678 Damiani

275 709 571 769 diaconus
598 708 943 767 cardinalis.

349 801 472 871 Ego
499 797 793 856 Joffredus
827 800 1057 855 Sanctoe
1103 800 1294 857 Marioe
1327 802 1385 857 in
1427 802 1532 858 Via
1565 803 1702 856 Lata
1732 800 1928 855 diaco·

276 902 396 946 nus
420 887 765 945 cardinalis.

351 978 473 1050 Ego
500 974 750 1032 Albinus
780 976 1013 1033 Sanctae
1050 978 1242 1034 Mariis
1284 981 1458 1035 Novoe
1487 978 1776 1034 diaconus
1805 992 1930 1033 car·

278 1064 523 1122 dinalis.

353 1154 569 1211 Datum
599 1152 845 1212 Veronae
874 1170 981 1228 per
1007 1170 1257 1213 manum
1297 1156 1538 1222 Alberti,
1568 1159 1789 1212 sanctae
1817 1158 1933 1212 Ro-

281 1258 480 1302 mauoe
508 1242 781 1300 Ecclesiae
802 1243 1131 1317 presbyteri
1148 1244 1468 1302 cardinalis
1485 1251 1541 1300 et
1566 1243 1931 1309 cancellarii,

282 1349 322 1389 n
349 1331 490 1389 Idus
517 1332 806 1400 Ianuarii,
838 1331 1159 1390 indictione
1183 1349 1260 1401 ιιι,
1288 1333 1719 1392 incarnationis
1746 1333 1935 1390 nomi·

284 1421 434 1479 nicae
485 1436 648 1478 anno
698 1420 860 1489 1¹84,
902 1422 1285 1492 pontificatus
1328 1438 1472 1479 vero
1511 1421 1721 1478 domui
1775 1421 1933 1478 Lucii

286 1524 463 1583 papae
488 1508 562 1565 111
589 1523 751 1566 anno
780 1515 1016 1582 quarto.

1003 1612 1225 1693 ccxvt

1698 231 1892 293 LUCII
1927 232 2005 290 111
2039 232 2249 289 PAPAE

3574 224 3694 282 1³³⁸

1956 357 2002 412 A
2035 371 2169 411 rum
2191 355 2341 430 juris
2361 355 2570 411 fratres
2586 358 2826 410 nostros
2843 354 3160 425 episcopos
3179 364 3548 424 provocare.
3571 350 3694 407 lnde

2037 450 2117 500 est
2150 445 2312 517 quod
2343 459 2482 501 cum
2513 446 2764 501 Rotense
2789 442 3156 512 coenobium,
3178 440 3356 514 quod
3387 438 3696 510 specialius

2039 536 2098 589 Β.
2132 536 2279 590 Petri
2309 541 2362 589 et
2393 532 2574 589 nostri
2596 531 2748 604 juris
2777 530 2996 591 existit.
3043 530 3320 603 plurimis
3353 528 3506 585 sede
3530 528 3696 585 mole·

2037 623 2164 678 stiis
2198 624 2470 694 agitetur,
2516 623 2712 693 ipsum
2743 619 3089 676 fraternitati
3140 622 3362 675 vestrm
3427 616 3696 674 duximus

2039 712 2317 770 attentius
2340 708 2895 768 commendandum
2923 725 2937 764 ε
2966 723 3074 780 per
3117 705 3470 780 apostolica
3498 706 3698 775 scripta

2041 801 2439 874 praecipiendo
2457 798 2812 856 mandantes
2827 802 3126 870 quatenus
3137 812 3270 852 eum
3281 810 3475 869 super
3487 795 3700 853 investi·

2043 891 2188 948 turis
2218 888 2612 947 Ecclesiarum
2632 886 2723 943 vel
2752 885 3078 942 amissione
3089 885 3560 955 possessionum
3585 898 3698 940 sua·

2041 996 2176 1036 rum
2202 994 2308 1035 seu
2331 975 2786 1051 gravaminibus
2806 974 2941 1031 aliis
2959 975 3038 1031 ab
3064 972 3201 1031 aliis
3216 972 3402 1030 vobis
3436 970 3700 1029 velalicui

2040 1072 2308 1124 vestrum
2358 1065 2531 1123 fuerit
2575 1063 2822 1138 querela
2871 1063 3201 1136 proposita,
3239 1077 3356 1119 eos
3388 1060 3702 1117 clementer

2041 1156 2300 1214 audiatis
2326 1159 2384 1211 et
2413 1152 2843 1218 malefactores,
2878 1150 3483 1224 perecclesiesticam
3509 1164 3700 1207 census

2041 1261 2197 1313 ram,
2228 1244 2307 1300 ab
2328 1258 2535 1300 eorum
2570 1242 2988 1298 molestatione
3016 1255 3281 1308 cessare,
3317 1243 3383 1296 et.
3407 1240 3700 1297 restituere

2043 1350 2139 1391 res
2178 1332 2431 1401 ablatas,
2464 1333 2616 1388 sicut
2644 1331 2871 1403 justum
2905 1329 3093 1395 fuerit,
3124 1329 3258 1385 sine
3286 1326 3700 1400 appellationis

2045 1421 2358 1482 obstaculo
2388 1419 2878 1492 compellatis,ita
2894 1418 3061 1493 quod
3083 1422 3140 1475 et
3153 1416 3380 1475 fratres
3411 1418 3472 1473 in
3497 1432 3572 1473 eo
3601 1432 3702 1473 me·

2045 1515 2481 1577 nentes,vestra
2509 1508 2763 1567 faciente
2788 1506 3445 1579 solticitudine.quiete
3479 1505 3702 1562 valeant

2050 1599 2303 1658 Domino
2336 1596 2634 1664 famulari,
2663 1602 2719 1653 et
2735 1612 2866 1663 nos,
2898 1610 3040 1652 cum
3057 1593 3478 1662 audierimus,
3509 1592 3705 1651 debea-

289 1722 514 1780 Joanm·
536 1721 731 1792 priora·
757 1728 811 1780 ee
827 1723 1215 1793 fratribusde
1242 1725 1412 1782 vacce
1433 1724 1488 1781 S.
1519 1725 1770 1782 Joannis
1797 1723 1940 1781 sett-
1972 1709 2012 1762 Β
2050 1706 2205 1761 ‘¹¹⁰⁸’
2239 1692 2477 1760 gratum
2497 1686 2742 1743 Ubere·

361 1793 1275 1865 zeusispermittit,utepiscopum
1288 1795 1940 1869 quemcunqueinvitent

361 1864 445 1922 ad
479 1865 720 1922 ordines
761 1865 1134 1933 accipiendos
1167 1869 1221 1923 si
1256 1874 1515 1938 tempore
1544 1866 1942 1925 ordinationis

361 1936 725 1994 diaecesanum
742 1942 1016 2009 nequeat.

827 2024 1117 2097 (veronis,
1138 2029 1269 2084 Jan.
1295 2026 1413 2099 23.)

684 2113 903 2185 [Manen
934 2115 1184 2184 δοκι-ἰὼ,
1216 2116 1377 2183 xxii,
1408 2114 1560 2191 479]

366 2203 560 2259 Luctus
599 2202 939 2274 episcopus,
973 2217 1181 2260 servus
1210 2219 1521 2261 servorum
1561 2202 1684 2271 Dei,
1716 2202 1946 2259 dilectis

294 2291 434 2349 filiis
454 2291 644 2349 Jossm
665 2290 846 2363 priori
873 2300 930 2347 et
956 2290 1236 2348 fratribus
1261 2293 1337 2348 de
1361 2293 1525 2350 Valle
1550 2293 1749 2349 Sancti
1765 2292 1947 2349 Joan-

293 2380 409 2446 nis,
441 2380 697 2436 salutem
729 2385 785 2436 et
815 2380 1203 2453 apostolicam
1232 2382 1728 2439 benedictionem.

366 2471 600 2535 Quanto
629 2469 951 2526 ferventius
972 2470 1370 2527 observantias
1393 2469 1670 2541 regulari,
1694 2469 1945 2526 faciente

294 2559 574 2627 Domino,
618 2559 933 2625 insudatis,
965 2565 1130 2617 tanto
1167 2561 1456 2618 sincerius
1499 2562 1944 2618 universitatem

295 2653 553 2705 vestram
582 2648 907 2719 diligimus,
932 2655 990 2706 et
1008 2650 1191 2723 quieti
1220 2656 1427 2707 vestras
1456 2649 1737 2707 attentius
1763 2649 1949 2707 debe-

295 2752 432 2796 mus
450 2740 509 2793 et
533 2736 812 2794 volumus
829 2737 1166 2810 providere.
1187 2740 1260 2795 Ea
1269 2746 1512 2812 propter
1522 2738 1731 2794 vestris
1748 2743 1948 2811 postu-

293 2825 621 2885 lationibus
654 2832 989 2883 annuentes
1028 2829 1375 2884 auctoritate
1417 2828 1586 2885 vobis
1617 2826 1949 2899 apostolica

297 2915 681 2988 indulgemus
698 2920 780 2980 ut,
795 2916 847 2971 si
864 2916 1236 2988 temporibus
1256 2917 1704 2973 ordinationum
1726 2915 1947 2973 dicece-

2122 1779 2234 1837 Dat
2254 1779 2521 1842 Veronae,
2570 1791 2629 1832 x.
2689 1773 2823 1831 Kal.
2859 1772 3069 1831 Martii.

2051 1974 2333 2033 Ecclesia!
2354 1973 2420 2030 S.
2439 1971 2649 2029 Mans
2676 1967 3112 2035 Ratisnonenst's
3137 1968 3590 2037 protectionem
3615 1982 3714 2025 m·

2489 2042 2634 2112 cipit
2649 2044 2916 2115 ‚iuraque
2945 2040 3296 2109 confirmat.

2549 2131 2838 2200 (veroum,
2869 2127 3036 2186 Febr.
3069 2128 3190 2200 27.)

2266 2222 2448 2296 [Risu.
2505 2220 2650 2277 Cod.
2680 2218 2940 2290 diplom.
2970 2217 3242 2286 Ratisb„
3277 2220 3322 2286 Ι,
3353 2215 3534 2291 263.]

2125 2312 2326 2369 Lucius
2347 2309 2687 2382 episcopus,
2708 2322 2916 2364 servus
2926 2320 3246 2363 servorum
3262 2306 3397 2374 Dei,
3419 2304 3716 2363 dilectisti-

2055 2400 2113 2458 lii
2143 2400 2403 2456 Ensoano
2432 2398 2663 2454 decano
2691 2400 2751 2452 et
2769 2395 3076 2453 canonicis
3105 2396 3161 2453 S.
3185 2394 3395 2453 Uaria
3429 2396 3710 2467 Ratispon.

2055 2505 2192 2563 quae
2251 2487 2464 2544 dicitur
2510 2486 2758 2557 antiqua
2810 2483 3063 2555 capella,
3131 2487 3268 2540 tam
3321 2482 3710 2557 praesentibus

2056 2593 2242 2652 quam
2267 2575 2496 2641 futuris,
2512 2574 2796 2630 canonice
2813 2572 3258 2630 substituendis
3273 2572 3336 2629 in
3351 2579 3706 2647 perpetuum.

2129 2667 2222 2723 Pie
2259 2662 2583 2738 postulatio
2631 2662 2955 2719 voluntatis
3007 2660 3230 2718 effectu
3290 2659 3489 2719 debet
3541 2675 3708 2736 prose-
3781 2658 3784 2731 ζ

2056 2757 2278 2829 quente
2306 2750 2614 2824 compleri,
2638 2755 2703 2807 ut
2730 2757 2786 2808 et
2805 2750 3145 2808 devotionis
3174 2751 3510 2809 sinceritas
3535 2750 3708 2809 laude·
3783 2744 3784 2753 ’

2060 2842 2252 2901 biliter
2277 2843 2576 2910 enitescat,
2625 2845 2683 2896 et
2710 2840 2931 2897 utilitas
2963 2838 3280 2912 postulata
3308 2841 3480 2898 vires
3505 2838 3708 2897 indubi-

2061 2935 2541 2991 tanterassumat.
2564 2931 2906 3003 Eapropter‚
2923 2927 3113 2986 dilecti
3126 2928 3195 2986 in
3214 2929 3492 2987 Domino
3505 2928 3712 2996 mitae·

298 3005 430 3063 ⁸8⁰5
450 3005 718 3078 episcopi
731 3005 965 3078 copiam
988 3005 1211 3062 habere
1235 3005 1637 3079 nequiVffl'ffiS»
1660 3005 1947 3063 ῙῙΟΘΜὙΟ·
1977 3060 2018 3116 C
2064 3024 2198 3081 stris
2214 3021 2397 3097 justis
2426 3017 2931 3092 postulationibus
2961 3017 3300 3076 clementer
3331 3021 3714 3076 annuimuset
3781 3031 3784 3044 ·

297 3092 396 3151 bis
421 3093 604 3150 alium
637 3093 991 3150 catholicum
1013 3094 1280 3161 invitare,
1300 3094 1375 3153 de
1395 3111 1518 3168 quo
1534 3094 1946 3152 dioecesanum
2061 3111 2376 3186 praefatam
2394 3108 2704 3166 ecclesiam
2735 3109 2965 3164 3300}ae
3006 3106 3204 3166 unfit„
3261 3109 3584 3182 flamma,
3604 3122 3712 3181 que
3783 3099 3784 3108 ¹

296 3197 423 3241 non
451 3183 947 3256 oporteattimere
974 3184 1316 3255 antistitem,
1339 3185 1506 3258 quod
1538 3184 1675 3240 talis
1707 3184 1951 3242 ordina-

301 3270 482 3328 tionis
502 3271 818 3328 occasione
842 3272 1124 3328 terminos
1153 3275 1534 3345 episcopatus
1559 3273 1649 3329 sni
1669 3273 1729 3329 in
1752 3273 1951 3330 aliena

294 3359 435 3432 iura
456 3358 595 3416 velit
610 3359 948 3427 extendere,
971 3365 1029 3417 et
1056 3361 1246 3433 ipsius
1264 3361 1594 3419 dioecesani
1628 3361 1946 3418 minorare.

301 3448 414 3516 Qui
426 3453 703 3514 vocatus,
716 3449 1063 3506 auctoritate
1079 3455 1304 3514 nostra.
1320 3452 1481 3521 quod
1509 3450 1950 3521 postulaveritis

298 3536 589 3607 largiatur
622 3554 636 3593 τ
678 3553 752 3595 ne
778 3538 836 3594 id
868 3554 904 3595 a
947 3538 1114 3595 vobis
1146 3538 1207 3595 in
1250 3546 1552 3612 posterum
1584 3538 1758 3612 quasi
1786 3537 1953 3596 debi-

298 3629 430 3683 tum
455 3626 760 3699 requirere
792 3628 1002 3699 possit.

371 3715 523 3773 Nulli
543 3728 688 3787 ergo
707 3717 956 3773 omnino
976 3716 1474 3774 liominumliceat
1488 3717 1644 3774 hanc
1664 3718 1952 3789 paginam

299 3809 519 3862 nostrie
548 3805 951 3862 concessionis
974 3805 1316 3877 infringere,
1339 3806 1432 3863 vel
1454 3807 1503 3862 ei
1526 3822 1678 3864 ausu
1700 3813 1956 3864 temera-

298 3892 393 3951 rio
411 3892 729 3950 contraire.
748 3893 807 3949 Si
826 3893 965 3966 quis
984 3898 1188 3950 autem
1214 3894 1328 3951 hoc
1351 3898 1640 3951 attentare
1664 3910 1956 3968 praesum-

301 3981 506 4054 pserit,
539 3981 1014 4053 indignationem
1045 3983 1471 4054 omnipotentis
1507 3984 1626 4048 Dei,
1656 3988 1715 4041 et
1754 3984 1956 4041 beato-

301 4085 440 4128 rum
462 4069 615 4129 Petri
635 4076 692 4128 et
716 4070 878 4130 Pauli
894 4071 1309 4145 apostolorum
1337 4072 1491 4143 ejus,
1515 4088 1579 4129 se
1604 4073 1837 4131 noverit
1866 4074 1955 4131 in-

303 4173 646 4216 cursurum.

378 4248 592 4304 Datum
613 4250 876 4313 Veronae,
909 4264 948 4305 x
977 4249 1275 4308 Kalendas
1310 4250 1632 4309 Februarii.

1013 4355 1254 4412 Cvall.

302 4440 620 4500 adelberto
639 4443 1078 4514 archiepiscopo
1101 4444 1525 4517 Salzburqensi
1548 4449 1790 4520 ejusque
1826 4447 1955 4518 suf·
1987 4417 2034 4473 D

400 4514 715 4586 fraqaneis
740 4514 1112 4573 commendat
1141 4518 1561 4576 monasterium
1586 4519 1852 4577 Recense.

813 4607 1102 4677 (Veronae,
1136 4605 1305 4661 Febr.
1336 4605 1453 4680 20.]

651 4692 922 4764 [Monam.
959 4694 1158 4759 Boica,
1192 4697 1230 4750 t.
1274 4693 1317 4760 1,
1346 4711 1405 4766 p.
1446 4694 1601 4770 368]

374 4799 578 4858 Lucius
590 4799 1139 4872 episcopus‚servus
1155 4816 1465 4857 servornm
1482 4801 1954 4869 Dei,venerabili·

300 4886 418 4944 bus
442 4890 510 4945 Ν.
532 4886 989 4959 salseburgensi
1008 4889 1294 4961 episcopo
1314 4892 1370 4946 et
1390 4889 1786 4961 suffraganeis
1806 4892 1949 4958 suis,

303 4976 557 5035 salutem
583 4982 639 5034 et
670 4978 1058 5051 apostolicam
1095 4978 1593 5037 benedictionem.

377 5067 523 5124 Cum
556 5067 849 5124 universis
868 5067 966 5125 Dei
989 5067 1260 5125 Ecclesiis
1275 5084 1347 5124 ex
1368 5069 1637 5139 inJ'uncto
1652 5069 1828 5127 nobis
1849 5070 1953 5128 ad-

302 5155 751 5213 ministrationis
774 5155 973 5213 fflocio
996 5162 1204 5213 contra
1226 5172 1640 5230 perversorum
1674 5157 1953 5217 incursus

301 5245 701 5320 patrocinium
726 5250 958 5302 teneam
969 5245 1441 5318 urapostolicum
1456 5246 1779 5320 impertiri:
1807 5249 1953 5306 locis

300 5335 507 5392 tamen
534 5334 909 5407 regularibus
934 5334 1217 5393 institutis
1244 5334 1522 5392 obnoxiis
1551 5343 1608 5393 et
1635 5337 1712 5394 ad
1746 5353 1858 5396 nos
1881 5354 1951 5395 ac

304 5421 637 5481 Romanam
650 5423 977 5482 Ecclesiam
1000 5424 1164 5481 nullo
1187 5424 1387 5482 medio
1409 5426 1839 5497 pertinentibus
1862 5427 1955 5483 di-

304 5505 579 5582 ligentius
586 5510 881 5573 debemus
896 5512 1127 5581 adesse,
1149 5517 1207 5571 et
1221 5514 1300 5572 ad
1326 5515 1842 5576 conservationem
1856 5531 1957 5577 eo-

2059 3201 2274 3258 dicitur
2311 3199 2592 3271 antiquas
2616 3195 2868 3269 capella,
2903 3196 3099 3269 inqua
3145 3195 3378 3254 divino
3412 3196 3714 3269 mancipati
3783 3259 3784 3272 χ

2058 3290 2196 3347 estis
2235 3286 2551 3360 obsequio,
2584 3287 2662 3343 ad
2706 3282 3014 3357 exemplar
3056 3283 3252 3342 felicis
3299 3286 3718 3344 recordationis
3783 3329 3784 3340 ,

2058 3375 2375 3438 Alexandri
2389 3374 3028 3448 papae‚praedecessoris
3043 3373 3260 3440 nostri,
3289 3375 3422 3432 sub
3431 3375 3589 3434 beati
3599 3375 3714 3432 Petri

2059 3474 2115 3525 et
2140 3473 2342 3524 nostra
2371 3459 2734 3537 protectione
2758 3463 3125 3536 suscipimus
3155 3467 3215 3519 et
3239 3465 3580 3538 prasentis
3613 3463 3720 3521 seri-

2058 3557 2141 3630 pti
2164 3553 2464 3629 privilegio
2489 3552 3327 3618 communimus,stetuentes
3361 3559 3436 3612 ut
3455 3567 3722 3630 quascun-

2059 3662 2179 3719 que
2205 3642 2600 3719 possessione,
2621 3655 3016 3714 quascunque
3045 3638 3220 3698 bona
3239 3643 3484 3702 eadem
3513 3644 3722 3702 ecclesia

2061 3734 2120 3792 in
2153 3730 2607 3808 praesentiarum
2632 3731 2790 3802 juste
2813 3733 2868 3787 et
2897 3729 3198 3787 canonice
3229 3732 3550 3804 possidet,
3574 3733 3722 3790 eutis

2064 3823 2330 3881 futurum
2361 3819 2745 3878 concessione
2766 3817 3143 3892 pontificum,
3177 3817 3529 3893 largitione
3549 3836 3722 3894 mgna

2061 3912 2157 3970 vel
2182 3911 2546 3986 principum,
2595 3907 2900 3965 oblatione
2928 3906 3228 3975 fidelium,
3265 3926 3390 3969 seu
3421 3911 3560 3971 aliis
3585 3910 3724 3985 justis

2064 4001 2282 4066 modis.
2321 4004 2645 4073 praestante
2690 3997 2962 4060 Domino.
2999 3997 3222 4069 poterit
3259 4000 3558 4075 adipisci,
3583 4001 3726 4058 firm

2065 4090 2236 4148 vobis
2275 4089 2604 4161 vestrisque
2635 4084 3112 4155 successoribus,
3147 4090 3214 4144 et
3239 4086 3500 4149 illibata
3529 4105 3728 4164 perma-

2061 4184 2274 4248 neant;
2301 4179 2362 4236 in
2385 4177 2605 4252 quibus
2616 4177 2741 4234 haec
2755 4175 3010 4250 propriis
3023 4174 3340 4237 duximus
3352 4179 3728 4252 exprimenti:

2062 4267 2374 4327 vocabulis
2401 4283 2414 4322 ε
2445 4264 2735 4323 Ecclesias
2758 4264 2820 4321 in
2851 4267 3048 4322 vestro
3065 4262 3276 4323 fundo
3305 4267 3493 4337 sitas,
3517 4271 3732 4340 Rotigen

2064 4358 2286 4416 scilicet
2313 4372 2452 4413 cum
2483 4353 2856 4428 appendiciis
2883 4351 3028 4419 suis,
3059 4352 3410 4415 ecclesiam
3449 4359 3731 4417 Nireum

2064 4462 2200 4504 cum
2231 4443 2608 4519 appendiciis
2634 4443 2779 4509 suis,
2803 4441 3122 4500 ecclesiam
3151 4441 3494 4516 Cydelarn
3507 4463 3644 4506 eum
3657 4461 3734 4520 sp-

2064 4535 2356 4612 pendiciis
2387 4534 2529 4599 suis,
2552 4533 2864 4590 ecclesiam
2895 4531 3458 4603 phaphenchoven
3477 4555 3622 4598 cum
3653 4551 3732 4610 sp-

2065 4624 2354 4699 pendiciis
2385 4622 2529 4688 suis,
2554 4622 2868 4678 ecclesiam
2885 4620 3202 4694 uosheym
3219 4637 3380 4682 cum
3393 4627 3730 4702 suiseppes-

2061 4713 2250 4780 diciis,
2284 4711 2599 4769 ecclesiam
2629 4709 2965 4783 AEuningen
2991 4724 3133 4766 cum
3159 4715 3582 4786 appendiciis
3605 4715 3720 4776 suis.

2062 4802 2357 4878 praedium
2381 4798 2839 4857 Wolfhartstorf
2857 4813 2997 4855 cum
3025 4801 3444 4872 appendiciis
3479 4807 3630 4873 suis,
3653 4819 3722 4862 eu-

2061 4893 2213 4950 riam
2239 4893 2299 4948 in
2340 4889 2629 4946 suburbio
2677 4888 2932 4946 civitatis
2962 4887 3138 4945 sitam
3169 4904 3330 4948 oum
3381 4893 3726 4970 appendicis

2062 4980 2445 5048 suis,curiam
2465 4977 2859 5048 Helkeringen
2880 4992 3018 5034 cum
3042 4982 3328 5050 quatuor
3359 4981 3730 5058 vinei-,quin-

2061 5086 2179 5146 que
2205 5070 2412 5126 vineas
2443 5069 2502 5124 in
2521 5071 2720 5123 monte
2742 5066 2818 5123 ad
2850 5064 3255 5139 praebendam
3291 5071 3730 5143 pertinentem&

2063 5176 2166 5217 sex
2195 5159 2272 5216 ad
2285 5157 2648 5215 oblationem
2661 5173 2798 5213 cum
2811 5170 3019 5212 earum
3038 5157 3452 5228 appendiciis
3475 5181 3494 5234 ς
3517 5163 3732 5222 decine-

2066 5250 2253 5307 tiones
2283 5247 2464 5304 etiam
2513 5247 2788 5301 omnium
2819 5245 3130 5301 vinearum
3161 5244 3230 5303 in
3269 5251 3560 5310 termino
3583 5257 3730 5308 vestm

2064 5339 2334 5396 sitarum.
2368 5335 2698 5393 Statuimus
2719 5339 2918 5390 autem
2958 5338 3023 5390 ut
3045 5332 3406 5398 decedente
3449 5339 3730 5416 propudio

2062 5434 2284 5492 vestro,
2308 5425 2410 5499 qui
2441 5439 2551 5496 pro
2574 5429 2840 5496 tempore
2853 5422 3048 5487 fuerit.
3075 5423 3294 5482 nullus
3325 5427 3730 5504 ibisubrepvtr

2065 5517 2160 5575 nis
2188 5515 2407 5576 astutia
2435 5529 2542 5574 seu
2588 5511 2877 5573 violentia
2919 5517 3356 5588 proponatur,
3409 5520 3542 5582 uisi
3591 5531 3726 5596 que·
