3784 6000
178 243 290 307 151

1226 235 1575 298 ARNULFI
1619 234 2133 303 LExovasls
2178 228 2532 297 EPISC'OPI

3471 235 3590 296 152

175 367 431 428 brachiis
450 367 754 426 charitatis
776 362 1114 437 amplexari.
1146 364 1324 421 Dulce
1344 364 1635 438 siquidem
1669 364 1812 421 mihi
1845 367 1902 436 Α
1930 366 2095 422 cabo.
2118 366 2200 420 Ne
2221 378 2351 419 vero
2370 361 2610 418 taedium
2635 359 2939 436 prolixitas
2959 360 3223 435 epistolis
3254 367 3589 432 generaret,

175 458 306 530 erit,
338 459 385 515 si
420 459 674 514 moriens
701 455 853 511 inter
874 453 1041 510 ulnas
1073 452 1294 509 domini
1329 454 1440 510 mei
1489 454 1686 511 videar
1716 454 1819 511 ob·

177 548 505 612 dormiisse,
533 548 580 602 si
613 563 706 602 me
735 546 805 600 ad
842 543 1203 616 praesentiam
1235 545 1557 617 superioris
1592 543 1823 602 Domini

175 640 366 692 vestra
395 638 737 691 morientem
762 631 948 704 gratia
979 636 1382 705 prosequatur.
1409 630 1526 689 Hoc
1547 637 1637 689 est
1666 632 1822 705 quod

174 724 451 782 omnibus
480 723 649 780 bodie
699 721 947 795 negotiis
996 720 1323 793 expeditus,
1360 721 1822 779 misericordiam

172 811 360 885 ipsius
391 809 795 885 frequentibus
838 808 1112 882 suspiriis
1144 809 1455 881 implorare
1487 826 1602 866 non
1634 825 1823 882 cesse,

172 905 463 974 quatenus
494 903 624 972 post
655 898 960 973 praesentis
984 899 1143 972 regni
1175 899 1575 973 gubernacula
1595 917 1724 972 quae
1753 908 1830 956 te·

174 989 347 1059 netis,
378 990 576 1046 aeterni
635 988 799 1062 regni
830 987 1042 1060 gaudia
1079 987 1242 1044 vobis
1272 987 1581 1062 largiatur,
1615 1004 1825 1062 meque

173 1079 339 1138 vobis
361 1083 639 1152 tanquam
670 1077 1052 1135 vernaculum
1074 1080 1332 1135 vestrum
1355 1078 1562 1149 jubeat
1590 1079 1826 1136 misera-

175 1172 274 1227 tus
287 1169 550 1242 adjungi.
573 1168 742 1224 Vivat
762 1165 1034 1224 dominus
1055 1182 1243 1238 mene,
1264 1171 1323 1222 et
1341 1183 1575 1224 omnem
1598 1185 1826 1242 semper

175 1257 454 1317 invidiam
511 1257 802 1332 gloriosus
832 1257 1086 1313 excedat.
1144 1256 1273 1314 Scio
1306 1256 1642 1315 meminisse
1700 1275 1823 1326 vos,

179 1349 317 1423 quia
344 1364 532 1406 sermo
563 1348 753 1404 bonus
792 1348 863 1404 de
894 1363 1052 1404 mera
1096 1347 1308 1405 sinceri
1357 1348 1547 1404 cordis
1596 1351 1828 1408 veritate

176 1439 474 1513 processit,
498 1437 650 1512 quod
676 1453 769 1495 me
790 1437 1065 1511 deinceps
1087 1453 1318 1511 semper
1338 1437 1625 1510 benignus
1649 1440 1824 1497 audi-

178 1528 339 1599 retis,
371 1543 480 1585 nec
510 1527 803 1599 repulsam
833 1545 864 1583 a
892 1525 1058 1585 vobis
1089 1514 1387 1585 moderata
1434 1529 1690 1600 precatio
1735 1545 1827 1587 re-

179 1606 454 1692 portaret.
488 1623 760 1691 Magnum
792 1617 901 1674 hoc
932 1616 1191 1691 reputavi
1225 1617 1324 1675 sed
1359 1617 1827 1687 maximum,nec

179 1722 274 1765 me
304 1716 496 1765 tamen
519 1707 852 1780 improbum
896 1706 1151 1765 liberalis
1182 1706 1494 1780 promissio
1526 1706 1694 1765 faciet
1724 1722 1828 1762 ex-
1857 1729 1903 1793 B

180 1801 462 1866 actorem;
486 1798 589 1854 sed
619 1812 760 1894 cum
774 1796 945 1855 hilari
975 1813 1206 1870 semper
1225 1795 1576 1854 verecundia
1597 1796 1824 1868 suppli·

1931 468 2058 528 quae
2091 451 2316 526 postulo
2350 450 2556 508 nuntio
2584 449 2713 508 viva
2740 466 2877 508 voce
2898 451 3059 507 vobis
3090 450 3415 511 indicanda
3438 470 3597 512 com·

1933 544 2088 600 misi.
2124 549 2312 600 Pauca
2345 541 2581 614 quidem
2626 544 2684 596 et
2729 556 2897 611 parva
2924 542 3087 608 sunt,
3118 538 3167 596 si
3225 541 3296 597 ad
3349 541 3596 599 Domini

1934 633 2050 690 mei
2080 630 2480 689 excellentiam
2531 629 2877 699 referantur,
2910 626 3012 686 sed
3062 629 3208 686 mibi
3255 631 3596 690 maximum

1934 722 2066 792 erit,
2099 720 2387 795 quidquid
2418 720 2489 777 de
2539 719 2789 792 propitia
2816 718 3040 775 domini
3090 719 3202 778 mei
3235 719 3597 779 liberalitate

1936 811 2254 886 proveniet.

2641 894 2892 955 CXXXI.

2270 1005 2576 1047 xxcusario
2614 1003 2918 1045 cucusum
2955 1003 3239 1047 sriecori.

2004 1080 2311 1153 Temporis
2361 1078 2634 1147 brevitas,
2664 1076 2980 1148 improvisa
3016 1078 3264 1146 vocatio,
3292 1080 3592 1139 transitus

1933 1170 2179 1242 suspecti
2191 1211 2206 1236 ,
2220 1170 2298 1226 im
2308 1169 2487 1242 proba
2503 1166 2835 1239 predonum
2861 1166 3153 1237 molestia,
3169 1168 3596 1228 medicamenti

1935 1259 2261 1318 sollicitudo
2293 1257 2577 1326 adbibita,
2617 1257 2979 1315 excusabiles
3009 1257 3341 1330 paternitati
3383 1267 3591 1318 vestrae

1935 1366 2043 1406 nos
2073 1349 2342 1406 reddunt.
2385 1347 2668 1406 Electioni
2700 1363 2830 1405 voro
2880 1346 3040 1404 faeta
3066 1351 3125 1404 et
3160 1351 3596 1408 consecrationi

1935 1439 2211 1497 saciendae
2231 1438 2509 1512 benigum
2540 1453 2609 1494 ex
2637 1437 2842 1495 affectu
2891 1436 3216 1511 praebemus
3246 1453 3587 1499 assensum.

1935 1528 2215 1597 Quoniam
2250 1527 2487 1601 quidem
2505 1529 2771 1600 {persona
2798 1530 2855 1585 et
2886 1526 3150 1585 moribus
3182 1525 3387 1599 pollet,
3418 1534 3477 1587 et
3506 1529 3601 1587 in·

1935 1617 2162 1675 dustria
2190 1617 2365 1692 viget,
2412 1621 2470 1674 et
2516 1616 2758 1675 scientia
2785 1619 2969 1685 floret,
3003 1614 3302 1675 credimus
3339 1618 3502 1691 qnod
3529 1618 3595 1676 in

1934 1706 2106 1763 domo
2133 1706 2233 1764 Dei
2268 1706 2523 1780 plantata
2560 1705 2841 1778 adiutrice
2888 1703 3199 1763 Divinitate
3247 1704 3483 1763 florebit
3533 1711 3595 1764 et

1936 1796 2107 1853 faciet
2137 1796 2415 1853 fructum.

1393 2140 2362 2275 annul-1⁸1

1091 2368 1965 2461 LEXOVIENSIS

2070 2367 2671 2459 EPISGOPI

1432 2561 2328 2702 SERMONES.

381 3034 571 3078 ennato
611 3036 855 3077 Haemus
897 3038 952 3077 m
988 3036 1247 3078 concino
1282 3038 1628 3080 renonum.

252 3114 550 3167 Pam-'ario
567 3108 640 3165 ad
662 3109 941 3181 AEyidium
974 3111 1464 3184 Rothomayensem
1486 3111 1824 3168 archidiaco-

179 3218 335 3258 num.
368 3233 435 3243 —
466 3204 801 3258 Sermonem
834 3200 1099 3256 habitum
1131 3202 1191 3257 in
1222 3201 1466 3258 concilio
1495 3203 1823 3258 Turonensi

181 3289 400 3363 scripto
428 3291 673 3358 tradere,
705 3290 1096 3363 quorumdam
1122 3290 1452 3361 precatione
1486 3291 1823 3361 compulsus

180 3395 339 3448 sum,
361 3377 459 3451 qui
483 3378 615 3435 licet
633 3377 692 3433 in
717 3378 977 3451 proximo
999 3378 1408 3446 consistentes,
1432 3395 1500 3435 ea
1525 3396 1649 3450 quoe
1671 3381 1826 3436 dicta

180 3465 1434 3536 suntmultitudinisobsistentetumultu,nec
1448 3469 1819 3537 satisaudire,

181 3571 288 3614 nec
332 3555 655 3630 intelligere
687 3560 1020 3630 potuerunt.
1053 3557 1182 3614 Feci
1214 3557 1370 3631 quod
1402 3564 1639 3631 rogatus
1669 3574 1820 3627 sum,

179 3646 277 3704 sed
333 3646 572 3716 invitus,
602 3646 741 3718 quia
793 3647 1058 3719 quaedam
1090 3651 1227 3702 sunt
1275 3661 1527 3719 quorum
1578 3646 1823 3719 simplex

148 3734 572 3807 ,pronuntiatio
605 3734 736 3808 plus
768 3734 997 3797 favoris.
1031 3751 1209 3808 quam
1241 3734 1436 3793 laudis
1462 3736 1715 3810 diligens
1739 3738 1823 3793 in-

179 3825 395 3898 spectio
436 3828 813 3898 promeretur.
847 3826 912 3881 ln
963 3824 1051 3881 bis
1080 3826 1234 3882 enirn
1265 3841 1390 3897 quaa
1421 3826 1478 3881 in
1511 3842 1824 3885 commune

178 3912 424 3970 dicenda
452 3916 610 3982 sunt,
643 3914 942 3969 communi
985 3916 1254 3971 convenit
1280 3913 1679 3988 intelligenti&
1708 3915 1822 3991 (52)

177 4000 487 4070 deservire,
521 4006 584 4056 ut
613 4000 813 4056 omnia
841 4018 968 4074 quae
1017 4000 1298 4059 dicuntur
1328 4004 1593 4060 omnium
1624 4005 1822 4062 statim

178 4087 373 4159 capiat
400 4087 746 4158 intellectus„
781 4089 1027 4161 ideoque
1054 4091 1245 4148 verbis
1292 4109 1469 4164 prope
1498 4096 1823 4152 communi·

178 4176 290 4233 bus
330 4176 581 4232 decurrit
608 4176 814 4242 oratio,
847 4194 919 4233 ne
966 4179 1242 4236 subtilius
1290 4182 1604 4239 artificium
1635 4183 1822 4242 lucem

178 4278 370 4320 rerum
394 4270 451 4320 et
469 4264 803 4333 verborum,
820 4266 986 4337 quasi
1014 4268 1167 4323 nube
1188 4269 1440 4341 quadam
1463 4271 1825 4330 difficultatis

178 4349 449 4407 obducat.
484 4352 554 4407 Et
597 4352 736 4425 quia
765 4356 1047 4410 tractatus
1085 4356 1373 4426 ejusmodi
1406 4359 1475 4413 ad
1509 4360 1820 4417 movendos
1856 4334 1902 4398 D

176 4437 520 4513 plerumque
532 4441 862 4497 destinatur
883 4443 1145 4510 affectus,
1169 4448 1570 4518 oportetquasi
1588 4450 1822 4505 caesuris

176 4529 597 4601 frequentibus,
628 4536 687 4586 et
733 4530 1092 4588 brevioribus
1135 4532 1399 4590 articulis
1429 4535 1671 4593 incitare
1699 4554 1822 4594 ser-

176 4632 431 4686 monem,
465 4634 536 4675 ne
585 4617 947 4690 longioribus
1006 4620 1257 4693 periodis
1299 4625 1587 4695 torpescat
1615 4625 1819 4697 oratio,

173 4706 272 4763 sed
305 4708 541 4765 animus
569 4709 728 4765 velut
757 4706 1225 4782 interpellatione
1263 4717 1591 4771 commotus
1622 4730 1821 4772 assur-

171 4800 289 4869 gat.
320 4797 380 4853 Si
410 4798 586 4871 igitur
617 4798 850 4855 animus
883 4799 953 4855 ad
997 4799 1221 4872 aliquid
1273 4801 1572 4860 intellectu
1623 4804 1823 4876 dispo-

170 4890 345 4942 nente
375 4889 695 4944 movendus
725 4893 830 4959 est,
877 4889 1165 4947 sermonis
1197 4905 1433 4962 prorsus
1485 4896 1574 4948 est
1622 4893 1822 4951 obser·

169 4974 359 5029 venda
387 4977 685 5043 serenitas,
709 4979 983 5049 quoniam
1013 4980 1266 5036 tenebrae
1298 4980 1429 5052 plus
1451 4997 1683 5055 semper
1703 4984 1822 5040 odii

171 5063 526 5119 contrahunt
547 5080 724 5136 quam
751 5066 983 5136 favoris,
1007 5070 1336 5142 saepiusque
1362 5086 1462 5141 pes
1492 5072 1823 5130 incedentis

168 5150 496 5218 offenditur,
556 5153 669 5208 nisi
727 5155 936 5226 praevio
966 5156 1254 5229 dirigatur
1308 5170 1573 5234 aspectu.
1606 5164 1669 5218 ln
1728 5162 1821 5219 bis

168 5256 301 5299 vero
329 5257 456 5315 quoe
511 5242 876 5311 scribuntur,
910 5244 1178 5304 videntur
1232 5250 1394 5321 quasi
1443 5267 1576 5309 cum
1611 5249 1823 5309 fiducia

267 5440 339 5498 52
390 5441 475 5511 C.,
508 5443 847 5518 diliqsntiae.

242 5439 359 5585 {533
389 5513 476 5586 Β.,
496 5531 729 5576 morem.

1935 2930 2188 3004 quadam
2218 2929 2535 3004 legentium
2567 2928 2864 3003 provocari
2894 2926 3133 3002 judicia,
3167 2944 3275 2985 nec
3304 2931 3431 2986 tam
3463 2929 3583 2988 sor-

1934 3020 2165 3076 mandis
2179 3019 2481 3076 affectibus
2494 3019 2668 3076 verba
2684 3018 3156 3091 componi,quam
3174 3019 3587 3077 examinationi

1933 3108 2339 3183 publicae,quae
2364 3107 2553 3182 palam
2585 3117 2992 3182 proponuntur
3011 3107 3243 3181 exponi.
3276 3107 3586 3183 Siquidem

1927 3191 1992 3253 'in
2018 3195 2116 3252 his
2146 3214 2269 3268 quae
2299 3199 2711 3268 proponuntur
2738 3194 2922 3252 oculis
2955 3196 3228 3267 frequens
3256 3195 3589 3255 celebratur

1932 3286 2213 3358 inspecto,
2246 3290 2305 3342 et
2333 3285 2506 3340 modo
2553 3285 2777 3341 fructus
2824 3286 3143 3353 sentenliae,
3187 3285 3362 3341 modo
3391 3286 3589 3345 cultus

1934 3374 2214 3432 orationis
2234 3375 2577 3447 exquiritur,
2593 3382 2658 3430 ut
2696 3374 2945 3448 spatiose
2969 3374 3192 3445 possint
3216 3374 3426 3433 merita
3456 3378 3591 3434 stu-

1932 3462 2165 3520 diorum
2216 3464 2479 3520 adbibita
2508 3462 2749 3520 rationis
2797 3463 3183 3520 aestimatione
3235 3464 3494 3537 pensari.
3523 3465 3588 3524 ln

1936 3552 2067 3609 aliis
2087 3569 2223 3610 vero
2247 3552 2637 3610 discussionis
2659 3567 2878 3609 moram
2901 3552 3017 3626 (53)
3040 3551 3313 3610 celeritas
3327 3570 3591 3627 pronun·-

1933 3641 2480 3711 tiationisexclndit,
2504 3642 2604 3698 ubi
2631 3641 2918 3698 currentis
2939 3641 3152 3711 lingnae
3175 3642 3468 3701 lubricum
3494 3642 3592 3702 vix

1934 3730 2105 3789 celeri
2138 3732 2311 3788 etiarn
2362 3731 2779 3804 consequimur
2807 3730 2921 3803 (54)
2968 3730 3295 3799 intellectu,
3341 3740 3397 3789 et
3436 3749 3594 3807 saepe

1935 3820 2088 3893 quod
2112 3820 2418 3876 incitatius
2439 3820 2671 3889 dicitur,
2692 3820 2923 3876 desides
2935 3819 3593 3897 vehementiusexcitat,

1935 3916 1989 3967 et
2005 3909 2283 3965 informat
2305 3910 2564 3965 affectus.
2592 3910 2782 3982 Super
2798 3924 2914 3983 quo
2935 3923 3050 3965 non
3073 3908 3428 3967 videbantur
3447 3912 3596 3970 mihi

1933 4000 1995 4056 in
2024 3997 2372 4072 scripturam
2421 3998 2738 4072 redigenda
2769 4015 2896 4071 quae
2927 3999 3080 4055 dicta
3112 4002 3269 4067 sunt,
3303 3999 3404 4058 sed
3440 4000 3598 4059 sicut

1931 4093 2209 4163 tanquam
2240 4106 2311 4146 ex
2357 4094 2618 4160 tempore
2678 4088 2834 4145 dicta
2863 4092 3022 4155 sunt,
3055 4089 3136 4146 ita
3194 4090 3395 4147 statim
3456 4108 3590 4150 cum

1933 4186 2187 4250 tempore
2231 4179 2613 4250 prieterirent,
2667 4176 2939 4248 quoniam
2973 4178 3058 4235 sis
3098 4193 3229 4236 cum
3261 4179 3599 4238 dicerentur

1934 4270 2177 4343 gratiam
2203 4270 2396 4342 potius
2418 4268 2773 4326 ministravit
2792 4269 3042 4338 occasio,
3074 4284 3251 4342 quam
3274 4270 3598 4343 cujuslibet

1933 4359 2137 4431 peritia
2156 4358 2468 4416 facultatis.
2485 4359 2772 4430 Tempore
2795 4357 3083 4429 siquidem
3104 4358 3446 4417 schismatis
3460 4377 3595 4434 age·

1934 4446 2106 4502 batur
2136 4446 2288 4518 quod
2323 4449 2380 4501 in
2408 4446 2614 4503 diebus
2640 4445 2793 4517 istis,
2818 4446 3072 4503 maxime
3103 4447 3380 4505 adversus
3409 4447 3592 4505 liber·

1938 4541 2114 4592 tatem
2161 4534 2431 4591 Ecclesiae
2481 4534 2607 4604 Dei,
2653 4534 2951 4593 saecularis
2997 4537 3270 4610 potentius
3329 4535 3594 4594 firmavit

1933 4625 2242 4683 audaciam
2267 4641 2281 4681 ε
2324 4623 2572 4697 ideoque
2604 4642 2709 4682 nos
2757 4623 3096 4700 diligentius
3123 4625 3196 4682 de
3250 4626 3473 4683 unitate
3532 4628 3593 4684 et

1932 4714 2196 4771 libertate
2214 4715 2615 4782 tractavimus,
2651 4717 2717 4771 ut
2741 4714 2967 4771 animos
2991 4730 3189 4772 eorum
3212 4715 3311 4787 qui
3341 4715 3593 4773 aderant

1933 4804 2005 4860 ad
2030 4803 2418 4859 insistendum
2444 4803 2765 4861 consolatio
2794 4804 3080 4861 firmiores
3112 4805 3403 4873 redderet,
3435 4808 3494 4862 et
3515 4803 3591 4862 ad

1932 4894 2325 4951 resistendum
2360 4893 2681 4952 exhortatio
2729 4893 3015 4951 fortiores.
3046 4897 3195 4967 Lege
3234 4893 3457 4968 itaque,
3482 4896 3597 4954 ad-

1934 4982 2122 5038 hibita
2142 4986 2336 5039 tamen
2368 4982 2691 5039 dilectionis
2710 4982 3082 5056 indulgentia
3104 4999 3221 5057 qua
3251 4982 3502 5055 coepisti,
3526 4988 3594 5041 ut

1934 5071 2158 5128 scilicet
2177 5070 2591 5145 imperfectum
2615 5087 2805 5129 meum
2828 5073 3065 5129 videant
3086 5073 3239 5129 oculi
3260 5073 3366 5143 tui,
3391 5088 3502 5132 nec
3523 5075 3597 5130 ad

1933 5165 2200 5219 exactum
2260 5162 2417 5234 quod
2476 5162 2682 5234 legeris
2739 5162 3101 5236 producatur
3155 5178 3423 5234 examen,
3484 5165 3599 5221 ssd

1934 5266 2166 5323 semper
2194 5249 2390 5307 media
2423 5250 2731 5326 benignius
2761 5252 3035 5328 equitate
3064 5267 3411 5328 cognosces.

2010 5456 2124 5530 (54)
2154 5457 2244 5528 Β..
2272 5458 2707 5532 consequuntur.
