3784 6000
188 196 302 258 167

1226 173 1580 263 Annum
1628 160 2135 261 LaxovtaNSts
2177 197 2538 260 aptseom

3480 201 3595 263 168

181 334 474 388 eventum.
506 335 734 389 Poterat
779 331 935 388 enim
966 330 1252 403 superbioe
1281 332 1369 388 vel
1417 332 1644 388 invidias
1677 349 1822 406 prae-
1854 340 1906 407 Α
1939 330 2183 389 nuntius
2239 331 2442 389 salutis
2500 332 2675 390 verba
2732 333 3057 408 proposuit.
3092 334 3193 407 qui
3221 335 3294 392 ad
3344 333 3595 393 salutent

182 422 339 474 stare
388 420 712 488 materiam,
762 420 812 475 ai
868 419 1097 491 aliquos
1161 420 1410 493 amplior
1463 419 1830 494 indulgentia

184 507 537 580 praetulisset
560 509 782 566 caeteris
802 510 971 580 quasi
1002 510 1225 566 defectu
1248 511 1499 583 quodam
1523 511 1828 569 deterioris

185 599 454 654 essentias
492 607 590 654 aut
639 598 884 654 minoris
935 598 1349 655 misericordioe
1394 600 1825 658 condemnatis.

183 689 386 759 itaque
415 689 460 744 si
511 691 701 743 ortum
737 687 991 743 hominis
1021 690 1079 743 et
1126 703 1462 759 processum
1517 689 1828 761 diligenter

178 775 814 848 attendimus‚apparet
834 777 989 833 circa
1017 792 1150 832 cum
1174 777 1827 851 incomparabilisboai-

173 867 268 920 tas
319 864 661 935 conditoris,
693 865 1054 925 admirabilis
1103 867 1486 938 redemptoris
1546 867 1824 937 charitas,

169 952 530 1010 festinabilis
584 955 770 1026 gratia
827 955 1166 1013 Salvatoris.
1222 958 1403 1029 Super
1445 972 1559 1030 quo
1603 973 1826 1031 magnai

176 1041 535 1114 dignationis
577 1046 667 1099 est
697 1043 865 1100 nobis
896 1044 1274 1101 commissum
1308 1061 1436 1102 esse
1478 1047 1631 1117 quod
1667 1052 1827 1103 tanta

176 1131 436 1189 bonitate
457 1132 768 1190 formatum
800 1138 891 1190 est
913 1151 926 1191 ε
952 1135 1106 1207 quod
1137 1139 1297 1190 tanta
1317 1142 1606 1193 servatum
1639 1138 1828 1195 ehari-

180 1221 372 1290 ritate,
406 1222 560 1293 quod
595 1226 754 1278 tanta
787 1223 1100 1281 novissime
1147 1225 1406 1281 creditur
1428 1225 1611 1297 gloria
1651 1227 1828 1287 subii.

185 1310 487 1366 mandam.
521 1311 696 1367 Porro
727 1317 945 1383 quanto
986 1313 1172 1384 major
1226 1313 1488 1386 dignatio
1518 1320 1627 1385 est,
1664 1322 1827 1374 tanto

183 1401 373 1471 maJ'us
405 1403 631 1456 coastat
678 1417 804 1458 esse
852 1400 1204 1474 periculum3
1238 1408 1567 1476 quantoque
1607 1405 1827 1478 majora

180 1488 444 1545 studium
503 1488 822 1562 diligentiae
878 1490 1115 1565 praemia
1172 1502 1633 1566 recompensant,
1666 1498 1826 1553 tanto

180 1579 369 1650 maJor
425 1578 792 1652 negligentias
848 1580 1104 1639 vindicta
1145 1581 1423 1654 procedit.
1475 1583 1639 1640 Sicut
1667 1583 1824 1640 enim

178 1666 494 1724 retributor
521 1669 831 1736 bonorum,
865 1669 940 1726 ita
975 1669 1117 1727 Deus
1148 1670 1430 1730 ultionum
1463 1672 1723 1730 Dominus
1751 1680 1830 1730 est
1859 1701 1905 1766 B

175 1756 360 1823 (Psal.
393 1758 571 1829 xciii),
599 1761 751 1832 apud
777 1776 952 1833 quem
974 1761 1129 1818 sicut
1149 1762 1293 1818 nihil
1330 1763 1822 1822 irremuneratum

179 1846 489 1915 dimititur,
521 1848 601 1906 ita
640 1848 784 1904 nihil
844 1848 1193 1923 relinquitur
1245 1851 1627 1925 impunitum.
1660 1852 1821 1911 Beati

180 1937 377 2006 itaque
406 1940 552 1993 servi
598 1936 708 2006 illi,
768 1954 1016 2010 quorum
1067 1956 1197 1996 cum
1247 1941 1468 1998 venerit
1514 1943 1821 2013 Dominus,

183 2026 326 2082 fides
356 2032 414 2083 et
443 2026 748 2100 prudentia
777 2028 1180 2100 complacebit.
1205 2031 1388 2102 Super
1417 2032 1615 2089 omnia
1636 2032 1820 2104 siqui-

176 2114 307 2193 dem
339 2115 493 2173 bona
522 2133 650 2190 sua,
687 2134 865 2190 super
907 2135 974 2174 ea
1029 2120 1270 2191 scilicet,
1304 2137 1431 2192 quae
1480 2121 1825 2194 praeparavit

176 2203 457 2261 Dominus
480 2204 864 2279 diligentibus
891 2209 1301 2275 se,constituet
1323 2226 1443 2266 eos.
1466 2209 1621 2266 Nihil
1645 2227 1822 2267 reser-

175 2293 334 2350 vabit
361 2294 797 2367 absconditum,
822 2297 920 2352 sed
947 2298 1102 2352 velut
1118 2298 1304 2355 effusa
1324 2300 1383 2355 in
1406 2315 1612 2357 omnes
1636 2300 1825 2358 muni-

177 2383 408 2439 sscentia
451 2383 731 2456 largietur
778 2385 1009 2441 divitias
1052 2385 1250 2459 gloriae
1305 2405 1447 2458 suae,
1507 2387 1823 2446 coelestium

173 2471 439 2528 videlicet
451 2472 876 2544 plenitudinem
892 2476 1265 2547 gaudiorum,
1285 2478 1565 2549 regnique
1577 2476 1826 2537 coelestis

177 2562 507 2618 cohaeredes
532 2562 816 2630 admittet,
839 2566 989 2621 utde
1022 2582 1201 2622 manu
1231 2567 1357 2637 ejus
1391 2566 1656 2625 diadema
1688 2585 1828 2642 spe-

174 2651 279 2708 ciei
313 2650 617 2725 recipiant,
650 2669 766 2724 qua
809 2654 1054 2726 speciosi
1086 2654 1218 2712 facti
1250 2672 1383 2711 eum
1415 2656 1512 2729 qui
1559 2660 1830 2730 speciosus

175 2749 251 2799 est
275 2746 459 2814 torma
487 2757 607 2815 prae
633 2744 773 2815 tiliis
803 2745 1083 2802 hominum
1125 2749 1301 2816 (psat.
1333 2749 1504 2818 κων),
1535 2747 1593 2805 ia
1626 2747 1829 2805 decore

176 2847 283 2886 suo
313 2832 561 2887 revelata
607 2832 750 2889 facie
779 2834 1248 2908 contemplentur
1276 2839 1333 2892 et
1377 2834 1737 2892 delectentur
1765 2834 1826 2894 in

183 2920 556 2978 multitudine
584 2922 761 2994 pacis,
786 2927 1096 2995 praestante
1125 2924 1328 2982 eodem
1359 2923 1604 2981 Domino
1628 2929 1827 2983 nostro

181 3013 320 3067 Jesu
352 3010 606 3082 Christo,
633 3015 722 3068 cui
759 3019 839 3069 est
869 3013 1046 3071 honor
1068 3019 1121 3072 el
1149 3016 1441 3087 imperium
1479 3017 1524 3072 (1
1555 3014 1690 3074 Tim.
1722 3018 1822 3087 vt).

188 3099 248 3155 ia
280 3099 495 3157 saecula
524 3101 889 3161 aaecalorum.

971 3228 1064 3284 tv,

269 3347 458 3387 sanato
514 3349 575 3389 ιι(
629 3348 1089 3390 ΑΝΝυΝτῐΑτιοΝε
1143 3350 1434 3392 spumosa:
1485 3350 1736 3393 wamma

856 3440 1051 3479 auam
1087 3425 1223 3496 (64).

249 3549 442 3605 Missas
469 3549 548 3605 esf
579 3547 798 3605 Gabriel
840 3550 1075 3623 anysius
1120 3551 1195 3608 ad
1267 3550 1501 3608 Mariam
1561 3552 1830 3622 airoinem

181 3636 570 3711 desponsatam
608 3639 803 3712 loseph
835 3640 984 3711 (Luc.
1021 3641 1083 3713 ι).
1116 3642 1277 3707 Quod
1310 3641 1381 3699 ab
1429 3644 1642 3699 aeterno
1689 3658 1833 3713 prai-

182 3728 541 3787 destinatum
597 3731 804 3803 fuerat,
855 3732 1011 3802 quod
1059 3731 1132 3787 ab
1189 3730 1430 3804 antiquo
1489 3749 1591 3804 per
1647 3730 1828 3788 multa

186 3819 600 3891 prophetarum
618 3820 854 3879 oracula
884 3820 1318 3893 repromissum,
1342 3822 1599 3893 tandem,
1619 3823 1827 3878 fratres

179 3908 532 3978 charissimi,
581 3910 673 3966 die
705 3910 817 3967 ista
873 3910 1071 3968 divina
1099 3910 1287 3984 gratia
1326 3911 1494 3985 coepit
1552 3915 1826 3983 operante

182 3996 482 4068 compleri.
515 3999 815 4071 Siquidem
837 3999 910 4057 ab
940 4005 1150 4058 aeterno
1178 4001 1335 4059 Deus
1365 4002 1535 4059 Pater
1554 4000 1822 4073 Unigeni-

174 4086 301 4138 tum
336 4101 507 4142 suum
543 4087 599 4143 in
629 4104 858 4145 causam
891 4090 1306 4161 redemptionis
1336 4091 1605 4147 humanae
1635 4092 1827 4147 decre-

173 4178 330 4229 verat
379 4175 690 4244 incarnari,
722 4182 787 4232 ut
818 4179 1087 4251 mysterio
1141 4179 1356 4236 scilicet
1406 4179 1822 4237 incarnationis

177 4262 305 4332 ejus
327 4268 495 4319 vetus
524 4268 748 4320 Satanoe
776 4266 1101 4323 solveretur
1120 4266 1357 4336 astutia,
1381 4276 1437 4324 et
1473 4267 1822 4325 humilitatis

172 4349 516 4420 dignatione
547 4357 802 4424 potestas
839 4356 969 4427 ejus
997 4373 1063 4412 ac
1111 4357 1386 4428 superbia
1432 4357 1816 4430 frangeretur.

1940 423 2204 481 omnium
2222 423 2627 492 nuntiandam,
2642 423 3077 497 tollendamque
3089 425 3399 499 perniciem
3414 427 3596 485 mitte·

1940 510 2129 568 batur.
2161 512 2335 583 Virgo
2366 518 2557 569 autem
2586 513 2771 584 prima
2795 516 3036 571 verbum
3060 513 3270 570 salutis
3293 515 3519 589 accepit
3539 521 3597 573 et

1939 599 2231 671 affectum,
2255 600 2393 674 quia
2423 600 2708 658 humilem
2738 606 2960 659 etatum
2986 601 3254 661 revelatis
3286 620 3387 676 per
3412 620 3592 677 ange-

1935 687 2349 746 lumomnibus
2381 690 2555 747 fidem
2590 690 2856 762 praestitit
2886 696 2943 747 et
2965 707 3295 748 assensum.
3315 692 3477 751 Unde
3501 692 3597 748 ni-

1940 778 2150 834 mirum
2173 779 2246 835 ab
2275 778 2544 852 originali
2577 786 2633 837 et
2654 781 2900 850 caeteris,
2919 781 2968 836 si
2992 798 3109 854 qua
3129 788 3294 838 erant
3314 783 3590 852 actualia,

1938 867 2170 935 penitus
2200 869 2517 924 emundata
2546 872 2655 936 est,
2689 872 2754 924 ut
2802 866 2962 925 nulla
2993 885 3171 941 penes
3199 885 3327 927 eam
3358 871 3589 944 peccati

1936 954 2227 1026 corruptio
2256 955 2415 1013 nulla
2444 958 2835 1029 corruptionis
2866 957 3340 1031 concupiscentia
3370 960 3589 1017 reside·

1939 1047 2046 1100 ret.
2082 1044 2277 1100 Talem
2310 1044 2466 1101 enim
2498 1045 2610 1101 sibi
2641 1045 2883 1117 virginis
2918 1046 3348 1105 humanitatem
3394 1049 3594 1107 divina

1938 1133 2371 1201 magnificentia
2386 1135 2749 1207 praeparavit,
2769 1138 3003 1207 qualem
3019 1137 3086 1193 de
3102 1136 3231 1209 ipsa
3244 1136 3592 1210 disponebat

1936 1238 2256 1290 assumere,
2287 1227 2352 1278 ut
2383 1223 2604 1281 scilicet
2634 1225 2834 1298 prima
2859 1225 3167 1282 creationis
3188 1226 3473 1299 dignitate
3495 1243 3594 1284 re-

1938 1314 2128 1384 cepta,
2160 1310 2495 1384 incorrupte
2528 1316 2729 1384 posset
2758 1313 2913 1370 uniri
2945 1313 3224 1371 divinitas
3254 1315 3593 1390 incorrupta

1940 1403 2355 1457 naturae.Unde
2383 1400 2559 1458 etiam
2590 1406 2743 1459 recte
2762 1403 2951 1476 gratia
2982 1402 3352 1478 plenapotuit
3393 1403 3591 1477 appel-

1936 1489 2041 1546 lari
2063 1505 2190 1563 quae
2203 1489 2392 1563 primo
2409 1489 2835 1563 plenitudinem
2851 1492 3096 1567 proprias
3112 1493 3593 1553 sanctificationis

1938 1579 2161 1652 accepit
2185 1595 2198 1634 ε
2222 1584 2278 1636 et
2309 1578 2594 1653 singulari
2626 1581 2822 1638 statim
2846 1581 3146 1657 privilegio
3175 1582 3368 1656 potuit
3398 1582 3591 1641 exsul·

1936 1670 2082 1738 tare,
2112 1676 2175 1725 ut
2203 1669 2425 1727 scilicet
2455 1673 2641 1726 mater
2668 1676 2825 1727 esset
2853 1677 2911 1728 et
2947 1670 3108 1743 virgo
3136 1680 3190 1729 et
3224 1671 3284 1729 in
3307 1672 3436 1745 ipsa
3465 1672 3592 1746 pla-

1934 1755 2183 1815 cabilem
2216 1757 2508 1815 contraria
2532 1759 2881 1816 sortirentur
2902 1761 3412 1834 eventum.Neque
3433 1762 3588 1818 enim

1935 1845 2075 1901 alibi
2107 1846 2192 1902 vel
2224 1846 2614 1919 virginitatem
2652 1849 2984 1906 fecunditas
3034 1850 3120 1905 vel
3172 1850 3590 1908 fecunditatem

1934 1935 2279 2009 simplicitas
2306 1937 2655 2008 virginitatis
2675 1943 3011 2010 agnoverat,
3036 1937 3319 2011 nullaque
3339 1939 3589 1998 Invicem

1935 2024 2652 2099 communione,nulloque
2666 2043 2824 2099 unqu
2835 2042 2923 2083 am
2942 2025 3588 2100 foederejungebantur,

1936 2112 2111 2170 Porro
2142 2119 2453 2187 utramque
2474 2116 2685 2173 bonam
2705 2132 2850 2184 esse,
2866 2119 3177 2190 utramque
3197 2122 3430 2174 constat
3457 2135 3590 2175 esse

1933 2202 2312 2265 laudabilem,
2347 2205 2447 2259 sed
2479 2206 2538 2260 in
2571 2203 2701 2260 aliis
2742 2206 2938 2277 majus
2970 2211 3055 2262 est
3086 2206 3389 2281 virginalis
3415 2207 3588 2280 privi-

1938 2293 2152 2366 legium
2188 2293 2491 2351 castitatis.
2527 2296 2590 2350 In
2625 2295 2805 2352 Maria
2833 2295 3205 2354 excellentior
3235 2306 3319 2352 est
3347 2296 3593 2370 virgini·

1934 2385 2053 2438 tate
2086 2382 2428 2447 fecunditas,
2460 2383 2510 2439 si
2541 2388 2692 2440 recte
2722 2383 3100 2441 fecunditatis
3139 2385 3364 2441 fructus
3396 2389 3453 2441 et
3477 2385 3592 2447 vir.

1934 2471 2196 2543 ginitatis
2230 2473 2436 2529 merita
2456 2477 2887 2546 comparentur.
2904 2475 3204 2546 Siquidem
3230 2476 3456 2532 fructus
3476 2477 3587 2534 iste

1936 2560 2007 2615 de
2031 2560 2229 2630 jurata
2261 2560 2442 2617 David
2473 2579 2507 2618 a
2536 2560 2778 2619 Domino
2807 2562 3045 2618 veritate
3069 2563 3385 2635 procedens
3414 2579 3587 2638 super

1936 2650 2134 2705 sedem
2156 2650 2283 2720 ejus
2315 2651 2540 2722 positus
2569 2655 2676 2716 est,
2701 2667 2874 2724 super
2903 2650 3114 2707 solium
3147 2652 3372 2709 scilicet
3400 2652 3586 2724 ipsius

1936 2744 1993 2797 et
2023 2756 2268 2814 regnum
2303 2743 2432 2814 jure
2463 2746 2740 2815 perpetuo
2789 2743 3159 2810 constitutus,
3193 2747 3257 2799 ut
3285 2745 3356 2801 de
3387 2761 3583 2801 sacra·

1938 2836 2265 2887 mentorum
2297 2830 2558 2888 efficacia
2589 2831 2854 2901 firmitas,
2886 2838 2944 2888 et
2975 2834 3152 2889 robur
3180 2833 3249 2889 de
3291 2832 3584 2891 virtutum

1936 2919 2397 2977 sanctificatione
2443 2925 2798 2978 concrescat.
2848 2921 3030 2992 Cujus
3068 2936 3207 2979 sane
3255 2921 3478 2979 fructus
3534 2929 3593 2980 et

1936 3025 2172 3082 germen
2202 3011 2263 3067 in
2298 3010 2789 3084 magnificentiam
2811 3015 2867 3068 et
2896 3011 3136 3084 gloriam
3161 3013 3448 3085 adjunctas
3475 3014 3593 3069 sibi

1866 3083 1910 3152 C
1948 3099 2794 3158 divinitatisexcrescensomni
2829 3102 3315 3159 factaestterreua
3337 3103 3591 3176 plasma·

1945 3188 2105 3245 tione
2134 3188 2473 3256 sublimius,
2505 3190 2647 3247 adeo
2701 3194 2762 3246 ut
2793 3190 2937 3246 nibil
2966 3206 3032 3247 eo
3061 3190 3136 3247 sit
3164 3190 3254 3247 vel
3302 3197 3593 3265 potestate

1943 3279 2167 3346 fortius,
2214 3279 2300 3336 vel
2331 3278 2712 3336 excellentius
2760 3278 3056 3351 dignitate.
3106 3279 3247 3337 Inde
3286 3286 3377 3336 est
3432 3283 3589 3354 quod

1944 3368 1999 3425 in
2037 3370 2213 3425 Maria
2243 3369 2535 3425 contrahit
2587 3367 2956 3425 fecunditatis
2987 3368 3170 3426 honor
3200 3368 3272 3426 de
3302 3372 3429 3442 ipsa
3461 3373 3592 3428 fru-

1941 3462 2069 3515 ctus
2082 3459 2172 3515 sui
2187 3458 2462 3532 qualitate
2475 3457 2885 3528 substantiam,
2904 3458 3175 3516 ubinulta
3188 3458 3590 3531 quarumlibet

1939 3548 2218 3604 virtutum
2234 3546 2654 3619 dispendiased
2667 3552 2984 3622 augmenta
2999 3554 3386 3617 concurrunt;
3410 3549 3510 3605 ced
3528 3550 3589 3608 in

1938 3639 2069 3695 aliis
2090 3638 2503 3695 detrimentum
2541 3637 2893 3710 virginitatis
2924 3637 3148 3695 sobolis
3177 3637 3461 3697 beneflcio
3493 3655 3585 3697 re-

1936 3731 2231 3784 stauratur
2259 3732 2316 3784 et
2358 3727 2706 3797 virginitatis
2737 3727 2968 3784 amissoe
3015 3727 3260 3800 gloriam
3291 3733 3583 3801 suscepte

1935 3816 2114 3891 prolis
2144 3816 2360 3890 gaudia
2390 3821 2847 3888 recompensant.
2881 3818 2946 3874 Ia
2995 3816 3127 3873 aliis
3156 3819 3312 3874 enim
3344 3818 3416 3874 de
3447 3833 3582 3891 pro·

1934 3911 2143 3964 ventus
2172 3906 2455 3979 qualitate
2484 3907 2773 3980 recipiunt
2805 3907 3169 3978 precedentis
3214 3906 3583 3967 daetrimenta

1935 3994 2230 4067 solatium,
2257 3997 2373 4064 ubi,
2398 4014 2524 4069 quaa
2551 3998 2795 4054 fecunda
2815 4001 2925 4063 est,
2949 4014 3232 4069 pressurae
3254 3996 3583 4055 remedium

1933 4092 1991 4146 et
2005 4093 2212 4162 optatae
2235 4088 2453 4145 sobolis
2481 4087 3584 4161 percipitincrementum.Virgoautem

1933 4195 2059 4251 quaa
2091 4178 2348 4235 carnales
2372 4178 2569 4234 animo
2590 4176 2764 4234 simul
2793 4181 2853 4233 et
2881 4193 3121 4250 corpore
3162 4176 3414 4234 declinat
3460 4178 3586 4236 ille-

1933 4271 2212 4343 cebrasLet
2234 4267 2436 4326 sedulo
2458 4267 2575 4326 vim
2599 4268 3311 4340 concupiscentiaelpudore
3332 4273 3588 4327 contun-

1933 4358 2035 4429 dit,
2068 4364 2286 4430 quanto
2317 4357 2501 4430 magis
2531 4376 2565 4414 a
2611 4358 2928 4432 semetipsa
2967 4374 3065 4429 per
3110 4358 3358 4429 gratiam
3389 4357 3584 4415 conti·

172 4439 335 4503 Quod
388 4441 653 4500 fortassis
684 4445 755 4502 ab
803 4445 968 4503 initio
1018 4463 1122 4503 nec
1151 4446 1323 4503 etiam
1370 4448 1558 4505 fuerat
1597 4449 1821 4521 angelis
1854 4459 1897 4524 ι)
1932 4448 2141 4504 nentiae
2172 4447 2387 4517 deficit,
2419 4453 2580 4505 tanto
2614 4447 2798 4521 magis
2848 4446 3071 4519 proficit
3100 4447 3172 4503 ad
3229 4448 3581 4506 mercedem.

169 4528 511 4588 indicatum.
570 4532 680 4589 Sed
731 4533 885 4591 intra
931 4537 1222 4593 secretum
1281 4536 1490 4593 divinoe
1548 4537 1824 4596 bonitatis

171 4619 512 4691 magnitudo
564 4622 792 4680 consilii
869 4627 1173 4697 regebatur
1237 4625 1578 4684 abscondita
1635 4628 1816 4685 donec

170 4710 442 4768 conscius
462 4713 662 4769 secreti
698 4714 943 4771 nuntius
967 4714 1436 4789 mitteretur,qui
1456 4715 1817 4789 indulgenda

170 4802 366 4870 generi
390 4800 649 4859 humano
672 4801 953 4861 libertatis
971 4804 1247 4861 beneficia
1269 4805 1581 4862 nuntiaret.
1599 4805 1815 4864 Missus

168 4888 722 4964 estitaqueangelus
742 4892 971 4950 Gabriel
997 4893 1328 4950 divinorum
1347 4896 1528 4952 faetus
1550 4897 1817 4954 conscius

168 4982 543 5048 secretorum,
564 4986 839 5053 tanquam
861 4982 1050 5039 fidelis
1071 4983 1281 5040 divinae
1303 4984 1619 5042 voluntatis
1647 4989 1816 5044 inter·

169 5082 301 5137 pres
317 5069 373 5122 et
405 5069 916 5140 utquodammodo
941 5073 1157 5145 proprii
1190 5074 1446 5133 nominis
1480 5074 1817 5148 interpreta-

167 5157 386 5215 tionem
432 5157 778 5231 adimplens,
825 5161 1213 5233 fortitudinem
1243 5165 1342 5221 Dei
1370 5164 1430 5221 in
1480 5165 1815 5224 infirmitate

170 5248 364 5303 carnis
423 5248 759 5320 praediceret
789 5256 1246 5322 assumpturam.
1282 5253 1340 5309 Si
1390 5253 1564 5325 igitur
1620 5254 1811 5325 ipsum

171 5336 471 5408 promissae
493 5336 862 5399 salutationis
898 5338 1278 5414 inspiciamus
1298 5341 1643 5417 alloquium,
1663 5348 1815 5402 recte

239 5514 354 5589 (64)
388 5516 559 5575 Deest
590 5517 646 5573 in
681 5520 906 5579 edistis.

1935 4535 2157 4592 Habent
2186 4535 2365 4607 igitur
2395 4535 2651 4593 fecundas
2709 4537 2864 4608 quod
2905 4536 3168 4606 debeant,
3218 4534 3390 4593 habet
3416 4537 3586 4611 virgo

1929 4625 2086 4699 quod
2116 4628 2331 4699 speret,
2363 4626 2506 4681 dum
2530 4626 2601 4682 iis
2622 4625 2680 4682 ia
2698 4624 3019 4699 gratiarum
3047 4625 3302 4683 actiones
3334 4625 3585 4699 virgini-

1927 4716 2064 4771 tatis
2096 4715 2299 4771 merita
2329 4722 2652 4785 transeunt,
2685 4718 2742 4773 et
2787 4714 2838 4769 ei
2887 4731 3118 4786 semper
3146 4715 3219 4771 ad
3269 4715 3584 4788 praemium

1928 4807 2130 4863 eadem
2162 4804 2515 4877 virginitatis
2547 4806 2752 4862 merita
2775 4804 3200 4863 convalescant.
3219 4802 3449 4879 Virgini
3472 4823 3586 4863 au-

1927 4900 2042 4953 tem
2072 4899 2281 4951 nostrae
2313 4894 2543 4952 nullum
2576 4893 2772 4951 intulit
2802 4902 3004 4968 partus
3032 4901 3134 4952 aut
3163 4897 3469 4970 conceptio
3491 4897 3584 4955 de-

1926 4986 2292 5055 trimentum,
2361 4989 2464 5041 sed
2504 4990 2664 5042 tanto
2714 4986 2951 5057 majoris
2982 4984 3280 5058 fastigium
3337 4985 3583 5046 honoris

1923 5077 2129 5146 adepta
2158 5081 2268 5145 est,
2310 5080 2527 5147 quanto
2558 5074 2900 5132 mirabiliori
2929 5078 3020 5132 est
3047 5077 3332 5148 conceptu
3364 5090 3581 5133 conse·

1924 5172 2101 5225 crata.
2161 5168 2490 5225 Occurrunt
2541 5168 2737 5240 itaque
2766 5166 2825 5223 in
2857 5183 2925 5224 ea
2955 5166 3068 5224 sibi
3121 5166 3368 5225 invicem
3400 5168 3579 5240 quasi

1925 5258 2278 5329 quibusdam
2300 5255 2598 5330 virginitas
2621 5256 3056 5329 fecunditasque
3070 5254 3580 5328 complexibus,ut

1923 5347 2331 5404 fecunditatem
2356 5345 2713 5420 virginitatis
2731 5345 2919 5420 gloria
2939 5346 3191 5405 redimat
3209 5345 3578 5420 etvirginita-
