<?xml version="1.0" encoding="UTF-8"?>
<!DOCTYPE html PUBLIC "-//W3C//DTD XHTML 1.0 Transitional//EN"
    "http://www.w3.org/TR/xhtml1/DTD/xhtml1-transitional.dtd">
<html xmlns="http://www.w3.org/1999/xhtml" xml:lang="en" lang="en">
 <head>
  <title>
</title>
<meta http-equiv="Content-Type" content="text/html;charset=utf-8" />
  <meta name='ocr-system' content='tesseract 3.04.00' />
  <meta name='ocr-capabilities' content='ocr_page ocr_carea ocr_par ocr_line ocrx_word'/>
</head>
<body>
  <div class='ocr_page' id='page_1' title='image "./patrologiaecurs32goog_0423.png"; bbox 0 0 3784 6000; ppageno 0'>
   <div class='ocr_carea' id='block_1_1' title="bbox 460 200 2737 271">
    <p class='ocr_par' dir='ltr' id='par_1_1' title="bbox 460 200 2737 271">
     <span class='ocr_line' id='line_1_1' title="bbox 460 200 2737 271; baseline 0.004 -8"><span class='ocrx_word' id='word_1_1' title='bbox 460 204 645 265; x_wconf 86' lang='lat' dir='ltr'>HIST.</span> <span class='ocrx_word' id='word_1_2' title='bbox 688 205 948 264; x_wconf 85' lang='lat' dir='ltr'>RERUM</span> <span class='ocrx_word' id='word_1_3' title='bbox 987 200 1479 264; x_wconf 84' lang='lat' dir='ltr'>TRANSMARIN.</span> <span class='ocrx_word' id='word_1_4' title='bbox 1518 239 1588 249; x_wconf 94' lang='lat'><strong>—</strong></span> <span class='ocrx_word' id='word_1_5' title='bbox 1627 202 1764 267; x_wconf 88' lang='lat' dir='ltr'>LIB.</span> <span class='ocrx_word' id='word_1_6' title='bbox 1806 201 1956 267; x_wconf 86' lang='lat' dir='ltr'>XXI.</span> <span class='ocrx_word' id='word_1_7' title='bbox 1998 202 2410 270; x_wconf 80' lang='lat' dir='ltr'>BALDUINUS</span> <span class='ocrx_word' id='word_1_8' title='bbox 2449 212 2526 271; x_wconf 87' lang='lat' dir='ltr'>IV</span> <span class='ocrx_word' id='word_1_9' title='bbox 2570 210 2737 271; x_wconf 70' lang='lat' dir='ltr'>Rex.</span> 
     </span>
    </p>
   </div>
   <div class='ocr_carea' id='block_1_2' title="bbox 3201 210 3311 277">
    <p class='ocr_par' dir='ltr' id='par_1_2' title="bbox 3201 210 3311 277">
     <span class='ocr_line' id='line_1_2' title="bbox 3201 210 3311 277; baseline 0.036 -3"><span class='ocrx_word' id='word_1_10' title='bbox 3201 210 3311 277; x_wconf 78' lang='grc'>838</span> 
     </span>
    </p>
   </div>
   <div class='ocr_carea' id='block_1_3' title="bbox 137 331 3308 413">
    <p class='ocr_par' dir='ltr' id='par_1_3' title="bbox 137 331 3308 413">
     <span class='ocr_line' id='line_1_3' title="bbox 137 331 3308 413; baseline 0.004 -24"><span class='ocrx_word' id='word_1_11' title='bbox 137 346 185 390; x_wconf 88' lang='grc' dir='ltr'>ι·.</span> <span class='ocrx_word' id='word_1_12' title='bbox 225 331 515 391; x_wconf 86' lang='lat' dir='ltr'>ordinant</span> <span class='ocrx_word' id='word_1_13' title='bbox 543 337 600 389; x_wconf 89' lang='lat' dir='ltr'>et</span> <span class='ocrx_word' id='word_1_14' title='bbox 630 333 741 406; x_wconf 83' lang='lat' dir='ltr'>ipsi</span> <span class='ocrx_word' id='word_1_15' title='bbox 767 332 1156 388; x_wconf 87' lang='lat' dir='ltr'>nihilominus</span> <span class='ocrx_word' id='word_1_16' title='bbox 1185 331 1343 390; x_wconf 85' lang='lat' dir='ltr'>acies</span> <span class='ocrx_word' id='word_1_17' title='bbox 1374 349 1535 399; x_wconf 88' lang='lat' dir='ltr'>suas,</span> <span class='ocrx_word' id='word_1_18' title='bbox 1567 334 1615 389; x_wconf 83' lang='grc' dir='ltr'><strong>Α</strong></span> <span class='ocrx_word' id='word_1_19' title='bbox 1645 336 1786 398; x_wconf 86' lang='lat' dir='ltr'>tem,</span> <span class='ocrx_word' id='word_1_20' title='bbox 1823 335 1923 409; x_wconf 89' lang='lat' dir='ltr'>qui</span> <span class='ocrx_word' id='word_1_21' title='bbox 1953 335 2093 409; x_wconf 81' lang='lat' dir='ltr'>fuga</span> <span class='ocrx_word' id='word_1_22' title='bbox 2123 335 2358 394; x_wconf 83' lang='lat' dir='ltr'>fuerant</span> <span class='ocrx_word' id='word_1_23' title='bbox 2381 336 2592 410; x_wconf 85' lang='lat' dir='ltr'>elapsi,</span> <span class='ocrx_word' id='word_1_24' title='bbox 2627 353 2820 412; x_wconf 87' lang='lat' dir='ltr'>usque</span> <span class='ocrx_word' id='word_1_25' title='bbox 2851 339 2930 396; x_wconf 84' lang='lat' dir='ltr'>ad</span> <span class='ocrx_word' id='word_1_26' title='bbox 2955 340 3308 413; x_wconf 76' lang='lat' dir='ltr'><strong>praedictam</strong></span> 
     </span>
    </p>
   </div>
   <div class='ocr_carea' id='block_1_4' title="bbox 138 421 1538 585">
    <p class='ocr_par' dir='ltr' id='par_1_4' title="bbox 138 421 1538 585">
     <span class='ocr_line' id='line_1_4' title="bbox 159 421 1533 494; baseline 0.001 -16"><span class='ocrx_word' id='word_1_27' title='bbox 159 421 474 478; x_wconf 88' lang='lat' dir='ltr'>militarem</span> <span class='ocrx_word' id='word_1_28' title='bbox 507 421 888 493; x_wconf 85' lang='lat' dir='ltr'>disciplinam</span> <span class='ocrx_word' id='word_1_29' title='bbox 934 421 1180 493; x_wconf 83' lang='lat' dir='ltr'>agmina</span> <span class='ocrx_word' id='word_1_30' title='bbox 1233 423 1533 494; x_wconf 89' lang='lat' dir='ltr'>digerunt,</span> 
     </span>
     <span class='ocr_line' id='line_1_5' title="bbox 138 510 1538 585; baseline 0.001 -17"><span class='ocrx_word' id='word_1_31' title='bbox 138 517 267 568; x_wconf 85' lang='lat' dir='ltr'>ntes</span> <span class='ocrx_word' id='word_1_32' title='bbox 295 511 394 585; x_wconf 89' lang='lat' dir='ltr'>qui</span> <span class='ocrx_word' id='word_1_33' title='bbox 428 512 604 584; x_wconf 91' lang='lat' dir='ltr'>primi</span> <span class='ocrx_word' id='word_1_34' title='bbox 631 510 1079 585; x_wconf 80' lang='lat' dir='ltr'>aggrediantur,</span> <span class='ocrx_word' id='word_1_35' title='bbox 1105 512 1278 585; x_wconf 86' lang='lat' dir='ltr'>etqui</span> <span class='ocrx_word' id='word_1_36' title='bbox 1302 513 1387 568; x_wconf 89' lang='lat' dir='ltr'>eis</span> <span class='ocrx_word' id='word_1_37' title='bbox 1418 513 1538 570; x_wconf 90' lang='lat' dir='ltr'>sint</span> 
     </span>
    </p>
   </div>
   <div class='ocr_carea' id='block_1_5' title="bbox 485 672 916 730">
    <p class='ocr_par' dir='ltr' id='par_1_5' title="bbox 485 672 916 730">
     <span class='ocr_line' id='line_1_6' title="bbox 485 672 916 730; baseline 0.005 -2"><span class='ocrx_word' id='word_1_38' title='bbox 485 672 707 728; x_wconf 83' lang='lat' dir='ltr'><strong>CAPUT</strong></span> <span class='ocrx_word' id='word_1_39' title='bbox 736 674 916 730; x_wconf 83' lang='lat' dir='ltr'>xxm.</span> 
     </span>
    </p>
   </div>
   <div class='ocr_carea' id='block_1_6' title="bbox 137 779 1536 1653">
    <p class='ocr_par' dir='ltr' id='par_1_6' title="bbox 137 779 1535 923">
     <span class='ocr_line' id='line_1_7' title="bbox 137 779 1535 851; baseline 0.001 -17"><span class='ocrx_word' id='word_1_40' title='bbox 137 781 280 835; x_wconf 80' lang='lat' dir='ltr'>titur</span> <span class='ocrx_word' id='word_1_41' title='bbox 288 794 498 849; x_wconf 77' lang='lat' dir='ltr'>puqna</span> <span class='ocrx_word' id='word_1_42' title='bbox 517 802 537 848; x_wconf 91' lang='lat'>,·</span> <span class='ocrx_word' id='word_1_43' title='bbox 560 779 823 835; x_wconf 80' lang='lat' dir='ltr'>vincitur</span> <span class='ocrx_word' id='word_1_44' title='bbox 842 779 1274 847; x_wconf 77' lang='lat' dir='ltr'>Salahadinus‚</span> <span class='ocrx_word' id='word_1_45' title='bbox 1293 784 1347 837; x_wconf 81' lang='lat' dir='ltr'>et</span> <span class='ocrx_word' id='word_1_46' title='bbox 1366 781 1426 836; x_wconf 83' lang='lat' dir='ltr'>in</span> <span class='ocrx_word' id='word_1_47' title='bbox 1436 781 1535 851; x_wconf 78' lang='lat' dir='ltr'>fu·</span> 
     </span>
     <span class='ocr_line' id='line_1_8' title="bbox 137 852 1496 923; baseline 0.004 -19"><span class='ocrx_word' id='word_1_48' title='bbox 137 865 202 908; x_wconf 75' lang='lat' dir='ltr'>zm</span> <span class='ocrx_word' id='word_1_49' title='bbox 224 866 499 921; x_wconf 84' lang='lat' dir='ltr'>supremo</span> <span class='ocrx_word' id='word_1_50' title='bbox 512 854 782 921; x_wconf 79' lang='lat' dir='ltr'>periculo</span> <span class='ocrx_word' id='word_1_51' title='bbox 800 859 853 908; x_wconf 79' lang='lat' dir='ltr'>et</span> <span class='ocrx_word' id='word_1_52' title='bbox 875 852 1141 923; x_wconf 74' lang='lat' dir='ltr'>iynomin</span> <span class='ocrx_word' id='word_1_53' title='bbox 1150 854 1207 909; x_wconf 81' lang='lat' dir='ltr'>ia</span> <span class='ocrx_word' id='word_1_54' title='bbox 1221 855 1496 910; x_wconf 79' lang='lat' dir='ltr'>vertitur.</span> 
     </span>
    </p>

    <p class='ocr_par' dir='ltr' id='par_1_7' title="bbox 137 955 1536 1653">
     <span class='ocr_line' id='line_1_9' title="bbox 143 955 1536 1028; baseline 0 -15"><span class='ocrx_word' id='word_1_55' title='bbox 143 973 198 1022; x_wconf 90' lang='lat' dir='ltr'>a,</span> <span class='ocrx_word' id='word_1_56' title='bbox 228 955 654 1012; x_wconf 80' lang='lat' dir='ltr'>accedentibus</span> <span class='ocrx_word' id='word_1_57' title='bbox 675 957 812 1012; x_wconf 90' lang='lat' dir='ltr'>hinc</span> <span class='ocrx_word' id='word_1_58' title='bbox 858 957 996 1013; x_wconf 92' lang='lat' dir='ltr'>inde</span> <span class='ocrx_word' id='word_1_59' title='bbox 1023 956 1318 1028; x_wconf 79' lang='lat' dir='ltr'>gradatim</span> <span class='ocrx_word' id='word_1_60' title='bbox 1348 956 1536 1014; x_wconf 88' lang='lat' dir='ltr'>bella-</span> 
     </span>
     <span class='ocr_line' id='line_1_10' title="bbox 137 1045 1531 1120; baseline 0 -18"><span class='ocrx_word' id='word_1_61' title='bbox 137 1045 439 1110; x_wconf 84' lang='lat' dir='ltr'>·rclinibus,</span> <span class='ocrx_word' id='word_1_62' title='bbox 483 1046 876 1102; x_wconf 82' lang='lat' dir='ltr'>commissum</span> <span class='ocrx_word' id='word_1_63' title='bbox 912 1052 1002 1102; x_wconf 87' lang='lat' dir='ltr'>est</span> <span class='ocrx_word' id='word_1_64' title='bbox 1030 1047 1328 1120; x_wconf 83' lang='lat' dir='ltr'>praelium,</span> <span class='ocrx_word' id='word_1_65' title='bbox 1362 1047 1531 1120; x_wconf 91' lang='lat' dir='ltr'>prius</span> 
     </span>
     <span class='ocr_line' id='line_1_11' title="bbox 137 1134 1535 1209; baseline 0.002 -19"><span class='ocrx_word' id='word_1_66' title='bbox 137 1134 249 1201; x_wconf 83' lang='lat' dir='ltr'>bie,</span> <span class='ocrx_word' id='word_1_67' title='bbox 283 1134 388 1191; x_wconf 90' lang='lat' dir='ltr'>sed</span> <span class='ocrx_word' id='word_1_68' title='bbox 418 1135 645 1190; x_wconf 90' lang='lat' dir='ltr'>viribus</span> <span class='ocrx_word' id='word_1_69' title='bbox 670 1135 1201 1208; x_wconf 88' lang='lat' dir='ltr'>longeimparibus</span> <span class='ocrx_word' id='word_1_70' title='bbox 1237 1144 1535 1209; x_wconf 79' lang='lat' dir='ltr'>;posttno-</span> 
     </span>
     <span class='ocr_line' id='line_1_12' title="bbox 137 1224 1532 1290; baseline 0.002 -12"><span class='ocrx_word' id='word_1_71' title='bbox 137 1225 257 1281; x_wconf 81' lang='lat' dir='ltr'>3tris</span> <span class='ocrx_word' id='word_1_72' title='bbox 284 1224 623 1279; x_wconf 80' lang='lat' dir='ltr'>animosius</span> <span class='ocrx_word' id='word_1_73' title='bbox 651 1224 1288 1290; x_wconf 77' lang='lat' dir='ltr'>insistentibuS,insusa</span> <span class='ocrx_word' id='word_1_74' title='bbox 1303 1225 1532 1282; x_wconf 86' lang='lat' dir='ltr'>coelitus</span> 
     </span>
     <span class='ocr_line' id='line_1_13' title="bbox 137 1312 1532 1386; baseline 0.003 -19"><span class='ocrx_word' id='word_1_75' title='bbox 137 1328 247 1386; x_wconf 68' lang='lat' dir='ltr'>{uae</span> <span class='ocrx_word' id='word_1_76' title='bbox 277 1329 379 1368; x_wconf 89' lang='lat' dir='ltr'>eos</span> <span class='ocrx_word' id='word_1_77' title='bbox 434 1312 607 1368; x_wconf 87' lang='lat' dir='ltr'>solito</span> <span class='ocrx_word' id='word_1_78' title='bbox 657 1313 933 1369; x_wconf 87' lang='lat' dir='ltr'>redderet</span> <span class='ocrx_word' id='word_1_79' title='bbox 970 1314 1261 1380; x_wconf 81' lang='lat' dir='ltr'>fortiores,</span> <span class='ocrx_word' id='word_1_80' title='bbox 1302 1313 1532 1371; x_wconf 71' lang='lat' dir='ltr'>contra-</span> 
     </span>
     <span class='ocr_line' id='line_1_14' title="bbox 137 1402 1529 1474; baseline 0.001 -17"><span class='ocrx_word' id='word_1_81' title='bbox 137 1419 226 1457; x_wconf 73' lang='lat' dir='ltr'>Jm</span> <span class='ocrx_word' id='word_1_82' title='bbox 245 1402 604 1473; x_wconf 84' lang='lat' dir='ltr'>legionibus,</span> <span class='ocrx_word' id='word_1_83' title='bbox 620 1403 1017 1474; x_wconf 87' lang='lat' dir='ltr'>postmultam</span> <span class='ocrx_word' id='word_1_84' title='bbox 1041 1408 1299 1474; x_wconf 86' lang='lat' dir='ltr'>stragem</span> <span class='ocrx_word' id='word_1_85' title='bbox 1325 1403 1529 1461; x_wconf 89' lang='lat' dir='ltr'>hostes</span> 
     </span>
     <span class='ocr_line' id='line_1_15' title="bbox 137 1492 1530 1556; baseline 0.002 -9"><span class='ocrx_word' id='word_1_86' title='bbox 137 1496 452 1547; x_wconf 81' lang='lat' dir='ltr'>avertunt.</span> <span class='ocrx_word' id='word_1_87' title='bbox 496 1492 638 1556; x_wconf 88' lang='lat' dir='ltr'>Quis</span> <span class='ocrx_word' id='word_1_88' title='bbox 685 1497 883 1548; x_wconf 90' lang='lat' dir='ltr'>autem</span> <span class='ocrx_word' id='word_1_89' title='bbox 934 1497 1089 1549; x_wconf 91' lang='lat' dir='ltr'>esset</span> <span class='ocrx_word' id='word_1_90' title='bbox 1122 1493 1382 1550; x_wconf 89' lang='lat' dir='ltr'>hostium</span> <span class='ocrx_word' id='word_1_91' title='bbox 1425 1509 1530 1550; x_wconf 90' lang='lat' dir='ltr'>nu·</span> 
     </span>
     <span class='ocr_line' id='line_1_16' title="bbox 137 1580 1528 1653; baseline 0.002 -18"><span class='ocrx_word' id='word_1_92' title='bbox 137 1580 487 1650; x_wconf 86' lang='lat' dir='ltr'>nvestiganti</span> <span class='ocrx_word' id='word_1_93' title='bbox 517 1580 664 1635; x_wconf 87' lang='lat' dir='ltr'>mihi</span> <span class='ocrx_word' id='word_1_94' title='bbox 717 1584 775 1636; x_wconf 91' lang='lat' dir='ltr'>et</span> <span class='ocrx_word' id='word_1_95' title='bbox 829 1581 1115 1653; x_wconf 85' lang='lat' dir='ltr'>quaerenti</span> <span class='ocrx_word' id='word_1_96' title='bbox 1165 1581 1528 1652; x_wconf 87' lang='lat' dir='ltr'>diligentius,</span> 
     </span>
    </p>
   </div>
   <div class='ocr_carea' id='block_1_7' title="bbox 1637 423 3310 1653">
    <p class='ocr_par' dir='ltr' id='par_1_8' title="bbox 1637 423 3310 1653">
     <span class='ocr_line' id='line_1_17' title="bbox 1646 423 3310 498; baseline 0.005 -18"><span class='ocrx_word' id='word_1_97' title='bbox 1646 423 1952 496; x_wconf 85' lang='lat' dir='ltr'>paludem,</span> <span class='ocrx_word' id='word_1_98' title='bbox 1976 424 2183 498; x_wconf 87' lang='lat' dir='ltr'>siquid</span> <span class='ocrx_word' id='word_1_99' title='bbox 2208 426 2512 482; x_wconf 84' lang='lat' dir='ltr'>residuum</span> <span class='ocrx_word' id='word_1_100' title='bbox 2529 432 2653 484; x_wconf 90' lang='lat' dir='ltr'>erat</span> <span class='ocrx_word' id='word_1_101' title='bbox 2671 427 2892 496; x_wconf 85' lang='lat' dir='ltr'>oneris,</span> <span class='ocrx_word' id='word_1_102' title='bbox 2912 426 3129 487; x_wconf 89' lang='lat' dir='ltr'>loricas</span> <span class='ocrx_word' id='word_1_103' title='bbox 3150 431 3310 487; x_wconf 85' lang='lat' dir='ltr'>vide-</span> 
     </span>
     <span class='ocr_line' id='line_1_18' title="bbox 1645 510 3307 592; baseline 0.005 -24"><span class='ocrx_word' id='word_1_104' title='bbox 1645 510 1776 569; x_wconf 91' lang='lat' dir='ltr'>licet</span> <span class='ocrx_word' id='word_1_105' title='bbox 1802 517 1858 569; x_wconf 94' lang='lat' dir='ltr'>et</span> <span class='ocrx_word' id='word_1_106' title='bbox 1874 514 2098 584; x_wconf 80' lang='lat' dir='ltr'>caligas</span> <span class='ocrx_word' id='word_1_107' title='bbox 2112 514 2356 582; x_wconf 80' lang='lat' dir='ltr'>ferreas,</span> <span class='ocrx_word' id='word_1_108' title='bbox 2370 514 2430 571; x_wconf 89' lang='lat' dir='ltr'>in</span> <span class='ocrx_word' id='word_1_109' title='bbox 2445 520 2742 572; x_wconf 88' lang='lat' dir='ltr'>carectum</span> <span class='ocrx_word' id='word_1_110' title='bbox 2759 532 2930 590; x_wconf 83' lang='lat' dir='ltr'>aquae</span> <span class='ocrx_word' id='word_1_111' title='bbox 2954 520 3083 575; x_wconf 87' lang='lat' dir='ltr'>etin</span> <span class='ocrx_word' id='word_1_112' title='bbox 3109 521 3307 592; x_wconf 85' lang='lat' dir='ltr'>ipsam</span> 
     </span>
     <span class='ocr_line' id='line_1_19' title="bbox 1645 603 3309 679; baseline 0.005 -23"><span class='ocrx_word' id='word_1_113' title='bbox 1645 614 1866 674; x_wconf 88' lang='lat' dir='ltr'>aquam</span> <span class='ocrx_word' id='word_1_114' title='bbox 1896 603 2277 675; x_wconf 88' lang='lat' dir='ltr'>projecerunt</span> <span class='ocrx_word' id='word_1_115' title='bbox 2342 605 2609 672; x_wconf 79' lang='lat' dir='ltr'>interiuS,</span> <span class='ocrx_word' id='word_1_116' title='bbox 2643 609 2704 661; x_wconf 92' lang='lat' dir='ltr'>ut</span> <span class='ocrx_word' id='word_1_117' title='bbox 2733 609 2791 661; x_wconf 91' lang='lat' dir='ltr'>et</span> <span class='ocrx_word' id='word_1_118' title='bbox 2832 607 2944 677; x_wconf 86' lang='lat' dir='ltr'>ipsi</span> <span class='ocrx_word' id='word_1_119' title='bbox 2972 607 3309 679; x_wconf 82' lang='lat' dir='ltr'>expeditius</span> 
     </span>
     <span class='ocr_line' id='line_1_20' title="bbox 1645 687 3308 765; baseline 0.006 -21"><span class='ocrx_word' id='word_1_120' title='bbox 1645 687 2006 759; x_wconf 85' lang='lat' dir='ltr'>incederent,</span> <span class='ocrx_word' id='word_1_121' title='bbox 2026 696 2077 747; x_wconf 89' lang='lat' dir='ltr'>et</span> <span class='ocrx_word' id='word_1_122' title='bbox 2104 707 2272 748; x_wconf 88' lang='lat' dir='ltr'>arma</span> <span class='ocrx_word' id='word_1_123' title='bbox 2304 692 2361 747; x_wconf 88' lang='lat' dir='ltr'>ln</span> <span class='ocrx_word' id='word_1_124' title='bbox 2387 693 2560 765; x_wconf 85' lang='lat' dir='ltr'>aquis</span> <span class='ocrx_word' id='word_1_125' title='bbox 2573 693 2859 765; x_wconf 84' lang='lat' dir='ltr'>projecta,</span> <span class='ocrx_word' id='word_1_126' title='bbox 2890 696 3308 754; x_wconf 80' lang='lat' dir='ltr'>nostris-nullo</span> 
     </span>
     <span class='ocr_line' id='line_1_21' title="bbox 1645 781 3298 857; baseline 0.004 -22"><span class='ocrx_word' id='word_1_127' title='bbox 1645 783 1914 850; x_wconf 89' lang='lat' dir='ltr'>tempore</span> <span class='ocrx_word' id='word_1_128' title='bbox 1939 786 2183 852; x_wconf 84' lang='lat' dir='ltr'>possent</span> <span class='ocrx_word' id='word_1_129' title='bbox 2212 796 2340 837; x_wconf 89' lang='lat' dir='ltr'>esse</span> <span class='ocrx_word' id='word_1_130' title='bbox 2366 786 2470 837; x_wconf 91' lang='lat' dir='ltr'>aut</span> <span class='ocrx_word' id='word_1_131' title='bbox 2496 781 2649 847; x_wconf 89' lang='lat' dir='ltr'>usui,</span> <span class='ocrx_word' id='word_1_132' title='bbox 2676 785 2781 838; x_wconf 88' lang='lat' dir='ltr'>aut</span> <span class='ocrx_word' id='word_1_133' title='bbox 2811 782 3069 840; x_wconf 82' lang='lat' dir='ltr'>vietoriae</span> <span class='ocrx_word' id='word_1_134' title='bbox 3097 785 3298 857; x_wconf 86' lang='lat' dir='ltr'>signo.</span> 
     </span>
     <span class='ocr_line' id='line_1_22' title="bbox 1645 868 3306 948; baseline 0.005 -25"><span class='ocrx_word' id='word_1_135' title='bbox 1645 868 1910 933; x_wconf 90' lang='lat' dir='ltr'>Quorum</span> <span class='ocrx_word' id='word_1_136' title='bbox 1936 875 2133 926; x_wconf 88' lang='lat' dir='ltr'>tamen</span> <span class='ocrx_word' id='word_1_137' title='bbox 2147 875 2471 942; x_wconf 88' lang='lat' dir='ltr'>utrumque</span> <span class='ocrx_word' id='word_1_138' title='bbox 2485 871 2672 927; x_wconf 85' lang='lat' dir='ltr'>nostri</span> <span class='ocrx_word' id='word_1_139' title='bbox 2694 873 3306 948; x_wconf 80' lang='lat' dir='ltr'>posteasuntplenius</span> 
     </span>
     <span class='ocr_line' id='line_1_23' title="bbox 1644 957 3307 1032; baseline 0.004 -19"><span class='ocrx_word' id='word_1_140' title='bbox 1644 957 1902 1013; x_wconf 84' lang='lat' dir='ltr'>assecuti</span> <span class='ocrx_word' id='word_1_141' title='bbox 1928 975 1941 1026; x_wconf 90' lang='lat'>;</span> <span class='ocrx_word' id='word_1_142' title='bbox 1970 973 2112 1015; x_wconf 91' lang='lat' dir='ltr'>nam</span> <span class='ocrx_word' id='word_1_143' title='bbox 2144 959 2501 1016; x_wconf 66' lang='lat' dir='ltr'>inhaerentes</span> <span class='ocrx_word' id='word_1_144' title='bbox 2523 974 2731 1015; x_wconf 88' lang='lat' dir='ltr'>eorum</span> <span class='ocrx_word' id='word_1_145' title='bbox 2759 960 3024 1032; x_wconf 86' lang='lat' dir='ltr'>vestigiis</span> <span class='ocrx_word' id='word_1_146' title='bbox 3048 968 3107 1018; x_wconf 84' lang='lat' dir='ltr'>et</span> <span class='ocrx_word' id='word_1_147' title='bbox 3133 968 3307 1019; x_wconf 88' lang='lat' dir='ltr'>nocte</span> 
     </span>
     <span class='ocr_line' id='line_1_24' title="bbox 1641 1044 3305 1120; baseline 0.005 -20"><span class='ocrx_word' id='word_1_148' title='bbox 1641 1044 1915 1112; x_wconf 85' lang='lat' dir='ltr'>instante,</span> <span class='ocrx_word' id='word_1_149' title='bbox 1941 1051 1998 1102; x_wconf 87' lang='lat' dir='ltr'>et</span> <span class='ocrx_word' id='word_1_150' title='bbox 2020 1049 2290 1120; x_wconf 74' lang='lat' dir='ltr'>sequenti</span> <span class='ocrx_word' id='word_1_151' title='bbox 2305 1046 2860 1120; x_wconf 76' lang='lat' dir='ltr'>die,;ctpraedictum</span> <span class='ocrx_word' id='word_1_152' title='bbox 2877 1051 3305 1108; x_wconf 86' lang='lat' dir='ltr'>arundinetum</span> 
     </span>
     <span class='ocr_line' id='line_1_25' title="bbox 1641 1133 3302 1212; baseline 0.004 -21"><span class='ocrx_word' id='word_1_153' title='bbox 1641 1133 1982 1205; x_wconf 88' lang='lat' dir='ltr'>diligentius</span> <span class='ocrx_word' id='word_1_154' title='bbox 2004 1141 2465 1208; x_wconf 79' lang='lat' dir='ltr'>perscrutanteS,</span> <span class='ocrx_word' id='word_1_155' title='bbox 2497 1136 2783 1209; x_wconf 87' lang='lat' dir='ltr'>paludem</span> <span class='ocrx_word' id='word_1_156' title='bbox 2827 1153 3073 1212; x_wconf 86' lang='lat' dir='ltr'>quoque</span> <span class='ocrx_word' id='word_1_157' title='bbox 3104 1140 3302 1212; x_wconf 85' lang='lat' dir='ltr'>ipsam</span> 
     </span>
     <span class='ocr_line' id='line_1_26' title="bbox 1642 1225 3307 1299; baseline 0.003 -19"><span class='ocrx_word' id='word_1_158' title='bbox 1642 1225 1832 1280; x_wconf 88' lang='lat' dir='ltr'>contis</span> <span class='ocrx_word' id='word_1_159' title='bbox 1853 1228 1911 1280; x_wconf 89' lang='lat' dir='ltr'>et</span> <span class='ocrx_word' id='word_1_160' title='bbox 1937 1225 2107 1280; x_wconf 83' lang='lat' dir='ltr'>uncis</span> <span class='ocrx_word' id='word_1_161' title='bbox 2136 1230 2621 1297; x_wconf 87' lang='lat' dir='ltr'>percunctantes,</span> <span class='ocrx_word' id='word_1_162' title='bbox 2666 1225 2962 1299; x_wconf 90' lang='lat' dir='ltr'>quidquid</span> <span class='ocrx_word' id='word_1_163' title='bbox 2994 1227 3074 1283; x_wconf 91' lang='lat' dir='ltr'>illi</span> <span class='ocrx_word' id='word_1_164' title='bbox 3105 1228 3307 1285; x_wconf 91' lang='lat' dir='ltr'>occul-</span> 
     </span>
     <span class='ocr_line' id='line_1_27' title="bbox 1639 1311 3308 1389; baseline 0.004 -23"><span class='ocrx_word' id='word_1_165' title='bbox 1639 1314 1933 1382; x_wconf 87' lang='lat' dir='ltr'>taverant,</span> <span class='ocrx_word' id='word_1_166' title='bbox 1956 1311 2204 1369; x_wconf 83' lang='lat' dir='ltr'>celerius</span> <span class='ocrx_word' id='word_1_167' title='bbox 2216 1319 2581 1384; x_wconf 89' lang='lat' dir='ltr'>repererunt.</span> <span class='ocrx_word' id='word_1_168' title='bbox 2610 1312 2975 1370; x_wconf 84' lang='lat' dir='ltr'>Audivimus</span> <span class='ocrx_word' id='word_1_169' title='bbox 2997 1330 3033 1370; x_wconf 93' lang='lat' dir='ltr'>a</span> <span class='ocrx_word' id='word_1_170' title='bbox 3054 1316 3308 1389; x_wconf 84' lang='lat' dir='ltr'>quibus-</span> 
     </span>
     <span class='ocr_line' id='line_1_28' title="bbox 1640 1399 3305 1473; baseline 0.004 -18"><span class='ocrx_word' id='word_1_171' title='bbox 1640 1399 1784 1456; x_wconf 90' lang='lat' dir='ltr'>dam</span> <span class='ocrx_word' id='word_1_172' title='bbox 1796 1399 1918 1457; x_wconf 87' lang='lat' dir='ltr'>fide</span> <span class='ocrx_word' id='word_1_173' title='bbox 1933 1400 2149 1473; x_wconf 84' lang='lat' dir='ltr'>dignis,</span> <span class='ocrx_word' id='word_1_174' title='bbox 2177 1400 2343 1473; x_wconf 88' lang='lat' dir='ltr'>quod</span> <span class='ocrx_word' id='word_1_175' title='bbox 2359 1401 2752 1458; x_wconf 89' lang='lat' dir='ltr'>centuminde</span> <span class='ocrx_word' id='word_1_176' title='bbox 2765 1402 3043 1460; x_wconf 84' lang='lat' dir='ltr'>viderant</span> <span class='ocrx_word' id='word_1_177' title='bbox 3064 1418 3184 1460; x_wconf 86' lang='lat' dir='ltr'>una</span> <span class='ocrx_word' id='word_1_178' title='bbox 3209 1404 3305 1461; x_wconf 88' lang='lat' dir='ltr'>die</span> 
     </span>
     <span class='ocr_line' id='line_1_29' title="bbox 1637 1485 3306 1563; baseline 0.004 -20"><span class='ocrx_word' id='word_1_179' title='bbox 1637 1485 1857 1546; x_wconf 83' lang='lat' dir='ltr'>loricas</span> <span class='ocrx_word' id='word_1_180' title='bbox 1882 1489 2132 1555; x_wconf 85' lang='lat' dir='ltr'>extrahi,</span> <span class='ocrx_word' id='word_1_181' title='bbox 2164 1491 2426 1563; x_wconf 86' lang='lat' dir='ltr'>exceptis</span> <span class='ocrx_word' id='word_1_182' title='bbox 2452 1489 2638 1561; x_wconf 87' lang='lat' dir='ltr'>galeis</span> <span class='ocrx_word' id='word_1_183' title='bbox 2675 1496 2731 1547; x_wconf 90' lang='lat' dir='ltr'>et</span> <span class='ocrx_word' id='word_1_184' title='bbox 2772 1492 2961 1548; x_wconf 90' lang='lat' dir='ltr'>ocreis</span> <span class='ocrx_word' id='word_1_185' title='bbox 2993 1490 3215 1559; x_wconf 79' lang='lat' dir='ltr'>ferreis,</span> <span class='ocrx_word' id='word_1_186' title='bbox 3248 1497 3306 1551; x_wconf 77' lang='lat' dir='ltr'>at</span> 
     </span>
     <span class='ocr_line' id='line_1_30' title="bbox 1639 1578 3302 1653; baseline 0.001 -18"><span class='ocrx_word' id='word_1_187' title='bbox 1639 1579 1890 1636; x_wconf 90' lang='lat' dir='ltr'>minoris</span> <span class='ocrx_word' id='word_1_188' title='bbox 1914 1579 2199 1652; x_wconf 88' lang='lat' dir='ltr'>ponderis</span> <span class='ocrx_word' id='word_1_189' title='bbox 2223 1578 2422 1645; x_wconf 91' lang='lat' dir='ltr'>rebus,</span> <span class='ocrx_word' id='word_1_190' title='bbox 2448 1578 2693 1636; x_wconf 89' lang='lat' dir='ltr'>utilibus</span> <span class='ocrx_word' id='word_1_191' title='bbox 2712 1586 2914 1637; x_wconf 85' lang='lat' dir='ltr'>tamen</span> <span class='ocrx_word' id='word_1_192' title='bbox 2941 1581 3302 1653; x_wconf 83' lang='lat' dir='ltr'>etpretiosis.</span> 
     </span>
    </p>
   </div>
   <div class='ocr_carea' id='block_1_8' title="bbox 169 1667 3304 1742">
    <p class='ocr_par' dir='ltr' id='par_1_9' title="bbox 169 1667 3304 1742">
     <span class='ocr_line' id='line_1_31' title="bbox 169 1667 3304 1742; baseline 0.001 -18"><span class='ocrx_word' id='word_1_193' title='bbox 169 1669 494 1724; x_wconf 91' lang='lat' dir='ltr'>multorum</span> <span class='ocrx_word' id='word_1_194' title='bbox 527 1668 811 1725; x_wconf 86' lang='lat' dir='ltr'>relatione</span> <span class='ocrx_word' id='word_1_195' title='bbox 836 1670 1109 1737; x_wconf 88' lang='lat' dir='ltr'>innotuit,</span> <span class='ocrx_word' id='word_1_196' title='bbox 1138 1671 1302 1742; x_wconf 90' lang='lat' dir='ltr'>quod</span> <span class='ocrx_word' id='word_1_197' title='bbox 1323 1670 1530 1742; x_wconf 90' lang='lat' dir='ltr'>viginti</span> <span class='ocrx_word' id='word_1_198' title='bbox 1562 1683 1606 1740; x_wconf 81' lang='grc' dir='ltr'><strong>Β</strong></span> <span class='ocrx_word' id='word_1_199' title='bbox 1640 1667 1935 1724; x_wconf 89' lang='lat' dir='ltr'>Collatum</span> <span class='ocrx_word' id='word_1_200' title='bbox 1963 1674 2162 1725; x_wconf 89' lang='lat' dir='ltr'>autem</span> <span class='ocrx_word' id='word_1_201' title='bbox 2180 1667 2586 1724; x_wconf 87' lang='lat' dir='ltr'>nobisesthoc</span> <span class='ocrx_word' id='word_1_202' title='bbox 2607 1674 2729 1725; x_wconf 89' lang='lat' dir='ltr'>tam</span> <span class='ocrx_word' id='word_1_203' title='bbox 2745 1669 3050 1739; x_wconf 88' lang='lat' dir='ltr'>insigneet</span> <span class='ocrx_word' id='word_1_204' title='bbox 3069 1670 3304 1727; x_wconf 78' lang='lat' dir='ltr'>saeculis</span> 
     </span>
    </p>
   </div>
   <div class='ocr_carea' id='block_1_9' title="bbox 136 1757 1541 2991">
    <p class='ocr_par' dir='ltr' id='par_1_10' title="bbox 136 1757 1541 2991">
     <span class='ocr_line' id='line_1_32' title="bbox 142 1757 1530 1832; baseline 0.001 -19"><span class='ocrx_word' id='word_1_205' title='bbox 142 1758 198 1814; x_wconf 92' lang='lat' dir='ltr'>ia</span> <span class='ocrx_word' id='word_1_206' title='bbox 245 1758 513 1831; x_wconf 88' lang='lat' dir='ltr'>equitum</span> <span class='ocrx_word' id='word_1_207' title='bbox 566 1757 1003 1830; x_wconf 85' lang='lat' dir='ltr'>expeditorum,</span> <span class='ocrx_word' id='word_1_208' title='bbox 1038 1757 1299 1831; x_wconf 81' lang='lat' dir='ltr'>exceptis</span> <span class='ocrx_word' id='word_1_209' title='bbox 1329 1760 1398 1815; x_wconf 91' lang='lat' dir='ltr'>iis</span> <span class='ocrx_word' id='word_1_210' title='bbox 1427 1760 1530 1832; x_wconf 87' lang='lat' dir='ltr'>qui</span> 
     </span>
     <span class='ocr_line' id='line_1_33' title="bbox 137 1846 1531 1913; baseline 0.001 -10"><span class='ocrx_word' id='word_1_211' title='bbox 137 1847 227 1903; x_wconf 81' lang='lat' dir='ltr'>riis</span> <span class='ocrx_word' id='word_1_212' title='bbox 253 1846 597 1903; x_wconf 80' lang='lat' dir='ltr'>insidebant</span> <span class='ocrx_word' id='word_1_213' title='bbox 633 1852 689 1903; x_wconf 89' lang='lat' dir='ltr'>et</span> <span class='ocrx_word' id='word_1_214' title='bbox 728 1847 994 1913; x_wconf 84' lang='lat' dir='ltr'>camelis,</span> <span class='ocrx_word' id='word_1_215' title='bbox 1048 1848 1201 1905; x_wconf 84' lang='lat' dir='ltr'>intra</span> <span class='ocrx_word' id='word_1_216' title='bbox 1250 1847 1398 1905; x_wconf 84' lang='lat' dir='ltr'>fines</span> <span class='ocrx_word' id='word_1_217' title='bbox 1430 1864 1531 1904; x_wconf 93' lang='lat' dir='ltr'>no·</span> 
     </span>
     <span class='ocr_line' id='line_1_34' title="bbox 137 1936 1533 2010; baseline 0 -19"><span class='ocrx_word' id='word_1_218' title='bbox 137 1936 402 1993; x_wconf 76' lang='lat' dir='ltr'>tmiserat</span> <span class='ocrx_word' id='word_1_219' title='bbox 428 1953 441 2001; x_wconf 90' lang='lat'>;</span> <span class='ocrx_word' id='word_1_220' title='bbox 470 1953 540 1991; x_wconf 87' lang='lat' dir='ltr'>ex</span> <span class='ocrx_word' id='word_1_221' title='bbox 571 1936 790 2009; x_wconf 89' lang='lat' dir='ltr'>quibus</span> <span class='ocrx_word' id='word_1_222' title='bbox 821 1943 1137 1993; x_wconf 88' lang='lat' dir='ltr'>erantocto</span> <span class='ocrx_word' id='word_1_223' title='bbox 1162 1936 1349 1994; x_wconf 88' lang='lat' dir='ltr'>millia</span> <span class='ocrx_word' id='word_1_224' title='bbox 1372 1951 1533 2010; x_wconf 87' lang='lat' dir='ltr'>egre·</span> 
     </span>
     <span class='ocr_line' id='line_1_35' title="bbox 161 2024 1537 2097; baseline 0.001 -17"><span class='ocrx_word' id='word_1_225' title='bbox 161 2041 315 2097; x_wconf 90' lang='lat' dir='ltr'>quos</span> <span class='ocrx_word' id='word_1_226' title='bbox 338 2024 447 2097; x_wconf 89' lang='lat' dir='ltr'>ipsi</span> <span class='ocrx_word' id='word_1_227' title='bbox 477 2024 681 2095; x_wconf 86' lang='lat' dir='ltr'>lingua</span> <span class='ocrx_word' id='word_1_228' title='bbox 712 2041 821 2080; x_wconf 90' lang='lat' dir='ltr'>sua</span> <span class='ocrx_word' id='word_1_229' title='bbox 850 2027 1094 2081; x_wconf 87' lang='lat' dir='ltr'>Toasstn</span> <span class='ocrx_word' id='word_1_230' title='bbox 1125 2032 1339 2083; x_wconf 88' lang='lat' dir='ltr'>vocant</span> <span class='ocrx_word' id='word_1_231' title='bbox 1364 2045 1376 2095; x_wconf 93' lang='lat'>;</span> <span class='ocrx_word' id='word_1_232' title='bbox 1406 2025 1537 2082; x_wconf 86' lang='lat' dir='ltr'>reli-</span> 
     </span>
     <span class='ocr_line' id='line_1_36' title="bbox 137 2114 1534 2187; baseline 0.001 -17"><span class='ocrx_word' id='word_1_233' title='bbox 137 2130 168 2170; x_wconf 92' lang='grc' dir='ltr'>ο</span> <span class='ocrx_word' id='word_1_234' title='bbox 201 2115 408 2170; x_wconf 88' lang='lat' dir='ltr'>decem</span> <span class='ocrx_word' id='word_1_235' title='bbox 442 2119 496 2169; x_wconf 91' lang='lat' dir='ltr'>et</span> <span class='ocrx_word' id='word_1_236' title='bbox 526 2118 662 2170; x_wconf 89' lang='lat' dir='ltr'>octo</span> <span class='ocrx_word' id='word_1_237' title='bbox 693 2114 876 2170; x_wconf 88' lang='lat' dir='ltr'>millia</span> <span class='ocrx_word' id='word_1_238' title='bbox 906 2120 1075 2170; x_wconf 84' lang='lat' dir='ltr'>erant</span> <span class='ocrx_word' id='word_1_239' title='bbox 1100 2115 1534 2187; x_wconf 85' lang='lat' dir='ltr'>gregariorum,</span> 
     </span>
     <span class='ocr_line' id='line_1_37' title="bbox 137 2202 1536 2277; baseline 0.001 -19"><span class='ocrx_word' id='word_1_240' title='bbox 137 2203 177 2258; x_wconf 78' lang='lat' dir='ltr'>si</span> <span class='ocrx_word' id='word_1_241' title='bbox 203 2202 506 2277; x_wconf 87' lang='lat' dir='ltr'>appellant</span> <span class='ocrx_word' id='word_1_242' title='bbox 527 2205 943 2273; x_wconf 86' lang='lat' dir='ltr'>Carnagolam.</span> <span class='ocrx_word' id='word_1_243' title='bbox 976 2205 1051 2258; x_wconf 87' lang='lat' dir='ltr'>De</span> <span class='ocrx_word' id='word_1_244' title='bbox 1073 2204 1318 2276; x_wconf 87' lang='lat' dir='ltr'>egregiis</span> <span class='ocrx_word' id='word_1_245' title='bbox 1337 2207 1536 2260; x_wconf 90' lang='lat' dir='ltr'>autem</span> 
     </span>
     <span class='ocr_line' id='line_1_38' title="bbox 137 2290 1536 2365; baseline 0.001 -19"><span class='ocrx_word' id='word_1_246' title='bbox 137 2290 246 2358; x_wconf 85' lang='lat' dir='ltr'>ille,</span> <span class='ocrx_word' id='word_1_247' title='bbox 281 2293 376 2364; x_wconf 89' lang='lat' dir='ltr'>qui</span> <span class='ocrx_word' id='word_1_248' title='bbox 400 2307 613 2347; x_wconf 87' lang='lat' dir='ltr'>omnes</span> <span class='ocrx_word' id='word_1_249' title='bbox 635 2291 824 2348; x_wconf 89' lang='lat' dir='ltr'>induti</span> <span class='ocrx_word' id='word_1_250' title='bbox 861 2293 1084 2349; x_wconf 81' lang='lat' dir='ltr'>croceis</span> <span class='ocrx_word' id='word_1_251' title='bbox 1116 2309 1297 2365; x_wconf 89' lang='lat' dir='ltr'>super</span> <span class='ocrx_word' id='word_1_252' title='bbox 1323 2293 1536 2349; x_wconf 84' lang='lat' dir='ltr'>loricas</span> 
     </span>
     <span class='ocr_line' id='line_1_39' title="bbox 139 2381 1540 2447; baseline 0.002 -12"><span class='ocrx_word' id='word_1_253' title='bbox 139 2383 232 2447; x_wconf 89' lang='lat' dir='ltr'>tis,</span> <span class='ocrx_word' id='word_1_254' title='bbox 264 2381 630 2436; x_wconf 88' lang='lat' dir='ltr'>Salahadino</span> <span class='ocrx_word' id='word_1_255' title='bbox 660 2381 1025 2447; x_wconf 87' lang='lat' dir='ltr'>concolores,</span> <span class='ocrx_word' id='word_1_256' title='bbox 1057 2381 1250 2439; x_wconf 89' lang='lat' dir='ltr'>eidem</span> <span class='ocrx_word' id='word_1_257' title='bbox 1283 2381 1540 2438; x_wconf 76' lang='lat' dir='ltr'>familia-</span> 
     </span>
     <span class='ocr_line' id='line_1_40' title="bbox 144 2469 1540 2543; baseline 0.001 -17"><span class='ocrx_word' id='word_1_258' title='bbox 144 2469 387 2526; x_wconf 88' lang='lat' dir='ltr'>tutelam</span> <span class='ocrx_word' id='word_1_259' title='bbox 439 2471 657 2543; x_wconf 87' lang='lat' dir='ltr'>proprii</span> <span class='ocrx_word' id='word_1_260' title='bbox 691 2471 957 2542; x_wconf 89' lang='lat' dir='ltr'>corporis</span> <span class='ocrx_word' id='word_1_261' title='bbox 1008 2470 1396 2526; x_wconf 83' lang='lat' dir='ltr'>assistebant.</span> <span class='ocrx_word' id='word_1_262' title='bbox 1439 2473 1540 2528; x_wconf 91' lang='lat' dir='ltr'>So-</span> 
     </span>
     <span class='ocr_line' id='line_1_41' title="bbox 137 2559 1536 2634; baseline 0.001 -19"><span class='ocrx_word' id='word_1_263' title='bbox 137 2577 191 2615; x_wconf 89' lang='lat' dir='ltr'>m</span> <span class='ocrx_word' id='word_1_264' title='bbox 213 2559 539 2615; x_wconf 88' lang='lat' dir='ltr'>Turcorum</span> <span class='ocrx_word' id='word_1_265' title='bbox 574 2564 834 2632; x_wconf 70' lang='lat' dir='ltr'>satrapas</span> <span class='ocrx_word' id='word_1_266' title='bbox 863 2561 1193 2631; x_wconf 89' lang='lat' dir='ltr'>etmajores</span> <span class='ocrx_word' id='word_1_267' title='bbox 1218 2560 1536 2634; x_wconf 88' lang='lat' dir='ltr'>principes,</span> 
     </span>
     <span class='ocr_line' id='line_1_42' title="bbox 137 2647 1537 2718; baseline 0.003 -16"><span class='ocrx_word' id='word_1_268' title='bbox 137 2649 165 2703; x_wconf 63' lang='lat' dir='ltr'>si</span> <span class='ocrx_word' id='word_1_269' title='bbox 180 2648 386 2718; x_wconf 88' lang='lat' dir='ltr'>lingua</span> <span class='ocrx_word' id='word_1_270' title='bbox 415 2648 669 2704; x_wconf 87' lang='lat' dir='ltr'>Arabica</span> <span class='ocrx_word' id='word_1_271' title='bbox 689 2653 906 2704; x_wconf 90' lang='lat' dir='ltr'>vocant</span> <span class='ocrx_word' id='word_1_272' title='bbox 923 2647 1090 2715; x_wconf 88' lang='lat' dir='ltr'>emir,</span> <span class='ocrx_word' id='word_1_273' title='bbox 1108 2649 1537 2715; x_wconf 84' lang='lat' dir='ltr'>adolescentes,</span> 
     </span>
     <span class='ocr_line' id='line_1_43' title="bbox 136 2737 1539 2810; baseline 0.001 -17"><span class='ocrx_word' id='word_1_274' title='bbox 136 2737 359 2793; x_wconf 86' lang='lat' dir='ltr'>ancillis</span> <span class='ocrx_word' id='word_1_275' title='bbox 389 2744 582 2802; x_wconf 80' lang='lat' dir='ltr'>natOS,</span> <span class='ocrx_word' id='word_1_276' title='bbox 615 2738 737 2792; x_wconf 87' lang='lat' dir='ltr'>sive</span> <span class='ocrx_word' id='word_1_277' title='bbox 769 2743 1026 2810; x_wconf 76' lang='lat' dir='ltr'>emptoS,</span> <span class='ocrx_word' id='word_1_278' title='bbox 1080 2740 1202 2794; x_wconf 87' lang='lat' dir='ltr'>sive</span> <span class='ocrx_word' id='word_1_279' title='bbox 1250 2743 1428 2810; x_wconf 88' lang='lat' dir='ltr'>capta</span> <span class='ocrx_word' id='word_1_280' title='bbox 1479 2739 1539 2794; x_wconf 89' lang='lat' dir='ltr'>in</span> 
     </span>
     <span class='ocr_line' id='line_1_44' title="bbox 139 2826 1541 2900; baseline 0.002 -19"><span class='ocrx_word' id='word_1_281' title='bbox 139 2827 439 2899; x_wconf 86' lang='lat' dir='ltr'>mancipia</span> <span class='ocrx_word' id='word_1_282' title='bbox 469 2826 736 2882; x_wconf 89' lang='lat' dir='ltr'>studiose</span> <span class='ocrx_word' id='word_1_283' title='bbox 762 2827 937 2892; x_wconf 87' lang='lat' dir='ltr'>alere,</span> <span class='ocrx_word' id='word_1_284' title='bbox 963 2827 1279 2900; x_wconf 89' lang='lat' dir='ltr'>disciplina</span> <span class='ocrx_word' id='word_1_285' title='bbox 1303 2828 1541 2884; x_wconf 86' lang='lat' dir='ltr'>militari</span> 
     </span>
     <span class='ocr_line' id='line_1_45' title="bbox 137 2914 1540 2991; baseline 0.002 -21"><span class='ocrx_word' id='word_1_286' title='bbox 137 2914 526 2988; x_wconf 88' lang='lat' dir='ltr'>·ediligenter;</span> <span class='ocrx_word' id='word_1_287' title='bbox 555 2916 771 2972; x_wconf 83' lang='lat' dir='ltr'>adultis</span> <span class='ocrx_word' id='word_1_288' title='bbox 803 2920 1024 2982; x_wconf 87' lang='lat' dir='ltr'>autem,</span> <span class='ocrx_word' id='word_1_289' title='bbox 1052 2922 1229 2990; x_wconf 91' lang='lat' dir='ltr'>prout</span> <span class='ocrx_word' id='word_1_290' title='bbox 1249 2918 1540 2991; x_wconf 89' lang='lat' dir='ltr'>cujusque</span> 
     </span>
    </p>
   </div>
   <div class='ocr_carea' id='block_1_10' title="bbox 1641 1754 3308 2809">
    <p class='ocr_par' dir='ltr' id='par_1_11' title="bbox 1641 1754 3308 2809">
     <span class='ocr_line' id='line_1_46' title="bbox 1641 1754 3308 1825; baseline 0.002 -12"><span class='ocrx_word' id='word_1_291' title='bbox 1641 1757 2037 1813; x_wconf 88' lang='lat' dir='ltr'>memorabile</span> <span class='ocrx_word' id='word_1_292' title='bbox 2075 1755 2459 1823; x_wconf 79' lang='lat' dir='ltr'>beneficium,</span> <span class='ocrx_word' id='word_1_293' title='bbox 2509 1754 2819 1825; x_wconf 89' lang='lat' dir='ltr'>divinitus,</span> <span class='ocrx_word' id='word_1_294' title='bbox 2862 1774 3024 1815; x_wconf 91' lang='lat' dir='ltr'>anno</span> <span class='ocrx_word' id='word_1_295' title='bbox 3067 1759 3308 1816; x_wconf 87' lang='lat' dir='ltr'>domini</span> 
     </span>
     <span class='ocr_line' id='line_1_47' title="bbox 1643 1845 3300 1918; baseline 0 -16"><span class='ocrx_word' id='word_1_296' title='bbox 1643 1846 1914 1902; x_wconf 87' lang='lat' dir='ltr'>Balduini</span> <span class='ocrx_word' id='word_1_297' title='bbox 1941 1845 2137 1918; x_wconf 85' lang='lat' dir='ltr'>quarti</span> <span class='ocrx_word' id='word_1_298' title='bbox 2171 1846 2359 1912; x_wconf 82' lang='lat' dir='ltr'>tertie,</span> <span class='ocrx_word' id='word_1_299' title='bbox 2396 1861 2599 1901; x_wconf 89' lang='lat' dir='ltr'>mense</span> <span class='ocrx_word' id='word_1_300' title='bbox 2642 1847 2990 1913; x_wconf 84' lang='lat' dir='ltr'>Novembre,</span> <span class='ocrx_word' id='word_1_301' title='bbox 3045 1862 3125 1906; x_wconf 80' lang='lat' dir='ltr'>vn</span> <span class='ocrx_word' id='word_1_302' title='bbox 3172 1848 3300 1904; x_wconf 85' lang='lat' dir='ltr'>Kal.</span> 
     </span>
     <span class='ocr_line' id='line_1_48' title="bbox 1644 1934 3300 2008; baseline 0.002 -19"><span class='ocrx_word' id='word_1_303' title='bbox 1644 1934 2009 2001; x_wconf 88' lang='lat' dir='ltr'>Decembris,</span> <span class='ocrx_word' id='word_1_304' title='bbox 2040 1934 2135 1989; x_wconf 87' lang='lat' dir='ltr'>die</span> <span class='ocrx_word' id='word_1_305' title='bbox 2177 1934 2327 1991; x_wconf 85' lang='lat' dir='ltr'>festo</span> <span class='ocrx_word' id='word_1_306' title='bbox 2383 1935 2735 1992; x_wconf 90' lang='lat' dir='ltr'>Sanctorum</span> <span class='ocrx_word' id='word_1_307' title='bbox 2780 1943 3116 2008; x_wconf 88' lang='lat' dir='ltr'>martyrum</span> <span class='ocrx_word' id='word_1_308' title='bbox 3146 1937 3300 1994; x_wconf 87' lang='lat' dir='ltr'>Petri</span> 
     </span>
     <span class='ocr_line' id='line_1_49' title="bbox 1643 2021 3300 2094; baseline 0.002 -14"><span class='ocrx_word' id='word_1_309' title='bbox 1643 2023 2029 2080; x_wconf 77' lang='lat' dir='ltr'>Alexandrini</span> <span class='ocrx_word' id='word_1_310' title='bbox 2057 2028 2115 2079; x_wconf 94' lang='lat' dir='ltr'>et</span> <span class='ocrx_word' id='word_1_311' title='bbox 2144 2021 2472 2079; x_wconf 79' lang='lat' dir='ltr'>Catherinae</span> <span class='ocrx_word' id='word_1_312' title='bbox 2496 2024 2759 2094; x_wconf 88' lang='lat' dir='ltr'>virginis.</span> <span class='ocrx_word' id='word_1_313' title='bbox 2791 2026 3079 2082; x_wconf 86' lang='lat' dir='ltr'>Reversus</span> <span class='ocrx_word' id='word_1_314' title='bbox 3099 2033 3300 2083; x_wconf 89' lang='lat' dir='ltr'>autem</span> 
     </span>
     <span class='ocr_line' id='line_1_50' title="bbox 1644 2111 3303 2188; baseline 0.001 -19"><span class='ocrx_word' id='word_1_315' title='bbox 1644 2112 1930 2169; x_wconf 89' lang='lat' dir='ltr'>dominus</span> <span class='ocrx_word' id='word_1_316' title='bbox 1940 2127 2043 2168; x_wconf 85' lang='lat' dir='ltr'>rex</span> <span class='ocrx_word' id='word_1_317' title='bbox 2054 2111 2780 2184; x_wconf 86' lang='lat' dir='ltr'>Ascalonam,exspectavi</span> <span class='ocrx_word' id='word_1_318' title='bbox 2789 2118 3135 2188; x_wconf 84' lang='lat' dir='ltr'>tquousque</span> <span class='ocrx_word' id='word_1_319' title='bbox 3157 2129 3303 2171; x_wconf 87' lang='lat' dir='ltr'>suos</span> 
     </span>
     <span class='ocr_line' id='line_1_51' title="bbox 1643 2200 3304 2274; baseline 0.001 -16"><span class='ocrx_word' id='word_1_320' title='bbox 1643 2201 1951 2274; x_wconf 85' lang='lat' dir='ltr'>reciperet,</span> <span class='ocrx_word' id='word_1_321' title='bbox 1987 2200 2089 2274; x_wconf 85' lang='lat' dir='ltr'>qui</span> <span class='ocrx_word' id='word_1_322' title='bbox 2130 2201 2381 2257; x_wconf 84' lang='lat' dir='ltr'>diversis</span> <span class='ocrx_word' id='word_1_323' title='bbox 2426 2202 2734 2258; x_wconf 86' lang='lat' dir='ltr'>itineribus</span> <span class='ocrx_word' id='word_1_324' title='bbox 2783 2203 3036 2260; x_wconf 84' lang='lat' dir='ltr'>insecuti</span> <span class='ocrx_word' id='word_1_325' title='bbox 3067 2202 3304 2260; x_wconf 83' lang='lat' dir='ltr'>fuerant</span> 
     </span>
     <span class='ocr_line' id='line_1_52' title="bbox 1646 2289 3304 2364; baseline 0.001 -17"><span class='ocrx_word' id='word_1_326' title='bbox 1646 2290 1967 2363; x_wconf 76' lang='lat' dir='ltr'>fugientes,</span> <span class='ocrx_word' id='word_1_327' title='bbox 2000 2306 2155 2363; x_wconf 91' lang='lat' dir='ltr'>quos</span> <span class='ocrx_word' id='word_1_328' title='bbox 2205 2290 2360 2347; x_wconf 79' lang='lat' dir='ltr'>infra</span> <span class='ocrx_word' id='word_1_329' title='bbox 2388 2289 2516 2346; x_wconf 91' lang='lat' dir='ltr'>dies</span> <span class='ocrx_word' id='word_1_330' title='bbox 2545 2297 2806 2363; x_wconf 86' lang='lat' dir='ltr'>quatuor</span> <span class='ocrx_word' id='word_1_331' title='bbox 2857 2291 3175 2364; x_wconf 82' lang='lat' dir='ltr'>recollegit.</span> <span class='ocrx_word' id='word_1_332' title='bbox 3211 2292 3304 2349; x_wconf 86' lang='lat' dir='ltr'>vi-</span> 
     </span>
     <span class='ocr_line' id='line_1_53' title="bbox 1646 2378 3303 2453; baseline 0.001 -17"><span class='ocrx_word' id='word_1_333' title='bbox 1646 2378 1786 2436; x_wconf 86' lang='lat' dir='ltr'>dere</span> <span class='ocrx_word' id='word_1_334' title='bbox 1815 2383 1941 2436; x_wconf 88' lang='lat' dir='ltr'>erat</span> <span class='ocrx_word' id='word_1_335' title='bbox 1962 2378 2302 2444; x_wconf 85' lang='lat' dir='ltr'>redeuntes,</span> <span class='ocrx_word' id='word_1_336' title='bbox 2349 2378 2654 2435; x_wconf 87' lang='lat' dir='ltr'>manubiis</span> <span class='ocrx_word' id='word_1_337' title='bbox 2694 2384 2965 2444; x_wconf 89' lang='lat' dir='ltr'>onustos,</span> <span class='ocrx_word' id='word_1_338' title='bbox 2996 2379 3303 2453; x_wconf 86' lang='lat' dir='ltr'>mancipia</span> 
     </span>
     <span class='ocr_line' id='line_1_54' title="bbox 1647 2467 3302 2541; baseline 0.001 -17"><span class='ocrx_word' id='word_1_339' title='bbox 1647 2469 1978 2535; x_wconf 87' lang='lat' dir='ltr'>trahentes,</span> <span class='ocrx_word' id='word_1_340' title='bbox 2010 2467 2381 2523; x_wconf 84' lang='lat' dir='ltr'>camelorum</span> <span class='ocrx_word' id='word_1_341' title='bbox 2425 2472 2719 2534; x_wconf 87' lang='lat' dir='ltr'>armenta,</span> <span class='ocrx_word' id='word_1_342' title='bbox 2776 2483 2985 2541; x_wconf 86' lang='lat' dir='ltr'>equos,</span> <span class='ocrx_word' id='word_1_343' title='bbox 3046 2467 3302 2526; x_wconf 85' lang='lat' dir='ltr'>tentoria</span> 
     </span>
     <span class='ocr_line' id='line_1_55' title="bbox 1647 2556 3299 2631; baseline -0.001 -17"><span class='ocrx_word' id='word_1_344' title='bbox 1647 2556 2358 2623; x_wconf 77' lang='lat' dir='ltr'>referentes,exsultantes</span> <span class='ocrx_word' id='word_1_345' title='bbox 2378 2557 2711 2613; x_wconf 87' lang='lat' dir='ltr'>seeundum</span> <span class='ocrx_word' id='word_1_346' title='bbox 2727 2556 3037 2631; x_wconf 67' lang='lat' dir='ltr'>Prophetae</span> <span class='ocrx_word' id='word_1_347' title='bbox 3051 2559 3299 2615; x_wconf 88' lang='lat' dir='ltr'>dictum:</span> 
     </span>
     <span class='ocr_line' id='line_1_56' title="bbox 1651 2646 3303 2719; baseline 0.001 -17"><span class='ocrx_word' id='word_1_348' title='bbox 1651 2646 1833 2715; x_wconf 84' lang='lat' dir='ltr'>Quasi</span> <span class='ocrx_word' id='word_1_349' title='bbox 1854 2647 2100 2704; x_wconf 75' lang='lat' dir='ltr'>victores</span> <span class='ocrx_word' id='word_1_350' title='bbox 2120 2652 2297 2716; x_wconf 84' lang='lat' dir='ltr'>capta</span> <span class='ocrx_word' id='word_1_351' title='bbox 2312 2646 2544 2718; x_wconf 77' lang='lat' dir='ltr'>praeda,</span> <span class='ocrx_word' id='word_1_352' title='bbox 2560 2646 2800 2719; x_wconf 81' lang='lat' dir='ltr'>quando</span> <span class='ocrx_word' id='word_1_353' title='bbox 2814 2646 3093 2704; x_wconf 76' lang='lat' dir='ltr'>dividunt</span> <span class='ocrx_word' id='word_1_354' title='bbox 3114 2647 3303 2718; x_wconf 78' lang='lat' dir='ltr'>spolia</span> 
     </span>
     <span class='ocr_line' id='line_1_57' title="bbox 1651 2735 2013 2809; baseline 0.008 -18"><span class='ocrx_word' id='word_1_355' title='bbox 1651 2735 1794 2809; x_wconf 84' lang='lat' dir='ltr'>(lsa.</span> <span class='ocrx_word' id='word_1_356' title='bbox 1826 2751 1907 2803; x_wconf 76' lang='lat' dir='ltr'>ix,</span> <span class='ocrx_word' id='word_1_357' title='bbox 1927 2738 2013 2808; x_wconf 82' lang='lat'>5).</span> 
     </span>
    </p>
   </div>
   <div class='ocr_carea' id='block_1_11' title="bbox 1649 2840 3305 3025">
    <p class='ocr_par' dir='ltr' id='par_1_12' title="bbox 1649 2840 3305 3025">
     <span class='ocr_line' id='line_1_58' title="bbox 2260 2840 2699 2901; baseline -0.002 0"><span class='ocrx_word' id='word_1_358' title='bbox 2260 2840 2485 2901; x_wconf 82' lang='lat' dir='ltr'><strong>CAPUT</strong></span> <span class='ocrx_word' id='word_1_359' title='bbox 2517 2840 2699 2900; x_wconf 86' lang='lat' dir='ltr'><strong>XXIV.</strong></span> 
     </span>
     <span class='ocr_line' id='line_1_59' title="bbox 1649 2950 3305 3025; baseline -0.002 -15"><span class='ocrx_word' id='word_1_360' title='bbox 1649 2952 2014 3010; x_wconf 79' lang='lat' dir='ltr'>Pluviarum</span> <span class='ocrx_word' id='word_1_361' title='bbox 2053 2950 2428 3021; x_wconf 64' lang='lat' dir='ltr'>intemperies</span> <span class='ocrx_word' id='word_1_362' title='bbox 2455 2956 2510 3007; x_wconf 86' lang='lat' dir='ltr'>et</span> <span class='ocrx_word' id='word_1_363' title='bbox 2532 2950 2726 3022; x_wconf 75' lang='lat' dir='ltr'>triyus</span> <span class='ocrx_word' id='word_1_364' title='bbox 2742 2950 3049 3009; x_wconf 78' lang='lat' dir='ltr'>insolitum</span> <span class='ocrx_word' id='word_1_365' title='bbox 3076 2966 3171 3009; x_wconf 79' lang='lat' dir='ltr'>eos</span> <span class='ocrx_word' id='word_1_366' title='bbox 3201 2951 3305 3025; x_wconf 78' lang='lat' dir='ltr'>qui</span> 
     </span>
    </p>
   </div>
   <div class='ocr_carea' id='block_1_12' title="bbox 137 3005 3302 3095">
    <p class='ocr_par' dir='ltr' id='par_1_13' title="bbox 137 3005 3302 3095">
     <span class='ocr_line' id='line_1_60' title="bbox 137 3005 3302 3095; baseline 0.001 -18"><span class='ocrx_word' id='word_1_367' title='bbox 137 3005 389 3070; x_wconf 65' lang='lat' dir='ltr'>ffirilum·</span> <span class='ocrx_word' id='word_1_368' title='bbox 425 3005 566 3060; x_wconf 85' lang='lat' dir='ltr'>dare</span> <span class='ocrx_word' id='word_1_369' title='bbox 598 3005 893 3078; x_wconf 86' lang='lat' dir='ltr'>stipendia</span> <span class='ocrx_word' id='word_1_370' title='bbox 919 3012 975 3060; x_wconf 66' lang='lat'>0²</span> <span class='ocrx_word' id='word_1_371' title='bbox 1002 3005 1201 3077; x_wconf 55' lang='lat' dir='ltr'>largas</span> <span class='ocrx_word' id='word_1_372' title='bbox 1222 3008 1395 3062; x_wconf 59' lang='lat' dir='ltr'>etiam</span> <span class='ocrx_word' id='word_1_373' title='bbox 1413 3023 1542 3079; x_wconf 67' lang='lat'>1³0⁵·</span> <span class='ocrx_word' id='word_1_374' title='bbox 1575 3040 1616 3095; x_wconf 79' lang='lat' dir='ltr'>C</span> <span class='ocrx_word' id='word_1_375' title='bbox 1721 3040 1796 3081; x_wconf 77' lang='lat' dir='ltr'>esc</span> <span class='ocrx_word' id='word_1_376' title='bbox 1816 3024 1943 3082; x_wconf 79' lang='lat' dir='ltr'>acie</span> <span class='ocrx_word' id='word_1_377' title='bbox 1967 3024 2278 3094; x_wconf 76' lang='lat' dir='ltr'>fuqerant,</span> <span class='ocrx_word' id='word_1_378' title='bbox 2303 3023 2574 3091; x_wconf 74' lang='lat' dir='ltr'>fatiyant</span> <span class='ocrx_word' id='word_1_379' title='bbox 2594 3038 2783 3091; x_wconf 81' lang='lat' dir='ltr'>supra</span> <span class='ocrx_word' id='word_1_380' title='bbox 2803 3022 2955 3079; x_wconf 80' lang='lat' dir='ltr'>vires</span> <span class='ocrx_word' id='word_1_381' title='bbox 2977 3046 2997 3094; x_wconf 89' lang='lat'>,·</span> <span class='ocrx_word' id='word_1_382' title='bbox 3026 3022 3302 3080; x_wconf 81' lang='lat' dir='ltr'>occidun-</span> 
     </span>
    </p>
   </div>
   <div class='ocr_carea' id='block_1_13' title="bbox 136 3091 1549 5568">
    <p class='ocr_par' dir='ltr' id='par_1_14' title="bbox 136 3091 1549 5568">
     <span class='ocr_line' id='line_1_61' title="bbox 137 3091 1540 3160; baseline 0.002 -11"><span class='ocrx_word' id='word_1_383' title='bbox 137 3110 184 3149; x_wconf 68' lang='lat' dir='ltr'>3s</span> <span class='ocrx_word' id='word_1_384' title='bbox 211 3091 480 3149; x_wconf 87' lang='lat' dir='ltr'>conferre</span> <span class='ocrx_word' id='word_1_385' title='bbox 512 3111 523 3160; x_wconf 93' lang='lat'>;</span> <span class='ocrx_word' id='word_1_386' title='bbox 549 3093 608 3149; x_wconf 91' lang='lat' dir='ltr'>in</span> <span class='ocrx_word' id='word_1_387' title='bbox 635 3093 832 3149; x_wconf 88' lang='lat' dir='ltr'>dubiis</span> <span class='ocrx_word' id='word_1_388' title='bbox 846 3099 1043 3150; x_wconf 84' lang='lat' dir='ltr'>autem</span> <span class='ocrx_word' id='word_1_389' title='bbox 1062 3093 1348 3150; x_wconf 89' lang='lat' dir='ltr'>bellorum</span> <span class='ocrx_word' id='word_1_390' title='bbox 1365 3111 1540 3152; x_wconf 84' lang='lat' dir='ltr'>even-</span> 
     </span>
     <span class='ocr_line' id='line_1_62' title="bbox 142 3181 1542 3255; baseline 0.004 -18"><span class='ocrx_word' id='word_1_391' title='bbox 142 3181 320 3255; x_wconf 83' lang='lat' dir='ltr'>roprii</span> <span class='ocrx_word' id='word_1_392' title='bbox 352 3183 746 3238; x_wconf 89' lang='lat' dir='ltr'>conservandi</span> <span class='ocrx_word' id='word_1_393' title='bbox 812 3183 1076 3255; x_wconf 89' lang='lat' dir='ltr'>corporis</span> <span class='ocrx_word' id='word_1_394' title='bbox 1101 3183 1291 3240; x_wconf 91' lang='lat' dir='ltr'>solent</span> <span class='ocrx_word' id='word_1_395' title='bbox 1320 3184 1411 3240; x_wconf 89' lang='lat' dir='ltr'>bis</span> <span class='ocrx_word' id='word_1_396' title='bbox 1438 3201 1542 3242; x_wconf 86' lang='lat' dir='ltr'>eu-</span> 
     </span>
     <span class='ocr_line' id='line_1_63' title="bbox 137 3270 1540 3345; baseline 0.001 -18"><span class='ocrx_word' id='word_1_397' title='bbox 137 3270 425 3327; x_wconf 87' lang='lat' dir='ltr'>mmittere</span> <span class='ocrx_word' id='word_1_398' title='bbox 474 3275 530 3327; x_wconf 87' lang='lat' dir='ltr'>et</span> <span class='ocrx_word' id='word_1_399' title='bbox 580 3271 652 3327; x_wconf 92' lang='lat' dir='ltr'>de</span> <span class='ocrx_word' id='word_1_400' title='bbox 707 3272 1036 3328; x_wconf 89' lang='lat' dir='ltr'>obtinenda</span> <span class='ocrx_word' id='word_1_401' title='bbox 1086 3271 1324 3329; x_wconf 88' lang='lat' dir='ltr'>victoria</span> <span class='ocrx_word' id='word_1_402' title='bbox 1370 3288 1540 3345; x_wconf 90' lang='lat' dir='ltr'>spem</span> 
     </span>
     <span class='ocr_line' id='line_1_64' title="bbox 137 3360 1541 3431; baseline 0.002 -16"><span class='ocrx_word' id='word_1_403' title='bbox 137 3376 247 3416; x_wconf 87' lang='lat' dir='ltr'>non</span> <span class='ocrx_word' id='word_1_404' title='bbox 266 3360 564 3415; x_wconf 88' lang='lat' dir='ltr'>modicam</span> <span class='ocrx_word' id='word_1_405' title='bbox 592 3378 605 3414; x_wconf 90' lang='lat'>:</span> <span class='ocrx_word' id='word_1_406' title='bbox 631 3360 959 3431; x_wconf 91' lang='lat' dir='ltr'>hoslingua</span> <span class='ocrx_word' id='word_1_407' title='bbox 976 3377 1084 3417; x_wconf 85' lang='lat' dir='ltr'>sua</span> <span class='ocrx_word' id='word_1_408' title='bbox 1099 3364 1541 3418; x_wconf 80' lang='lat' dir='ltr'>vocantMame·</span> 
     </span>
     <span class='ocr_line' id='line_1_65' title="bbox 137 3450 1542 3521; baseline 0.003 -17"><span class='ocrx_word' id='word_1_409' title='bbox 137 3450 473 3505; x_wconf 66' lang='lat' dir='ltr'>assistentes</span> <span class='ocrx_word' id='word_1_410' title='bbox 505 3450 752 3505; x_wconf 92' lang='lat' dir='ltr'>domino</span> <span class='ocrx_word' id='word_1_411' title='bbox 786 3466 896 3505; x_wconf 91' lang='lat' dir='ltr'>suo</span> <span class='ocrx_word' id='word_1_412' title='bbox 915 3457 1379 3521; x_wconf 85' lang='lat' dir='ltr'>perseveranter,</span> <span class='ocrx_word' id='word_1_413' title='bbox 1398 3466 1542 3509; x_wconf 89' lang='lat' dir='ltr'>una·</span> 
     </span>
     <span class='ocr_line' id='line_1_66' title="bbox 145 3536 1543 3611; baseline 0.001 -17"><span class='ocrx_word' id='word_1_414' title='bbox 145 3536 223 3594; x_wconf 89' lang='lat' dir='ltr'>ab</span> <span class='ocrx_word' id='word_1_415' title='bbox 250 3554 320 3594; x_wconf 87' lang='lat' dir='ltr'>eo</span> <span class='ocrx_word' id='word_1_416' title='bbox 339 3538 682 3594; x_wconf 89' lang='lat' dir='ltr'>nitebantur</span> <span class='ocrx_word' id='word_1_417' title='bbox 697 3538 1325 3611; x_wconf 87' lang='lat' dir='ltr'>propulsareinjurias,</span> <span class='ocrx_word' id='word_1_418' title='bbox 1359 3546 1414 3597; x_wconf 92' lang='lat' dir='ltr'>et</span> <span class='ocrx_word' id='word_1_419' title='bbox 1447 3557 1543 3596; x_wconf 89' lang='lat' dir='ltr'>us-</span> 
     </span>
     <span class='ocr_line' id='line_1_67' title="bbox 136 3627 1538 3686; baseline 0.003 -4"><span class='ocrx_word' id='word_1_420' title='bbox 136 3632 390 3684; x_wconf 89' lang='lat' dir='ltr'>mortem</span> <span class='ocrx_word' id='word_1_421' title='bbox 414 3642 534 3682; x_wconf 92' lang='lat' dir='ltr'>non</span> <span class='ocrx_word' id='word_1_422' title='bbox 561 3628 900 3685; x_wconf 87' lang='lat' dir='ltr'>destituere.</span> <span class='ocrx_word' id='word_1_423' title='bbox 931 3627 996 3682; x_wconf 80' lang='lat' dir='ltr'>ni</span> <span class='ocrx_word' id='word_1_424' title='bbox 1015 3644 1158 3684; x_wconf 88' lang='lat' dir='ltr'>sane</span> <span class='ocrx_word' id='word_1_425' title='bbox 1189 3629 1248 3683; x_wconf 91' lang='lat' dir='ltr'>in</span> <span class='ocrx_word' id='word_1_426' title='bbox 1267 3627 1538 3686; x_wconf 89' lang='lat' dir='ltr'>conflictu</span> 
     </span>
     <span class='ocr_line' id='line_1_68' title="bbox 137 3715 1537 3788; baseline 0.005 -19"><span class='ocrx_word' id='word_1_427' title='bbox 137 3715 757 3788; x_wconf 78' lang='lat' dir='ltr'>ranteS,quoadusque</span> <span class='ocrx_word' id='word_1_428' title='bbox 773 3715 1292 3786; x_wconf 83' lang='lat' dir='ltr'>sugeretdominus</span> <span class='ocrx_word' id='word_1_429' title='bbox 1308 3734 1537 3784; x_wconf 89' lang='lat' dir='ltr'>eorum,</span> 
     </span>
     <span class='ocr_line' id='line_1_69' title="bbox 138 3805 1540 3880; baseline 0.004 -20"><span class='ocrx_word' id='word_1_430' title='bbox 138 3805 244 3860; x_wconf 89' lang='lat' dir='ltr'>iter</span> <span class='ocrx_word' id='word_1_431' title='bbox 265 3806 678 3877; x_wconf 87' lang='lat' dir='ltr'>perstiterunt;</span> <span class='ocrx_word' id='word_1_432' title='bbox 710 3806 866 3862; x_wconf 88' lang='lat' dir='ltr'>unde</span> <span class='ocrx_word' id='word_1_433' title='bbox 895 3807 1139 3877; x_wconf 87' lang='lat' dir='ltr'>contigit</span> <span class='ocrx_word' id='word_1_434' title='bbox 1158 3807 1345 3880; x_wconf 92' lang='lat' dir='ltr'>quod,</span> <span class='ocrx_word' id='word_1_435' title='bbox 1371 3811 1540 3865; x_wconf 79' lang='lat' dir='ltr'>caete·</span> 
     </span>
     <span class='ocr_line' id='line_1_70' title="bbox 156 3892 1538 3967; baseline 0.004 -18"><span class='ocrx_word' id='word_1_436' title='bbox 156 3892 400 3967; x_wconf 78' lang='lat' dir='ltr'>elapsiS‚</span> <span class='ocrx_word' id='word_1_437' title='bbox 427 3893 486 3948; x_wconf 88' lang='lat' dir='ltr'>hi</span> <span class='ocrx_word' id='word_1_438' title='bbox 512 3910 664 3966; x_wconf 90' lang='lat' dir='ltr'>pene</span> <span class='ocrx_word' id='word_1_439' title='bbox 690 3910 903 3950; x_wconf 85' lang='lat' dir='ltr'>omnes</span> <span class='ocrx_word' id='word_1_440' title='bbox 927 3895 1372 3953; x_wconf 88' lang='lat' dir='ltr'>occumberent.</span> <span class='ocrx_word' id='word_1_441' title='bbox 1389 3899 1538 3954; x_wconf 92' lang='lat' dir='ltr'>Con-</span> 
     </span>
     <span class='ocr_line' id='line_1_71' title="bbox 137 3983 1541 4057; baseline 0.004 -19"><span class='ocrx_word' id='word_1_442' title='bbox 137 3998 290 4057; x_wconf 87' lang='lat' dir='ltr'>aque</span> <span class='ocrx_word' id='word_1_443' title='bbox 312 3983 587 4039; x_wconf 87' lang='lat' dir='ltr'>hostibus</span> <span class='ocrx_word' id='word_1_444' title='bbox 612 3984 665 4038; x_wconf 89' lang='lat' dir='ltr'>in</span> <span class='ocrx_word' id='word_1_445' title='bbox 683 3983 909 4054; x_wconf 83' lang='lat' dir='ltr'>sugam,</span> <span class='ocrx_word' id='word_1_446' title='bbox 927 3984 1176 4040; x_wconf 74' lang='lat' dir='ltr'>insecuti</span> <span class='ocrx_word' id='word_1_447' title='bbox 1201 3990 1338 4042; x_wconf 87' lang='lat' dir='ltr'>suut</span> <span class='ocrx_word' id='word_1_448' title='bbox 1358 3988 1541 4043; x_wconf 89' lang='lat' dir='ltr'>nostri</span> 
     </span>
     <span class='ocr_line' id='line_1_72' title="bbox 137 4070 1542 4147; baseline 0.004 -21"><span class='ocrx_word' id='word_1_449' title='bbox 137 4072 274 4136; x_wconf 91' lang='lat' dir='ltr'>lum,</span> <span class='ocrx_word' id='word_1_450' title='bbox 308 4070 592 4129; x_wconf 89' lang='lat' dir='ltr'>inclinata</span> <span class='ocrx_word' id='word_1_451' title='bbox 613 4073 737 4142; x_wconf 86' lang='lat' dir='ltr'>jam</span> <span class='ocrx_word' id='word_1_452' title='bbox 766 4072 881 4139; x_wconf 89' lang='lat' dir='ltr'>die,</span> <span class='ocrx_word' id='word_1_453' title='bbox 902 4089 1021 4129; x_wconf 82' lang='lat' dir='ltr'>uox</span> <span class='ocrx_word' id='word_1_454' title='bbox 1054 4075 1300 4130; x_wconf 89' lang='lat' dir='ltr'>irrueret</span> <span class='ocrx_word' id='word_1_455' title='bbox 1322 4094 1340 4147; x_wconf 78' lang='lat'>3</span> <span class='ocrx_word' id='word_1_456' title='bbox 1362 4076 1441 4132; x_wconf 87' lang='lat' dir='ltr'>ab</span> <span class='ocrx_word' id='word_1_457' title='bbox 1470 4091 1542 4132; x_wconf 90' lang='lat' dir='ltr'>eo</span> 
     </span>
     <span class='ocr_line' id='line_1_73' title="bbox 137 4160 1542 4236; baseline 0.004 -21"><span class='ocrx_word' id='word_1_458' title='bbox 137 4160 153 4215; x_wconf 92' lang='lat' dir='ltr'>i</span> <span class='ocrx_word' id='word_1_459' title='bbox 185 4161 396 4217; x_wconf 91' lang='lat' dir='ltr'>dicitur</span> <span class='ocrx_word' id='word_1_460' title='bbox 427 4164 588 4217; x_wconf 77' lang='lat' dir='ltr'>Mons</span> <span class='ocrx_word' id='word_1_461' title='bbox 645 4161 890 4226; x_wconf 87' lang='lat' dir='ltr'>Gisardi,</span> <span class='ocrx_word' id='word_1_462' title='bbox 931 4178 1122 4234; x_wconf 86' lang='lat' dir='ltr'>usque</span> <span class='ocrx_word' id='word_1_463' title='bbox 1154 4163 1230 4218; x_wconf 92' lang='lat' dir='ltr'>ad</span> <span class='ocrx_word' id='word_1_464' title='bbox 1260 4162 1542 4236; x_wconf 87' lang='lat' dir='ltr'>paludem</span> 
     </span>
     <span class='ocr_line' id='line_1_74' title="bbox 142 4250 1540 4321; baseline 0.004 -17"><span class='ocrx_word' id='word_1_465' title='bbox 142 4267 230 4306; x_wconf 83' lang='lat' dir='ltr'>uae</span> <span class='ocrx_word' id='word_1_466' title='bbox 261 4250 438 4321; x_wconf 87' lang='lat' dir='ltr'>vulgo</span> <span class='ocrx_word' id='word_1_467' title='bbox 466 4250 683 4307; x_wconf 90' lang='lat' dir='ltr'>dicitur</span> <span class='ocrx_word' id='word_1_468' title='bbox 701 4253 1028 4307; x_wconf 86' lang='lat' dir='ltr'>Caunetum</span> <span class='ocrx_word' id='word_1_469' title='bbox 1049 4250 1540 4309; x_wconf 88' lang='lat' dir='ltr'>Esturnellorum.</span> 
     </span>
     <span class='ocr_line' id='line_1_75' title="bbox 145 4338 1547 4412; baseline 0.004 -17"><span class='ocrx_word' id='word_1_470' title='bbox 145 4345 262 4396; x_wconf 88' lang='lat' dir='ltr'>tem</span> <span class='ocrx_word' id='word_1_471' title='bbox 292 4338 390 4395; x_wconf 92' lang='lat' dir='ltr'>illo</span> <span class='ocrx_word' id='word_1_472' title='bbox 416 4338 572 4411; x_wconf 83' lang='lat' dir='ltr'>fugae</span> <span class='ocrx_word' id='word_1_473' title='bbox 617 4345 880 4411; x_wconf 89' lang='lat' dir='ltr'>tempore</span> <span class='ocrx_word' id='word_1_474' title='bbox 902 4345 957 4395; x_wconf 90' lang='lat' dir='ltr'>et</span> <span class='ocrx_word' id='word_1_475' title='bbox 977 4341 1187 4412; x_wconf 89' lang='lat' dir='ltr'>spatio,</span> <span class='ocrx_word' id='word_1_476' title='bbox 1223 4358 1344 4398; x_wconf 91' lang='lat' dir='ltr'>non</span> <span class='ocrx_word' id='word_1_477' title='bbox 1372 4341 1547 4401; x_wconf 88' lang='lat' dir='ltr'>desiit</span> 
     </span>
     <span class='ocr_line' id='line_1_76' title="bbox 138 4428 1545 4503; baseline 0.004 -20"><span class='ocrx_word' id='word_1_478' title='bbox 138 4434 409 4498; x_wconf 78' lang='lat' dir='ltr'>istrages</span> <span class='ocrx_word' id='word_1_479' title='bbox 440 4428 564 4486; x_wconf 88' lang='lat' dir='ltr'>fieri</span> <span class='ocrx_word' id='word_1_480' title='bbox 593 4435 899 4496; x_wconf 79' lang='lat' dir='ltr'>continua,</span> <span class='ocrx_word' id='word_1_481' title='bbox 948 4446 1052 4503; x_wconf 90' lang='lat' dir='ltr'>per</span> <span class='ocrx_word' id='word_1_482' title='bbox 1102 4430 1422 4488; x_wconf 90' lang='lat' dir='ltr'>duodecim</span> <span class='ocrx_word' id='word_1_483' title='bbox 1458 4433 1545 4489; x_wconf 88' lang='lat' dir='ltr'>vel</span> 
     </span>
     <span class='ocr_line' id='line_1_77' title="bbox 137 4514 1547 4591; baseline 0.004 -23"><span class='ocrx_word' id='word_1_484' title='bbox 137 4514 430 4572; x_wconf 65' lang='lat' dir='ltr'>milliaria</span> <span class='ocrx_word' id='word_1_485' title='bbox 447 4535 460 4580; x_wconf 72' lang='grc' dir='ltr'><strong>ς</strong></span> <span class='ocrx_word' id='word_1_486' title='bbox 479 4534 585 4572; x_wconf 89' lang='lat' dir='ltr'>nec</span> <span class='ocrx_word' id='word_1_487' title='bbox 598 4517 670 4572; x_wconf 89' lang='lat' dir='ltr'>de</span> <span class='ocrx_word' id='word_1_488' title='bbox 685 4516 846 4573; x_wconf 87' lang='lat' dir='ltr'>omui</span> <span class='ocrx_word' id='word_1_489' title='bbox 865 4535 1101 4574; x_wconf 86' lang='lat' dir='ltr'>numero</span> <span class='ocrx_word' id='word_1_490' title='bbox 1116 4520 1547 4591; x_wconf 82' lang='lat' dir='ltr'>superfuissent.</span> 
     </span>
     <span class='ocr_line' id='line_1_78' title="bbox 137 4604 1543 4681; baseline 0.002 -21"><span class='ocrx_word' id='word_1_491' title='bbox 137 4604 370 4661; x_wconf 83' lang='lat' dir='ltr'>nisinox</span> <span class='ocrx_word' id='word_1_492' title='bbox 393 4607 737 4677; x_wconf 88' lang='lat' dir='ltr'>importune</span> <span class='ocrx_word' id='word_1_493' title='bbox 767 4607 1023 4671; x_wconf 88' lang='lat' dir='ltr'>irruens,</span> <span class='ocrx_word' id='word_1_494' title='bbox 1058 4606 1543 4681; x_wconf 86' lang='lat' dir='ltr'>persequentium</span> 
     </span>
     <span class='ocr_line' id='line_1_79' title="bbox 137 4692 1546 4770; baseline 0.002 -22"><span class='ocrx_word' id='word_1_495' title='bbox 137 4692 468 4766; x_wconf 88' lang='lat' dir='ltr'>eripuisset.</span> <span class='ocrx_word' id='word_1_496' title='bbox 506 4696 574 4752; x_wconf 91' lang='lat' dir='ltr'>Ut</span> <span class='ocrx_word' id='word_1_497' title='bbox 600 4700 800 4751; x_wconf 86' lang='lat' dir='ltr'>autem</span> <span class='ocrx_word' id='word_1_498' title='bbox 834 4694 1170 4770; x_wconf 86' lang='lat' dir='ltr'>expeditius</span> <span class='ocrx_word' id='word_1_499' title='bbox 1195 4701 1440 4768; x_wconf 88' lang='lat' dir='ltr'>possent</span> <span class='ocrx_word' id='word_1_500' title='bbox 1462 4696 1546 4751; x_wconf 76' lang='lat' dir='ltr'>fu-</span> 
     </span>
     <span class='ocr_line' id='line_1_80' title="bbox 140 4781 1542 4854; baseline 0.001 -17"><span class='ocrx_word' id='word_1_501' title='bbox 140 4781 314 4838; x_wconf 90' lang='lat' dir='ltr'>saluti</span> <span class='ocrx_word' id='word_1_502' title='bbox 336 4781 667 4848; x_wconf 89' lang='lat' dir='ltr'>consulere,</span> <span class='ocrx_word' id='word_1_503' title='bbox 692 4784 938 4854; x_wconf 86' lang='lat' dir='ltr'>abjectis</span> <span class='ocrx_word' id='word_1_504' title='bbox 963 4785 1144 4840; x_wconf 80' lang='lat' dir='ltr'>armis</span> <span class='ocrx_word' id='word_1_505' title='bbox 1172 4789 1230 4841; x_wconf 87' lang='lat' dir='ltr'>et</span> <span class='ocrx_word' id='word_1_506' title='bbox 1260 4782 1542 4850; x_wconf 89' lang='lat' dir='ltr'>vestibus,</span> 
     </span>
     <span class='ocr_line' id='line_1_81' title="bbox 137 4872 1547 4946; baseline 0.003 -19"><span class='ocrx_word' id='word_1_507' title='bbox 137 4907 140 4919; x_wconf 85' lang='lat'><strong>·</strong></span> <span class='ocrx_word' id='word_1_508' title='bbox 171 4872 479 4944; x_wconf 76' lang='lat' dir='ltr'>expositiS,</span> <span class='ocrx_word' id='word_1_509' title='bbox 505 4872 720 4928; x_wconf 87' lang='lat' dir='ltr'>relictis</span> <span class='ocrx_word' id='word_1_510' title='bbox 750 4872 1198 4943; x_wconf 84' lang='lat' dir='ltr'>infirmioribus,</span> <span class='ocrx_word' id='word_1_511' title='bbox 1226 4874 1329 4946; x_wconf 86' lang='lat' dir='ltr'>qui</span> <span class='ocrx_word' id='word_1_512' title='bbox 1350 4872 1547 4931; x_wconf 79' lang='lat' dir='ltr'>fortio·</span> 
     </span>
     <span class='ocr_line' id='line_1_82' title="bbox 137 4959 1545 5035; baseline 0.004 -21"><span class='ocrx_word' id='word_1_513' title='bbox 137 4963 257 5016; x_wconf 77' lang='lat' dir='ltr'>ltet</span> <span class='ocrx_word' id='word_1_514' title='bbox 287 4977 582 5034; x_wconf 88' lang='lat' dir='ltr'>equorum</span> <span class='ocrx_word' id='word_1_515' title='bbox 614 4959 907 5016; x_wconf 89' lang='lat' dir='ltr'>velocium</span> <span class='ocrx_word' id='word_1_516' title='bbox 940 4977 1227 5031; x_wconf 89' lang='lat' dir='ltr'>sessores,</span> <span class='ocrx_word' id='word_1_517' title='bbox 1261 4960 1545 5035; x_wconf 80' lang='lat' dir='ltr'>fugiendo</span> 
     </span>
     <span class='ocr_line' id='line_1_83' title="bbox 138 5048 1548 5117; baseline 0.002 -12"><span class='ocrx_word' id='word_1_518' title='bbox 138 5048 274 5117; x_wconf 78' lang='lat' dir='ltr'>buS,</span> <span class='ocrx_word' id='word_1_519' title='bbox 301 5050 591 5105; x_wconf 82' lang='lat' dir='ltr'>beneficio</span> <span class='ocrx_word' id='word_1_520' title='bbox 623 5048 812 5105; x_wconf 90' lang='lat' dir='ltr'>noctis</span> <span class='ocrx_word' id='word_1_521' title='bbox 835 5049 1220 5116; x_wconf 87' lang='lat' dir='ltr'>imminentis,</span> <span class='ocrx_word' id='word_1_522' title='bbox 1250 5051 1378 5108; x_wconf 89' lang='lat' dir='ltr'>neci</span> <span class='ocrx_word' id='word_1_523' title='bbox 1411 5051 1548 5108; x_wconf 90' lang='lat' dir='ltr'>sub·</span> 
     </span>
     <span class='ocr_line' id='line_1_84' title="bbox 137 5137 1548 5213; baseline 0.001 -20"><span class='ocrx_word' id='word_1_524' title='bbox 137 5142 230 5194; x_wconf 87' lang='lat' dir='ltr'>mt</span> <span class='ocrx_word' id='word_1_525' title='bbox 263 5157 274 5208; x_wconf 94' lang='lat'>;</span> <span class='ocrx_word' id='word_1_526' title='bbox 308 5137 403 5194; x_wconf 92' lang='lat' dir='ltr'>alii</span> <span class='ocrx_word' id='word_1_527' title='bbox 430 5145 626 5194; x_wconf 87' lang='lat' dir='ltr'>autem</span> <span class='ocrx_word' id='word_1_528' title='bbox 656 5155 866 5195; x_wconf 86' lang='lat' dir='ltr'>omnes</span> <span class='ocrx_word' id='word_1_529' title='bbox 889 5140 1184 5213; x_wconf 87' lang='lat' dir='ltr'>auteapti,</span> <span class='ocrx_word' id='word_1_530' title='bbox 1204 5146 1305 5196; x_wconf 88' lang='lat' dir='ltr'>aut</span> <span class='ocrx_word' id='word_1_531' title='bbox 1335 5139 1548 5210; x_wconf 86' lang='lat' dir='ltr'>gladiis</span> 
     </span>
     <span class='ocr_line' id='line_1_85' title="bbox 148 5227 1549 5301; baseline 0.002 -18"><span class='ocrx_word' id='word_1_532' title='bbox 148 5227 252 5301; x_wconf 88' lang='lat' dir='ltr'>pti,</span> <span class='ocrx_word' id='word_1_533' title='bbox 280 5229 585 5300; x_wconf 80' lang='lat' dir='ltr'>graviores</span> <span class='ocrx_word' id='word_1_534' title='bbox 616 5229 808 5285; x_wconf 80' lang='lat' dir='ltr'>exitus</span> <span class='ocrx_word' id='word_1_535' title='bbox 838 5234 975 5284; x_wconf 92' lang='lat' dir='ltr'>sunt</span> <span class='ocrx_word' id='word_1_536' title='bbox 1004 5228 1330 5286; x_wconf 81' lang='lat' dir='ltr'>consecuti.</span> <span class='ocrx_word' id='word_1_537' title='bbox 1351 5231 1549 5286; x_wconf 82' lang='lat' dir='ltr'>Dono-</span> 
     </span>
     <span class='ocr_line' id='line_1_86' title="bbox 141 5316 1548 5391; baseline 0.001 -18"><span class='ocrx_word' id='word_1_538' title='bbox 141 5319 256 5373; x_wconf 86' lang='lat' dir='ltr'>tem</span> <span class='ocrx_word' id='word_1_539' title='bbox 280 5316 341 5372; x_wconf 92' lang='lat' dir='ltr'>in</span> <span class='ocrx_word' id='word_1_540' title='bbox 371 5316 569 5389; x_wconf 88' lang='lat' dir='ltr'>primo</span> <span class='ocrx_word' id='word_1_541' title='bbox 600 5316 880 5373; x_wconf 85' lang='lat' dir='ltr'>conflictu</span> <span class='ocrx_word' id='word_1_542' title='bbox 901 5318 1548 5391; x_wconf 80' lang='lat' dir='ltr'>quatuorautquinque</span> 
     </span>
     <span class='ocr_line' id='line_1_87' title="bbox 137 5406 1546 5480; baseline 0.001 -18"><span class='ocrx_word' id='word_1_543' title='bbox 137 5411 305 5462; x_wconf 90' lang='lat' dir='ltr'>erunt</span> <span class='ocrx_word' id='word_1_544' title='bbox 329 5407 556 5480; x_wconf 89' lang='lat' dir='ltr'>equites</span> <span class='ocrx_word' id='word_1_545' title='bbox 595 5426 608 5476; x_wconf 90' lang='grc'><strong>;</strong></span> <span class='ocrx_word' id='word_1_546' title='bbox 662 5406 891 5480; x_wconf 91' lang='lat' dir='ltr'>pedites</span> <span class='ocrx_word' id='word_1_547' title='bbox 934 5411 1137 5463; x_wconf 90' lang='lat' dir='ltr'>autem</span> <span class='ocrx_word' id='word_1_548' title='bbox 1170 5406 1249 5464; x_wconf 89' lang='lat' dir='ltr'>ad</span> <span class='ocrx_word' id='word_1_549' title='bbox 1297 5412 1546 5477; x_wconf 88' lang='lat' dir='ltr'>certum,</span> 
     </span>
     <span class='ocr_line' id='line_1_88' title="bbox 137 5495 1549 5568; baseline 0.001 -16"><span class='ocrx_word' id='word_1_550' title='bbox 137 5511 230 5554; x_wconf 85' lang='lat' dir='ltr'>1os</span> <span class='ocrx_word' id='word_1_551' title='bbox 259 5496 613 5568; x_wconf 84' lang='lat' dir='ltr'>ignoramus</span> <span class='ocrx_word' id='word_1_552' title='bbox 640 5511 963 5554; x_wconf 89' lang='lat' dir='ltr'>numerum</span> <span class='ocrx_word' id='word_1_553' title='bbox 1001 5495 1419 5555; x_wconf 79' lang='lat' dir='ltr'>pervenientes</span> <span class='ocrx_word' id='word_1_554' title='bbox 1445 5513 1549 5556; x_wconf 89' lang='lat' dir='ltr'>au·</span> 
     </span>
    </p>
   </div>
   <div class='ocr_carea' id='block_1_14' title="bbox 1648 3093 3315 5483">
    <p class='ocr_par' dir='ltr' id='par_1_15' title="bbox 1723 3093 3303 3165">
     <span class='ocr_line' id='line_1_89' title="bbox 1723 3093 3303 3165; baseline 0.001 -15"><span class='ocrx_word' id='word_1_555' title='bbox 1723 3100 1826 3151; x_wconf 81' lang='lat' dir='ltr'>tur</span> <span class='ocrx_word' id='word_1_556' title='bbox 1846 3110 1921 3152; x_wconf 74' lang='lat' dir='ltr'>ex</span> <span class='ocrx_word' id='word_1_557' title='bbox 1945 3094 2025 3151; x_wconf 83' lang='lat' dir='ltr'>eis</span> <span class='ocrx_word' id='word_1_558' title='bbox 2051 3093 2367 3162; x_wconf 78' lang='lat' dir='ltr'>innumeri,</span> <span class='ocrx_word' id='word_1_559' title='bbox 2396 3095 2724 3161; x_wconf 78' lang='lat' dir='ltr'>capiuntur</span> <span class='ocrx_word' id='word_1_560' title='bbox 2746 3095 3152 3165; x_wconf 80' lang='lat' dir='ltr'>quamplures.</span> <span class='ocrx_word' id='word_1_561' title='bbox 3177 3095 3303 3153; x_wconf 76' lang='lat' dir='ltr'>Rex</span> 
     </span>
    </p>

    <p class='ocr_par' dir='ltr' id='par_1_16' title="bbox 1723 3165 2777 3238">
     <span class='ocr_line' id='line_1_90' title="bbox 1723 3165 2777 3238; baseline 0.001 -17"><span class='ocrx_word' id='word_1_562' title='bbox 1723 3167 2201 3238; x_wconf 77' lang='lat' dir='ltr'>Hierosolymam</span> <span class='ocrx_word' id='word_1_563' title='bbox 2230 3167 2421 3221; x_wconf 82' lang='lat' dir='ltr'>victor</span> <span class='ocrx_word' id='word_1_564' title='bbox 2438 3165 2777 3222; x_wconf 76' lang='lat' dir='ltr'>revertitur.</span> 
     </span>
    </p>

    <p class='ocr_par' dir='ltr' id='par_1_17' title="bbox 1648 3269 3315 5483">
     <span class='ocr_line' id='line_1_91' title="bbox 1721 3269 3307 3343; baseline 0.001 -16"><span class='ocrx_word' id='word_1_565' title='bbox 1721 3272 1983 3329; x_wconf 82' lang='lat' dir='ltr'>Accessit</span> <span class='ocrx_word' id='word_1_566' title='bbox 2038 3276 2096 3327; x_wconf 90' lang='lat' dir='ltr'>et</span> <span class='ocrx_word' id='word_1_567' title='bbox 2135 3269 2322 3335; x_wconf 90' lang='lat' dir='ltr'>aliud,</span> <span class='ocrx_word' id='word_1_568' title='bbox 2379 3269 2437 3326; x_wconf 89' lang='lat' dir='ltr'>in</span> <span class='ocrx_word' id='word_1_569' title='bbox 2492 3285 2616 3343; x_wconf 86' lang='lat' dir='ltr'>quo</span> <span class='ocrx_word' id='word_1_570' title='bbox 2680 3271 2997 3327; x_wconf 76' lang='lat' dir='ltr'>manifeste</span> <span class='ocrx_word' id='word_1_571' title='bbox 3047 3269 3307 3329; x_wconf 89' lang='lat' dir='ltr'>innotuit</span> 
     </span>
     <span class='ocr_line' id='line_1_92' title="bbox 1648 3358 3302 3436; baseline 0.001 -20"><span class='ocrx_word' id='word_1_572' title='bbox 1648 3365 2008 3436; x_wconf 60' lang='lat' dir='ltr'>praesentem</span> <span class='ocrx_word' id='word_1_573' title='bbox 2041 3372 2173 3416; x_wconf 88' lang='lat' dir='ltr'>esse</span> <span class='ocrx_word' id='word_1_574' title='bbox 2202 3358 2471 3415; x_wconf 86' lang='lat' dir='ltr'>divinam</span> <span class='ocrx_word' id='word_1_575' title='bbox 2503 3359 2678 3415; x_wconf 89' lang='lat' dir='ltr'>nobis</span> <span class='ocrx_word' id='word_1_576' title='bbox 2708 3359 3088 3418; x_wconf 88' lang='lat' dir='ltr'>clementiam</span> <span class='ocrx_word' id='word_1_577' title='bbox 3110 3379 3127 3433; x_wconf 90' lang='lat'>;</span> <span class='ocrx_word' id='word_1_578' title='bbox 3155 3375 3302 3418; x_wconf 88' lang='lat' dir='ltr'>nam</span> 
     </span>
     <span class='ocr_line' id='line_1_93' title="bbox 1652 3447 3305 3522; baseline -0.001 -17"><span class='ocrx_word' id='word_1_579' title='bbox 1652 3448 1923 3522; x_wconf 88' lang='lat' dir='ltr'>sequenti</span> <span class='ocrx_word' id='word_1_580' title='bbox 1952 3448 2069 3513; x_wconf 88' lang='lat' dir='ltr'>die,</span> <span class='ocrx_word' id='word_1_581' title='bbox 2092 3454 2147 3505; x_wconf 89' lang='lat' dir='ltr'>et</span> <span class='ocrx_word' id='word_1_582' title='bbox 2175 3462 2280 3520; x_wconf 89' lang='lat' dir='ltr'>per</span> <span class='ocrx_word' id='word_1_583' title='bbox 2302 3448 2510 3504; x_wconf 86' lang='lat' dir='ltr'>decem</span> <span class='ocrx_word' id='word_1_584' title='bbox 2530 3447 2657 3503; x_wconf 85' lang='lat' dir='ltr'>dies</span> <span class='ocrx_word' id='word_1_585' title='bbox 2671 3450 3007 3517; x_wconf 87' lang='lat' dir='ltr'>continuos,</span> <span class='ocrx_word' id='word_1_586' title='bbox 3033 3453 3195 3507; x_wconf 87' lang='lat' dir='ltr'>tanta</span> <span class='ocrx_word' id='word_1_587' title='bbox 3210 3448 3305 3505; x_wconf 90' lang='lat' dir='ltr'>vis</span> 
     </span>
     <span class='ocr_line' id='line_1_94' title="bbox 1648 3535 3307 3608; baseline 0 -14"><span class='ocrx_word' id='word_1_588' title='bbox 1648 3535 1955 3605; x_wconf 84' lang='lat' dir='ltr'>imbrium,</span> <span class='ocrx_word' id='word_1_589' title='bbox 1983 3542 2148 3593; x_wconf 90' lang='lat' dir='ltr'>tanta</span> <span class='ocrx_word' id='word_1_590' title='bbox 2179 3535 2397 3608; x_wconf 88' lang='lat' dir='ltr'>algoris</span> <span class='ocrx_word' id='word_1_591' title='bbox 2424 3541 2639 3607; x_wconf 76' lang='lat' dir='ltr'>praeter</span> <span class='ocrx_word' id='word_1_592' title='bbox 2652 3536 2894 3593; x_wconf 86' lang='lat' dir='ltr'>solitum</span> <span class='ocrx_word' id='word_1_593' title='bbox 2916 3537 3307 3595; x_wconf 85' lang='lat' dir='ltr'>violentiain-</span> 
     </span>
     <span class='ocr_line' id='line_1_95' title="bbox 1651 3624 3305 3699; baseline -0.001 -17"><span class='ocrx_word' id='word_1_594' title='bbox 1651 3626 1879 3693; x_wconf 89' lang='lat' dir='ltr'>cubuit,</span> <span class='ocrx_word' id='word_1_595' title='bbox 1912 3631 1971 3684; x_wconf 91' lang='lat' dir='ltr'>ut</span> <span class='ocrx_word' id='word_1_596' title='bbox 2002 3641 2133 3681; x_wconf 89' lang='lat' dir='ltr'>vere</span> <span class='ocrx_word' id='word_1_597' title='bbox 2162 3624 2322 3682; x_wconf 81' lang='lat' dir='ltr'>credi</span> <span class='ocrx_word' id='word_1_598' title='bbox 2355 3628 2574 3697; x_wconf 89' lang='lat' dir='ltr'>posset,</span> <span class='ocrx_word' id='word_1_599' title='bbox 2600 3624 2779 3681; x_wconf 90' lang='lat' dir='ltr'>etiam</span> <span class='ocrx_word' id='word_1_600' title='bbox 2805 3626 2938 3699; x_wconf 91' lang='lat' dir='ltr'>ipsa</span> <span class='ocrx_word' id='word_1_601' title='bbox 2966 3630 3176 3683; x_wconf 83' lang='lat' dir='ltr'>contra</span> <span class='ocrx_word' id='word_1_602' title='bbox 3202 3639 3305 3683; x_wconf 88' lang='lat' dir='ltr'>eos</span> 
     </span>
     <span class='ocr_line' id='line_1_96' title="bbox 1649 3712 3309 3791; baseline -0.002 -17"><span class='ocrx_word' id='word_1_603' title='bbox 1649 3718 1783 3791; x_wconf 87' lang='lat' dir='ltr'>conj</span> <span class='ocrx_word' id='word_1_604' title='bbox 1795 3731 1997 3773; x_wconf 88' lang='lat' dir='ltr'>urasse</span> <span class='ocrx_word' id='word_1_605' title='bbox 2008 3714 2319 3772; x_wconf 89' lang='lat' dir='ltr'>elementa.</span> <span class='ocrx_word' id='word_1_606' title='bbox 2339 3716 2417 3784; x_wconf 87' lang='lat' dir='ltr'>Eq</span> <span class='ocrx_word' id='word_1_607' title='bbox 2429 3728 2536 3769; x_wconf 89' lang='lat' dir='ltr'>uos</span> <span class='ocrx_word' id='word_1_608' title='bbox 2551 3712 2835 3770; x_wconf 90' lang='lat' dir='ltr'>nimirum</span> <span class='ocrx_word' id='word_1_609' title='bbox 2859 3729 3071 3771; x_wconf 88' lang='lat' dir='ltr'>omnes</span> <span class='ocrx_word' id='word_1_610' title='bbox 3088 3715 3309 3772; x_wconf 86' lang='lat' dir='ltr'>amise-</span> 
     </span>
     <span class='ocr_line' id='line_1_97' title="bbox 1648 3801 3302 3879; baseline -0.004 -14"><span class='ocrx_word' id='word_1_611' title='bbox 1648 3813 1802 3875; x_wconf 81' lang='lat' dir='ltr'>rant,</span> <span class='ocrx_word' id='word_1_612' title='bbox 1823 3803 2047 3879; x_wconf 88' lang='lat' dir='ltr'>quibus</span> <span class='ocrx_word' id='word_1_613' title='bbox 2066 3819 2173 3876; x_wconf 90' lang='lat' dir='ltr'>per</span> <span class='ocrx_word' id='word_1_614' title='bbox 2192 3801 2336 3858; x_wconf 89' lang='lat' dir='ltr'>illud</span> <span class='ocrx_word' id='word_1_615' title='bbox 2366 3802 2650 3868; x_wconf 87' lang='lat' dir='ltr'>triduum,</span> <span class='ocrx_word' id='word_1_616' title='bbox 2679 3817 2803 3875; x_wconf 84' lang='lat' dir='ltr'>quo</span> <span class='ocrx_word' id='word_1_617' title='bbox 2853 3801 2915 3859; x_wconf 89' lang='lat' dir='ltr'>in</span> <span class='ocrx_word' id='word_1_618' title='bbox 2944 3802 3164 3859; x_wconf 86' lang='lat' dir='ltr'>finibus</span> <span class='ocrx_word' id='word_1_619' title='bbox 3194 3817 3302 3859; x_wconf 89' lang='lat' dir='ltr'>no-</span> 
     </span>
     <span class='ocr_line' id='line_1_98' title="bbox 1651 3891 3305 3965; baseline -0.004 -11"><span class='ocrx_word' id='word_1_620' title='bbox 1651 3897 1788 3954; x_wconf 87' lang='lat' dir='ltr'>stris</span> <span class='ocrx_word' id='word_1_621' title='bbox 1812 3909 2047 3952; x_wconf 89' lang='lat' dir='ltr'>moram</span> <span class='ocrx_word' id='word_1_622' title='bbox 2070 3892 2352 3958; x_wconf 76' lang='lat' dir='ltr'>fecerant,</span> <span class='ocrx_word' id='word_1_623' title='bbox 2385 3905 2496 3947; x_wconf 89' lang='lat' dir='ltr'>nec</span> <span class='ocrx_word' id='word_1_624' title='bbox 2526 3891 2751 3958; x_wconf 90' lang='lat' dir='ltr'>cibum,</span> <span class='ocrx_word' id='word_1_625' title='bbox 2785 3907 2894 3949; x_wconf 89' lang='lat' dir='ltr'>nec</span> <span class='ocrx_word' id='word_1_626' title='bbox 2929 3894 3162 3965; x_wconf 90' lang='lat' dir='ltr'>potum,</span> <span class='ocrx_word' id='word_1_627' title='bbox 3195 3905 3305 3948; x_wconf 89' lang='lat' dir='ltr'>nec</span> 
     </span>
     <span class='ocr_line' id='line_1_99' title="bbox 1651 3980 3311 4054; baseline -0.004 -9"><span class='ocrx_word' id='word_1_628' title='bbox 1651 3987 1836 4045; x_wconf 91' lang='lat' dir='ltr'>ullam</span> <span class='ocrx_word' id='word_1_629' title='bbox 1867 3982 2240 4041; x_wconf 89' lang='lat' dir='ltr'>indulserant</span> <span class='ocrx_word' id='word_1_630' title='bbox 2258 3980 2525 4054; x_wconf 84' lang='lat' dir='ltr'>requiem</span> <span class='ocrx_word' id='word_1_631' title='bbox 2555 3999 2569 4049; x_wconf 90' lang='lat'>;</span> <span class='ocrx_word' id='word_1_632' title='bbox 2598 3980 2740 4038; x_wconf 90' lang='lat' dir='ltr'>item</span> <span class='ocrx_word' id='word_1_633' title='bbox 2765 3982 3120 4038; x_wconf 87' lang='lat' dir='ltr'>indumenta</span> <span class='ocrx_word' id='word_1_634' title='bbox 3142 3986 3311 4038; x_wconf 86' lang='lat' dir='ltr'>etve-</span> 
     </span>
     <span class='ocr_line' id='line_1_100' title="bbox 1653 4068 3303 4146; baseline -0.004 -12"><span class='ocrx_word' id='word_1_635' title='bbox 1653 4077 1833 4134; x_wconf 88' lang='lat' dir='ltr'>stium</span> <span class='ocrx_word' id='word_1_636' title='bbox 1858 4088 2080 4146; x_wconf 85' lang='lat' dir='ltr'>genera</span> <span class='ocrx_word' id='word_1_637' title='bbox 2102 4069 2405 4144; x_wconf 81' lang='lat' dir='ltr'>quaelibet,</span> <span class='ocrx_word' id='word_1_638' title='bbox 2433 4073 2497 4127; x_wconf 90' lang='lat' dir='ltr'>ut</span> <span class='ocrx_word' id='word_1_639' title='bbox 2518 4070 2945 4142; x_wconf 70' lang='lat' dir='ltr'>praemisimus,</span> <span class='ocrx_word' id='word_1_640' title='bbox 2994 4068 3246 4128; x_wconf 90' lang='lat' dir='ltr'>omnino</span> <span class='ocrx_word' id='word_1_641' title='bbox 3265 4086 3303 4128; x_wconf 90' lang='lat' dir='ltr'>a</span> 
     </span>
     <span class='ocr_line' id='line_1_101' title="bbox 1651 4156 3307 4239; baseline -0.005 -16"><span class='ocrx_word' id='word_1_642' title='bbox 1651 4183 1710 4223; x_wconf 92' lang='lat' dir='ltr'>se</span> <span class='ocrx_word' id='word_1_643' title='bbox 1741 4163 2083 4239; x_wconf 88' lang='lat' dir='ltr'>rejecerant.</span> <span class='ocrx_word' id='word_1_644' title='bbox 2113 4157 2449 4216; x_wconf 78' lang='lat' dir='ltr'>Accedebat</span> <span class='ocrx_word' id='word_1_645' title='bbox 2476 4158 2552 4215; x_wconf 88' lang='lat' dir='ltr'>ad</span> <span class='ocrx_word' id='word_1_646' title='bbox 2581 4156 2959 4216; x_wconf 90' lang='lat' dir='ltr'>miserarium</span> <span class='ocrx_word' id='word_1_647' title='bbox 2977 4159 3307 4226; x_wconf 90' lang='lat' dir='ltr'>cumulum,</span> 
     </span>
     <span class='ocr_line' id='line_1_102' title="bbox 1652 4247 3305 4328; baseline -0.005 -16"><span class='ocrx_word' id='word_1_648' title='bbox 1652 4253 1815 4328; x_wconf 86' lang='lat' dir='ltr'>quod</span> <span class='ocrx_word' id='word_1_649' title='bbox 1848 4267 1956 4308; x_wconf 88' lang='lat' dir='ltr'>nec</span> <span class='ocrx_word' id='word_1_650' title='bbox 1979 4250 2203 4306; x_wconf 89' lang='lat' dir='ltr'>victum</span> <span class='ocrx_word' id='word_1_651' title='bbox 2222 4247 2455 4321; x_wconf 89' lang='lat' dir='ltr'>penitus</span> <span class='ocrx_word' id='word_1_652' title='bbox 2476 4247 2788 4315; x_wconf 86' lang='lat' dir='ltr'>habentes,</span> <span class='ocrx_word' id='word_1_653' title='bbox 2810 4248 3048 4321; x_wconf 76' lang='lat' dir='ltr'>frigore,</span> <span class='ocrx_word' id='word_1_654' title='bbox 3080 4247 3305 4320; x_wconf 85' lang='lat' dir='ltr'>inedia,</span> 
     </span>
     <span class='ocr_line' id='line_1_103' title="bbox 1652 4335 3308 4412; baseline -0.004 -11"><span class='ocrx_word' id='word_1_655' title='bbox 1652 4345 1884 4401; x_wconf 87' lang='lat' dir='ltr'>viarum</span> <span class='ocrx_word' id='word_1_656' title='bbox 1919 4339 2092 4398; x_wconf 79' lang='lat' dir='ltr'>taedio</span> <span class='ocrx_word' id='word_1_657' title='bbox 2123 4344 2179 4396; x_wconf 89' lang='lat' dir='ltr'>et</span> <span class='ocrx_word' id='word_1_658' title='bbox 2223 4336 2452 4394; x_wconf 86' lang='lat' dir='ltr'>laboris</span> <span class='ocrx_word' id='word_1_659' title='bbox 2499 4335 2715 4394; x_wconf 88' lang='lat' dir='ltr'>insueti</span> <span class='ocrx_word' id='word_1_660' title='bbox 2746 4336 3014 4412; x_wconf 88' lang='lat' dir='ltr'>pondere</span> <span class='ocrx_word' id='word_1_661' title='bbox 3045 4336 3308 4395; x_wconf 88' lang='lat' dir='ltr'>tabesce-</span> 
     </span>
     <span class='ocr_line' id='line_1_104' title="bbox 1652 4426 3307 4503; baseline -0.005 -12"><span class='ocrx_word' id='word_1_662' title='bbox 1652 4428 2292 4503; x_wconf 86' lang='lat' dir='ltr'>bant.Reperiebantur</span> <span class='ocrx_word' id='word_1_663' title='bbox 2302 4442 2375 4482; x_wconf 86' lang='lat' dir='ltr'>ex</span> <span class='ocrx_word' id='word_1_664' title='bbox 2387 4426 2473 4482; x_wconf 88' lang='lat' dir='ltr'>eis</span> <span class='ocrx_word' id='word_1_665' title='bbox 2488 4427 2712 4499; x_wconf 89' lang='lat' dir='ltr'>passim</span> <span class='ocrx_word' id='word_1_666' title='bbox 2728 4426 3059 4501; x_wconf 88' lang='lat' dir='ltr'>aliquando</span> <span class='ocrx_word' id='word_1_667' title='bbox 3081 4426 3307 4500; x_wconf 88' lang='lat' dir='ltr'>plures,</span> 
     </span>
     <span class='ocr_line' id='line_1_105' title="bbox 1653 4515 3312 4594; baseline -0.005 -15"><span class='ocrx_word' id='word_1_668' title='bbox 1653 4519 1979 4594; x_wconf 84' lang='lat' dir='ltr'>aliquando</span> <span class='ocrx_word' id='word_1_669' title='bbox 2005 4518 2342 4591; x_wconf 84' lang='lat' dir='ltr'>pauciores,</span> <span class='ocrx_word' id='word_1_670' title='bbox 2369 4515 2424 4571; x_wconf 89' lang='lat' dir='ltr'>in</span> <span class='ocrx_word' id='word_1_671' title='bbox 2457 4517 2902 4588; x_wconf 84' lang='lat' dir='ltr'>quosquamvis</span> <span class='ocrx_word' id='word_1_672' title='bbox 2919 4516 3100 4572; x_wconf 89' lang='lat' dir='ltr'>etiam</span> <span class='ocrx_word' id='word_1_673' title='bbox 3121 4517 3312 4587; x_wconf 90' lang='lat' dir='ltr'>impo-</span> 
     </span>
     <span class='ocr_line' id='line_1_106' title="bbox 1654 4602 3312 4677; baseline -0.005 -10"><span class='ocrx_word' id='word_1_674' title='bbox 1654 4616 1781 4667; x_wconf 88' lang='lat' dir='ltr'>tens</span> <span class='ocrx_word' id='word_1_675' title='bbox 1801 4606 2102 4673; x_wconf 87' lang='lat' dir='ltr'>etdebilis,</span> <span class='ocrx_word' id='word_1_676' title='bbox 2143 4606 2392 4676; x_wconf 81' lang='lat' dir='ltr'>impune</span> <span class='ocrx_word' id='word_1_677' title='bbox 2418 4606 2653 4676; x_wconf 86' lang='lat' dir='ltr'>poterat</span> <span class='ocrx_word' id='word_1_678' title='bbox 2679 4619 2789 4677; x_wconf 88' lang='lat' dir='ltr'>pro</span> <span class='ocrx_word' id='word_1_679' title='bbox 2807 4617 2917 4659; x_wconf 84' lang='lat' dir='ltr'>suo</span> <span class='ocrx_word' id='word_1_680' title='bbox 2935 4602 3181 4659; x_wconf 86' lang='lat' dir='ltr'>arbitrio</span> <span class='ocrx_word' id='word_1_681' title='bbox 3206 4603 3312 4658; x_wconf 92' lang='lat' dir='ltr'>de-</span> 
     </span>
     <span class='ocr_line' id='line_1_107' title="bbox 1655 4690 3312 4766; baseline -0.004 -13"><span class='ocrx_word' id='word_1_682' title='bbox 1655 4697 1856 4753; x_wconf 82' lang='lat' dir='ltr'>saevire</span> <span class='ocrx_word' id='word_1_683' title='bbox 1882 4714 1898 4762; x_wconf 90' lang='lat'>;</span> <span class='ocrx_word' id='word_1_684' title='bbox 1920 4694 2109 4766; x_wconf 87' lang='lat' dir='ltr'>ignari</span> <span class='ocrx_word' id='word_1_685' title='bbox 2127 4692 2285 4749; x_wconf 89' lang='lat' dir='ltr'>enim</span> <span class='ocrx_word' id='word_1_686' title='bbox 2302 4691 2576 4750; x_wconf 89' lang='lat' dir='ltr'>locorum</span> <span class='ocrx_word' id='word_1_687' title='bbox 2593 4706 2664 4749; x_wconf 88' lang='lat' dir='ltr'>ex</span> <span class='ocrx_word' id='word_1_688' title='bbox 2691 4694 2774 4747; x_wconf 90' lang='lat' dir='ltr'>eis</span> <span class='ocrx_word' id='word_1_689' title='bbox 2788 4690 3076 4765; x_wconf 84' lang='lat' dir='ltr'>plerique,</span> <span class='ocrx_word' id='word_1_690' title='bbox 3100 4694 3312 4763; x_wconf 89' lang='lat' dir='ltr'>putan-</span> 
     </span>
     <span class='ocr_line' id='line_1_108' title="bbox 1654 4779 3311 4846; baseline -0.005 -3"><span class='ocrx_word' id='word_1_691' title='bbox 1654 4790 1742 4843; x_wconf 83' lang='lat' dir='ltr'>tes</span> <span class='ocrx_word' id='word_1_692' title='bbox 1771 4785 2023 4841; x_wconf 88' lang='lat' dir='ltr'>domum</span> <span class='ocrx_word' id='word_1_693' title='bbox 2041 4781 2256 4846; x_wconf 90' lang='lat' dir='ltr'>redire,</span> <span class='ocrx_word' id='word_1_694' title='bbox 2285 4781 2508 4836; x_wconf 77' lang='lat' dir='ltr'>nostris</span> <span class='ocrx_word' id='word_1_695' title='bbox 2540 4797 2601 4837; x_wconf 83' lang='lat' dir='ltr'>se</span> <span class='ocrx_word' id='word_1_696' title='bbox 2624 4781 2771 4837; x_wconf 85' lang='lat' dir='ltr'>vicis</span> <span class='ocrx_word' id='word_1_697' title='bbox 2816 4784 2919 4837; x_wconf 88' lang='lat' dir='ltr'>aut</span> <span class='ocrx_word' id='word_1_698' title='bbox 2956 4779 3311 4845; x_wconf 70' lang='lat' dir='ltr'>viatoribuS,</span> 
     </span>
     <span class='ocr_line' id='line_1_109' title="bbox 1655 4868 3311 4945; baseline -0.005 -14"><span class='ocrx_word' id='word_1_699' title='bbox 1655 4880 1758 4932; x_wconf 85' lang='lat' dir='ltr'>ant</span> <span class='ocrx_word' id='word_1_700' title='bbox 1787 4888 1889 4930; x_wconf 85' lang='lat' dir='ltr'>eos</span> <span class='ocrx_word' id='word_1_701' title='bbox 1932 4870 2339 4945; x_wconf 75' lang='lat' dir='ltr'>quaerentibus</span> <span class='ocrx_word' id='word_1_702' title='bbox 2390 4868 2740 4926; x_wconf 81' lang='lat' dir='ltr'>offerebant.</span> <span class='ocrx_word' id='word_1_703' title='bbox 2784 4869 3010 4925; x_wconf 83' lang='lat' dir='ltr'>Arabes</span> <span class='ocrx_word' id='word_1_704' title='bbox 3064 4869 3311 4934; x_wconf 88' lang='lat' dir='ltr'>interea,</span> 
     </span>
     <span class='ocr_line' id='line_1_110' title="bbox 1654 4957 3310 5031; baseline -0.005 -12"><span class='ocrx_word' id='word_1_705' title='bbox 1654 4961 1906 5020; x_wconf 83' lang='lat' dir='ltr'>infidum</span> <span class='ocrx_word' id='word_1_706' title='bbox 1935 4973 2123 5031; x_wconf 87' lang='lat' dir='ltr'>genus</span> <span class='ocrx_word' id='word_1_707' title='bbox 2149 4957 2487 5023; x_wconf 88' lang='lat' dir='ltr'>bominum,</span> <span class='ocrx_word' id='word_1_708' title='bbox 2535 4958 2802 5015; x_wconf 84' lang='lat' dir='ltr'>videntes</span> <span class='ocrx_word' id='word_1_709' title='bbox 2828 4957 3073 5029; x_wconf 89' lang='lat' dir='ltr'>quidem</span> <span class='ocrx_word' id='word_1_710' title='bbox 3101 4971 3310 5013; x_wconf 84' lang='lat' dir='ltr'>casum</span> 
     </span>
     <span class='ocr_line' id='line_1_111' title="bbox 1655 5046 3315 5125; baseline -0.004 -18"><span class='ocrx_word' id='word_1_711' title='bbox 1655 5052 1760 5125; x_wconf 90' lang='lat' dir='ltr'>qui</span> <span class='ocrx_word' id='word_1_712' title='bbox 1786 5049 1965 5107; x_wconf 84' lang='lat' dir='ltr'>furcis</span> <span class='ocrx_word' id='word_1_713' title='bbox 1998 5048 2315 5112; x_wconf 85' lang='lat' dir='ltr'>acciderat,</span> <span class='ocrx_word' id='word_1_714' title='bbox 2350 5046 2429 5103; x_wconf 85' lang='lat' dir='ltr'>ad</span> <span class='ocrx_word' id='word_1_715' title='bbox 2469 5046 2600 5102; x_wconf 86' lang='lat' dir='ltr'>illos</span> <span class='ocrx_word' id='word_1_716' title='bbox 2647 5049 3001 5119; x_wconf 88' lang='lat' dir='ltr'>properant,</span> <span class='ocrx_word' id='word_1_717' title='bbox 3034 5059 3188 5118; x_wconf 87' lang='lat' dir='ltr'>quos</span> <span class='ocrx_word' id='word_1_718' title='bbox 3218 5061 3315 5101; x_wconf 90' lang='lat' dir='ltr'>su-</span> 
     </span>
     <span class='ocr_line' id='line_1_112' title="bbox 1656 5134 3311 5215; baseline -0.005 -18"><span class='ocrx_word' id='word_1_719' title='bbox 1656 5139 1858 5215; x_wconf 88' lang='lat' dir='ltr'>perius</span> <span class='ocrx_word' id='word_1_720' title='bbox 1879 5153 2016 5195; x_wconf 87' lang='lat' dir='ltr'>cum</span> <span class='ocrx_word' id='word_1_721' title='bbox 2042 5136 2289 5192; x_wconf 86' lang='lat' dir='ltr'>sarcinis</span> <span class='ocrx_word' id='word_1_722' title='bbox 2330 5136 2495 5208; x_wconf 85' lang='lat' dir='ltr'>apud</span> <span class='ocrx_word' id='word_1_723' title='bbox 2525 5136 2689 5191; x_wconf 85' lang='lat' dir='ltr'>Laris</span> <span class='ocrx_word' id='word_1_724' title='bbox 2720 5135 3023 5191; x_wconf 86' lang='lat' dir='ltr'>civitatem</span> <span class='ocrx_word' id='word_1_725' title='bbox 3045 5134 3311 5190; x_wconf 87' lang='lat' dir='ltr'>diximus</span> 
     </span>
     <span class='ocr_line' id='line_1_113' title="bbox 1655 5221 3315 5302; baseline -0.005 -15"><span class='ocrx_word' id='word_1_726' title='bbox 1655 5230 1913 5294; x_wconf 84' lang='lat' dir='ltr'>relictos,</span> <span class='ocrx_word' id='word_1_727' title='bbox 1926 5243 2080 5302; x_wconf 88' lang='lat' dir='ltr'>quos</span> <span class='ocrx_word' id='word_1_728' title='bbox 2092 5223 2367 5282; x_wconf 83' lang='lat' dir='ltr'>nuntiata</span> <span class='ocrx_word' id='word_1_729' title='bbox 2383 5238 2632 5280; x_wconf 80' lang='lat' dir='ltr'>suorum</span> <span class='ocrx_word' id='word_1_730' title='bbox 2654 5230 2846 5297; x_wconf 84' lang='lat' dir='ltr'>strage</span> <span class='ocrx_word' id='word_1_731' title='bbox 2864 5224 3122 5289; x_wconf 85' lang='lat' dir='ltr'>territos,</span> <span class='ocrx_word' id='word_1_732' title='bbox 3140 5224 3198 5278; x_wconf 90' lang='lat' dir='ltr'>in</span> <span class='ocrx_word' id='word_1_733' title='bbox 3220 5221 3315 5279; x_wconf 81' lang='lat' dir='ltr'>m-</span> 
     </span>
     <span class='ocr_line' id='line_1_114' title="bbox 1657 5312 3311 5392; baseline -0.005 -15"><span class='ocrx_word' id='word_1_734' title='bbox 1657 5334 1796 5392; x_wconf 87' lang='lat' dir='ltr'>gam</span> <span class='ocrx_word' id='word_1_735' title='bbox 1811 5322 2076 5385; x_wconf 85' lang='lat' dir='ltr'>vertunt;</span> <span class='ocrx_word' id='word_1_736' title='bbox 2094 5330 2198 5373; x_wconf 86' lang='lat' dir='ltr'>eos</span> <span class='ocrx_word' id='word_1_737' title='bbox 2209 5326 2452 5386; x_wconf 84' lang='lat' dir='ltr'>quoque</span> <span class='ocrx_word' id='word_1_738' title='bbox 2474 5312 2890 5380; x_wconf 76' lang='lat' dir='ltr'>nihilominus,</span> <span class='ocrx_word' id='word_1_739' title='bbox 2920 5313 3025 5386; x_wconf 88' lang='lat' dir='ltr'>qui</span> <span class='ocrx_word' id='word_1_740' title='bbox 3044 5325 3311 5385; x_wconf 86' lang='lat' dir='ltr'>quocun·</span> 
     </span>
     <span class='ocr_line' id='line_1_115' title="bbox 1656 5401 3315 5483; baseline -0.005 -18"><span class='ocrx_word' id='word_1_741' title='bbox 1656 5421 1775 5483; x_wconf 88' lang='lat' dir='ltr'>que</span> <span class='ocrx_word' id='word_1_742' title='bbox 1799 5421 1944 5465; x_wconf 83' lang='lat' dir='ltr'>casu</span> <span class='ocrx_word' id='word_1_743' title='bbox 1970 5410 2315 5463; x_wconf 86' lang='lat' dir='ltr'>nostrorum</span> <span class='ocrx_word' id='word_1_744' title='bbox 2326 5415 2546 5460; x_wconf 84' lang='lat' dir='ltr'>manus</span> <span class='ocrx_word' id='word_1_745' title='bbox 2572 5404 2911 5469; x_wconf 77' lang='lat' dir='ltr'>evaserant,</span> <span class='ocrx_word' id='word_1_746' title='bbox 2934 5401 3147 5457; x_wconf 83' lang='lat' dir='ltr'>durius</span> <span class='ocrx_word' id='word_1_747' title='bbox 3160 5401 3315 5457; x_wconf 78' lang='lat' dir='ltr'>inse·</span> 
     </span>
    </p>
   </div>
   <div class='ocr_carea' id='block_1_15' title="bbox 1658 5486 3317 5572">
    <p class='ocr_par' dir='ltr' id='par_1_18' title="bbox 1658 5486 3317 5572">
     <span class='ocr_line' id='line_1_116' title="bbox 1658 5486 3317 5572; baseline -0.004 -17"><span class='ocrx_word' id='word_1_748' title='bbox 1658 5501 1958 5572; x_wconf 64' lang='lat' dir='ltr'>quantun</span> <span class='ocrx_word' id='word_1_749' title='bbox 2003 5500 2062 5555; x_wconf 90' lang='lat' dir='ltr'>et</span> <span class='ocrx_word' id='word_1_750' title='bbox 2109 5497 2212 5572; x_wconf 79' lang='lat' dir='ltr'>qul</span> <span class='ocrx_word' id='word_1_751' title='bbox 2252 5511 2290 5557; x_wconf 86' lang='lat' dir='ltr'>a</span> <span class='ocrx_word' id='word_1_752' title='bbox 2341 5494 2518 5556; x_wconf 80' lang='lat' dir='ltr'>nobis</span> <span class='ocrx_word' id='word_1_753' title='bbox 2555 5492 2744 5567; x_wconf 81' lang='lat' dir='ltr'>elapsi</span> <span class='ocrx_word' id='word_1_754' title='bbox 2781 5490 3170 5563; x_wconf 78' lang='lat' dir='ltr'>videbantur,</span> <span class='ocrx_word' id='word_1_755' title='bbox 3200 5486 3317 5549; x_wconf 84' lang='lat' dir='ltr'>illis</span> 
     </span>
    </p>
   </div>
  </div>
 </body>
</html>
