3784 6000
1460 364 1610 409 ΔΝΠΟ
1645 363 1840 409 Domi
1877 363 2168 408 neuun

1232 577 2378 793 ALANUS

677 1032 2075 1160 ANTISSIODORENSlS
2193 1032 2961 1157 EPlSCOPUS

1590 1419 2060 1516 NOTITIA

1077 1654 1304 1728 (Gallia
1331 1653 1682 1714 Christiana
1707 1668 1890 1722 nova,
1926 1659 2073 1713 tom.
2105 1654 2219 1722 xil,
2250 1654 2368 1716 col.
2398 1656 2528 1728 293)

190 2086 475 2144 Defuncto
490 2084 736 2155 lingone
756 2081 1058 2156 episcopo,
1087 2097 1275 2156 nepos
1299 2082 1432 2156 ejus
1453 2098 1765 2140 summum
1800 2082 1849 2137 A
1877 2081 2579 2156 Godel'ridiejusdemlati
2591 2084 3157 2143 adversusodonem
3171 2084 3529 2156 Burgundio

115 2172 463 2250 pontificem
484 2171 817 2247 appellavit
838 2187 912 2228 ne
923 2171 1076 2228 alius
1092 2170 1287 2244 patrui
1303 2170 1574 2230 inlocum
1586 2170 1768 2243 elige·
1874 2173 2117 2230 ducem.
2149 2176 2320 2230 Anno
2350 2176 2484 2230 1154
2513 2174 2862 2231 Anastasius
2891 2175 2958 2229 lv
2989 2173 3154 2230 bulla
3180 2175 3368 2231 Alano
3390 2173 3533 2232 data

115 2269 277 2322 retur
290 2263 644 2336 priusquam
674 2259 821 2316 isset
849 2259 1245 2332 ipseRomam
1261 2263 1317 2317 et
1338 2258 1607 2318 rediisset
1623 2274 1770 2334 proe-
1870 2259 1972 2333 jus
1990 2259 2367 2319 confirmavit
2400 2263 2459 2318 in
2485 2261 2772 2321 abbatem
2805 2264 2862 2320 S.
2897 2263 3194 2320 Germani.
3223 2262 3535 2334 Delegatus

117 2351 397 2426 posituras
423 2348 942 2407 confirmationem
972 2348 1418 2420 impetraturus.
1451 2351 1664 2405 Verum
1696 2364 1769 2406 eo
1877 2349 2180 2407 abeodem
2196 2350 3532 2422 pontificeconciliavitsenonis,annoeodem,

118 2445 464 2513 contempto
493 2437 823 2513 presbyteri
852 2437 1131 2493 undecim
1163 2453 1506 2512 novemque
1524 2437 1767 2496 diaconi
1874 2440 2209 2496 monachos
2239 2438 2314 2496 de
2344 2440 2635 2499 charitate
2652 2447 2709 2497 et
2724 2442 3055 2497 canonicos
3076 2441 3151 2497 de
3168 2441 3374 2498 Castro
3404 2440 3534 2498 Bai--

120 2534 333 2605 preater
357 2527 506 2585 alios
532 2525 832 2584 inferioris
847 2525 1070 2583 ordinis
1101 2527 1163 2582 in
1192 2542 1378 2583 unum
1410 2540 1763 2594 convenere,

120 2634 301 2693 quem
337 2624 398 2674 ut
424 2631 665 2674 summo
692 2615 956 2689 pontiflci
986 2614 1330 2688 probarent,
1370 2614 1666 2673 decanum
1709 2617 1766 2673 S.

121 2706 269 2766 Petri
289 2711 345 2763 et
371 2705 633 2779 priorem
664 2706 721 2762 S.
757 2703 994 2760 Eusebii
1028 2709 1153 2762 tam
1190 2719 1302 2776 pro
1337 2719 1401 2762 se
1430 2718 1618 2778 quam
1659 2720 1769 2778 pro

121 2795 340 2855 abbate
370 2796 427 2853 S.
448 2793 743 2852 Laurentii
758 2794 1154 2865 destinarunt,
1178 2809 1332 2867 quos
1355 2809 1495 2866 pars
1512 2793 1772 2851 adversa

120 2901 229 2959 per
247 2884 527 2942 comitem
555 2884 972 2941 Nivernensem
998 2881 1280 2940 deterruit
1319 2897 1395 2940 ne
1433 2882 1770 2957 proficisce-

121 2981 345 3034 rentur.
375 2973 564 3031 ‘l'ertia
599 2971 762 3030 enim
800 2977 933 3047 post
962 2971 1225 3046 primam
1264 2970 1615 3030 electionem
1652 2972 1771 3039 die,

123 3063 388 3137 lingonis
403 3062 564 3120 idem
587 3076 799 3134 nepos,
820 3062 1064 3134 propria
1082 3062 1209 3135 ipse
1225 3062 1493 3133 neglecta
1512 3061 1777 3135 appella-

126 3154 285 3211 tione
317 3152 565 3210 alteram
599 3149 852 3208 instituit
884 3149 1259 3217 electionem.
1291 3150 1466 3221 cuius
1497 3156 1776 3209 auctores

124 3243 291 3301 suere
320 3246 548 3308 cantor,
577 3239 1032 3296 archidiaconus
1064 3241 1123 3295 et
1153 3239 1555 3297 thesaurarius
1588 3239 1779 3296 Eccle-

127 3333 253 3398 sim,
291 3347 323 3387 e
363 3328 727 3402 presbyteris
765 3343 919 3384 unus
959 3329 1126 3398 lingo
1160 3327 1340 3385 trater
1372 3330 1460 3386 Fr.
1492 3328 1776 3397 Gauii-idi,

1874 2526 2073 2591 nardi,
2098 2527 2453 2585 dissidentes
2482 2531 2558 2586 de
2587 2529 2914 2601 praebenda
2944 2546 2979 2587 a
3010 2530 3323 2587 monachis
3342 2530 3536 2604 perci-

1876 2616 2099 2688 pienda
2125 2617 2185 2673 in
2211 2617 2461 2675 ecclesia
2486 2619 2944 2676 canonicorum.

1947 2705 2117 2762 Circa
2140 2705 2200 2762 id
2238 2710 2478 2778 tempus
2511 2722 2651 2764 cum
2679 2707 3023 2765 Theobaldo
3055 2707 3367 2766 Parisiensi
3411 2708 3535 2780 epi·

1878 2809 2064 2867 scopo
2094 2810 2131 2851 a
2169 2809 2328 2867 papa
2346 2794 2535 2867 judex
2558 2797 2917 2854 constitutus
2943 2802 3036 2853 est
3078 2797 3537 2857 accusationum

1875 2884 1938 2940 in
1966 2882 2247 2940 abbatem
2281 2883 2750 2943 Latiniacensem
2766 2884 3051 2943 latarum.
3077 2883 3349 2942 Interfuit
3368 2900 3533 2943 anno

1885 2971 2023 3029 1156
2061 2971 2378 3030 detectioni
2412 2979 2469 3030 et
2499 2974 2860 3046 expositioni
2897 2974 3112 3032 tunicae
3150 2977 3290 3032 lesu
3330 2974 3544 3043 Christi

1881 3061 2047 3135 apud
2067 3063 2494 3133 Argentolium.
2517 3062 2827 3121 solemnes
2849 3064 3010 3135 apud
3063 3063 3418 3123 vizeliacum
3447 3079 3545 3122 or·

1881 3150 2060 3208 dines
2089 3151 2167 3208 ab
2187 3151 2407 3208 abbate
2428 3151 2712 3208 invitatus
2733 3152 3054 3209 celebravit
3073 3157 3140 3210 10
3171 3154 3352 3211 Martii
3381 3157 3540 3211 1156.

1883 3239 2231 3298 Guillelmus
2283 3256 2487 3297 comes
2532 3241 3061 3299 antissiodorensis
3089 3257 3250 3299 anno
3294 3246 3427 3300 1157
3467 3259 3540 3300 ex

1885 3328 2144 3386 formula
2167 3328 2485 3386 clientelari
2507 3331 2673 3403 apud
2703 3346 2840 3386 eum
2855 3330 3157 3404 professus
3178 3338 3289 3397 est,
3307 3338 3365 3389 et
3392 3348 3538 3390 con-

127 3436 311 3495 quem
335 3419 587 3476 electum
616 3416 971 3489 conjectant,
993 3416 1098 3491 qui
1113 3415 1375 3490 sigillum
1395 3417 1670 3475 Ecclesiae
1697 3424 1781 3475 te-
1812 3441 1859 3499 Β
1888 3418 2048 3475 venit
2073 3417 2148 3475 de
2175 3418 2403 3490 justitia
2431 3420 2687 3476 Conadoe
2714 3426 2769 3475 et
2798 3418 2928 3476 aliis
2967 3419 3283 3493 capitibus.
3314 3419 3535 3478 Eodem

129 3509 337 3576 nebat,
374 3513 434 3566 et
469 3523 502 3565 e
538 3505 814 3563 diaconis
849 3505 1014 3563 solus
1051 3506 1411 3580 Stephanus,
1462 3512 1526 3564 ut
1562 3506 1783 3565 scilicet

134 3614 257 3655 uno
283 3598 593 3655 nominato
621 3596 747 3652 duo
775 3595 1150 3666 ejicerentur,
1171 3600 1231 3652 et
1258 3595 1347 3652 sic
1367 3596 1572 3654 tertius
1595 3611 1778 3669 quem

130 3686 418 3746 volebant
444 3684 834 3744 sufficeretur.
856 3684 1087 3750 Quibus
1100 3685 1364 3757 acceptis
1392 3686 1687 3757 Eugenius
1712 3688 1779 3743 111

129 3776 340 3843 tribus,
368 3790 629 3848 quorum
667 3789 827 3831 unus
861 3777 989 3830 erat
1021 3774 1080 3831 S.
1108 3774 1461 3840 Bernardns‚
1491 3777 1682 3833 totum
1720 3774 1780 3832 id

131 3863 770 3937 negotiumcommisit,
788 3861 1010 3936 quibus
1034 3861 1286 3933 subjecit
1306 3876 1489 3935 quem
1511 3878 1548 3921 a
1568 3864 1626 3921 S.
1652 3865 1782 3920 Ber-

127 3953 323 4011 nardo
361 3953 692 4010 indicatum
722 3951 1064 4025 promoveri
1100 3949 1351 4019 volebat,
1381 3951 1686 4021 abbatem,
1720 3959 1782 4009 ut

127 4043 384 4112 videtur,
406 4043 875 4113 Rigniaoensem.
911 4039 1192 4097 Bernardi
1206 4039 1452 4113 quidem
1469 4040 1779 4098 etalterius

126 4132 192 4189 in
223 4148 411 4189 unum
432 4146 760 4188 convenere
785 4128 1266 4202 suffragiaquem
1288 4128 1654 4187 indicaverat
1672 4132 1780 4187 Eu-

127 4222 358 4295 genius,
387 4220 571 4278 altero
594 4219 958 4276 reclamante
986 4226 1043 4274 et
1067 4222 1361 4275 secretum
1389 4220 1610 4275 summi
1629 4233 1777 4290 pon·

131 4309 303 4366 tificis
331 4308 618 4382 prodente
650 4326 665 4364 ι
689 4307 851 4364 unde
871 4312 1115 4363 sanctus
1138 4306 1473 4364 Bernardus
1489 4305 1569 4364 ab
1591 4309 1782 4379 Euge-

128 4398 229 4456 nio
243 4413 404 4471 papa
414 4395 740 4469 postulavit
752 4396 946 4469 (epist.
959 4398 1088 4470 280)
1111 4395 1378 4470 suppleri
1396 4395 1561 4469 quod
1578 4398 1780 4454 minus

127 4492 273 4545 erat.
310 4485 669 4543 Restauratis
717 4484 896 4558 igitur
937 4483 1212 4550 comitiis,
1253 4485 1477 4557 quibus
1515 4485 1781 4543 interfuit

127 4578 184 4633 S.
226 4574 561 4632 Bernardus
597 4572 692 4645 (ex
732 4573 904 4647 epist.
947 4574 1092 4642 282),
1138 4572 1335 4630 clerici
1370 4574 1474 4648 qui
1513 4574 1678 4647 prius
1717 4575 1778 4632 in

125 4670 329 4738 partes
356 4663 734 4728 dissilierant,
767 4666 1095 4719 concordes
1118 4663 1179 4719 in
1201 4661 1457 4719 Alanum
1489 4662 1777 4721 abbatem

1889 3522 2054 3564 anno
2083 3505 2304 3564 Alanus
2332 3507 2818 3564 pontiniacenses
2842 3509 3061 3565 exemit
3083 3525 3118 3565 a
3141 3524 3324 3565 censu
3354 3523 3537 3581 quem

1891 3596 2120 3653 solvere
2149 3597 2506 3653 tenebantur
2526 3596 2838 3654 monachis
2854 3597 2929 3654 de
2946 3596 3128 3655 Cella.
3143 3597 3174 3653 J
3180 3614 3250 3653 us
3271 3598 3543 3656 vacantis

1891 3700 2150 3743 annonas
2168 3686 2464 3742 canonica·
2488 3684 2864 3756 regularibus
2876 3686 3076 3743 Sancti
3099 3685 3338 3744 Eusebii
3361 3701 3545 3745 cano·

1890 3775 2041 3832 nicis
2054 3773 2131 3831 ab
2154 3773 2495 3833 flumbaldo
2514 3773 2832 3831 decessore
2844 3788 3198 3832 concessum
3219 3791 3289 3832 ex
3307 3780 3542 3833 senten-

1891 3864 1975 3921 tia
2004 3862 2268 3936 capituli,
2286 3869 2479 3920 ratum
2507 3862 3182 3936 habuitan.1159‚quod
3208 3861 3544 3937 apostolica

1890 3952 2190 4010 sancivere
2214 3951 2562 4008 auctoritate
2587 3950 2915 4007 Alexander
2942 3953 3003 4008 ΙΙΙ
3036 3958 3094 4009 et
3119 3952 3419 4010 Adrianus
3449 3951 3540 4009 IV.

1891 4040 2249 4099 Revelationi
2268 4038 2651 4112 reliquiarum
2684 4041 2739 4097 S.
2760 4040 3071 4097 Genovel'oe
3095 4042 3277 4098 astitit
3310 4041 3543 4099 Parisiis

1892 4135 1960 4188 10
1996 4130 2131 4188 Jan.
2191 4135 2349 4187 1161.
2413 4130 2748 4202 insequenti
2805 4130 3209 4188 Alexandrum
3259 4130 3332 4188 111
3378 4131 3543 4205 apud

1889 4219 2541 4293 Eontempessulanum
2581 4218 2874 4286 convenit,
2919 4225 3145 4276 etcum
3176 4236 3247 4278 eo
3286 4222 3346 4277 in
3376 4222 3547 4279 Octa·

1891 4310 2136 4366 vianum
2167 4307 2620 4364 schismaticum
2650 4309 3289 4367 excommunicationis
3313 4313 3550 4368 senten·

1891 4399 2037 4454 tiam
2067 4396 2216 4454 tulit.
2261 4396 2487 4454 Bullam
2521 4397 2600 4453 ab
2629 4411 2701 4453 eo
2726 4397 3192 4471 obtinuitquam
3224 4407 3359 4471 post
3379 4399 3548 4458 Sam·

1889 4488 2243 4544 marthanos
2272 4487 2614 4542 recudimus
2652 4487 2709 4542 in
2742 4486 3077 4559 appendice
3123 4487 3227 4561 (t),
3265 4494 3328 4544 ut
3364 4487 3547 4546 duelli

1891 4576 2024 4634 loco
2046 4579 2241 4640 testes,
2275 4575 2687 4646 instrumenta,
2717 4574 2986 4648 aliasque
3003 4575 3314 4635 adhiberet
3332 4575 3549 4650 proba·

1889 4665 2100 4722 tiones.
2133 4664 2248 4721 Sed
2274 4663 2440 4720 bulla
2469 4663 2614 4720 fallit
2638 4664 2732 4721 vel
2764 4664 2823 4720 in
2851 4664 2983 4722 loco
3009 4664 3111 4721 ubi
3142 4666 3282 4723 data
3310 4666 3545 4742 legitur,

125 4754 413 4828 Ripatorii
437 4766 769 4810 convenere
781 4751 970 4824 pridie
991 4751 1290 4808 Kalendas
1304 4754 1438 4809 Dec.
1463 4756 1617 4809 1¹52.
1633 4752 1777 4809 Huic
1888 4752 1980 4810 vel
2002 4753 2061 4810 in
2083 4768 2245 4810 anno
2265 4752 2669 4827 pontificatus.
2694 4752 2757 4809 In
2776 4753 2977 4811 Galliis
2995 4754 3160 4811 enim
3188 4755 3392 4812 adhuc
3413 4770 3555 4813 ver·-

123 4849 324 4901 autem
355 4842 450 4900 cui
481 4842 684 4898 statim
723 4842 1072 4897 adversatus
1109 4840 1443 4898 Ludovicus
1481 4843 1572 4897 vn
1609 4856 1714 4899 rex
1741 4859 1780 4900 a
1885 4840 2134 4901 sabatur
2151 4841 2485 4899 Alexander
2508 4857 2670 4899 anno
2687 4858 2767 4900 iv.
2788 4843 3464 4900 Proemonstratensibus
3483 4845 3550 4903 S.

125 4947 248 5005 quo
268 4933 548 4990 obtentus
573 4945 695 4987 non
721 4929 914 4986 tuerat
941 4943 1248 4996 assensus,
1275 4928 1443 4986 brevi
1474 4945 1511 4986 a
1546 4931 1606 4989 S.
1639 4932 1775 4987 Ber-

123 5022 317 5080 nardo
334 5022 638 5093 mitigatus
665 5019 888 5075 viditur
912 5035 927 5085 ;
959 5033 1104 5075 nam
1130 5017 1353 5076 Alanus
1379 5018 1593 5076 eodem
1613 5034 1777 5078 anno

126 5113 291 5169 testis
330 5111 439 5168 ruit
475 5112 838 5168 donatarum
879 5108 1242 5166 monasterio
1284 5107 1691 5165 Arremarensi
1740 5124 1779 5167 a

126 5199 445 5258 Godefrido
481 5200 772 5274 episcopo
797 5197 1153 5269 Lingonensi
1183 5198 1592 5255 ecclesiarum.
1620 5200 1778 5255 inse·

126 5287 335 5364 quenti
362 5290 524 5346 testis
547 5289 658 5346 fuit
672 5287 884 5362 judicii
914 5302 952 5345 a
977 5287 1278 5345 Ludovico
1320 5288 1409 5344 vu
1434 5286 1498 5345 in
1522 5285 1780 5360 gratiam

200 5451 279 5527 (t)
302 5450 445 5509 Vide
466 5449 834 5525 Patroloqiae
859 5454 905 5509 t.
942 5451 1027 5510 CC
1056 5450 1120 5508 in
1147 5448 1483 5509 Alexandro
1511 5448 1611 5506 m.

1884 4931 2129 4990 Uariani
2159 4930 2466 4988 canonicis
2496 4928 2843 5001 largitiones
2890 4948 2926 4989 a
2966 4932 3409 5007 predecessore
3439 4935 3555 4990 flu·

1885 5035 2042 5095 gone
2076 5019 2263 5078 factas
2302 5034 2439 5076 cum
2492 5019 2756 5077 ecclesias
2806 5022 3236 5093 Tangiacensis
3286 5022 3555 5080 auctario

1886 5109 2167 5167 contectis
2188 5108 2404 5165 tabulis
2424 5108 2997 5182 approbavitannot
3016 5112 3136 5170 163.
3158 5112 3554 5170 SanctiAma·

1885 5198 2033 5258 toris
2070 5198 2400 5271 prioratum
2426 5195 2638 5253 eodem
2666 5210 2829 5254 anno
2856 5196 3057 5258 Sancti
3096 5201 3291 5275 Satyri
3334 5200 3558 5258 Bituri-

1888 5287 2085 5347 censis
2109 5285 2478 5345 monasterio
2490 5284 2776 5356 univit,et
2802 5300 2938 5343 cum
2973 5287 3220 5362 Hugone
3248 5292 3559 5350 senonens
