3784 6000
185 177 307 242 515
360 152 367 159 ’

1252 181 1687 245 GUILLELMI
1732 183 2112 252 TYRENSIS
2159 193 2523 257 ARCHIEP.

3377 148 3384 153 -
3473 199 3596 262 516

188 337 367 409 ouius
399 336 752 394 habitatores
780 339 991 392 terram
1024 334 1346 404 subjectam
1371 339 1427 391 et
1459 351 1634 408 regno
1651 337 1834 394 tribu-
1863 327 1918 394 Α
1948 343 2076 384 rum
2111 331 2449 395 reverentia,
2483 335 2609 387 tum
2633 339 2960 390 nostrorum
2982 332 3290 391 dilectione
3318 336 3375 390 et
3396 349 3596 391 amore

187 425 399 483 teriam
421 427 494 483 ab
511 424 1215 498 hostiumssirruptionibus
1241 429 1482 495 possent
1504 432 1823 498 protegere.

187 516 402 575 Volane
420 516 604 590 igitur
624 515 918 589 proposito
940 514 1293 584 satisfacere,
1315 517 1641 573 convocatis
1664 520 1825 591 regni

185 605 430 673 viribus,
453 620 610 661 mare
637 603 1160 674 transithlffortuum
1186 621 1200 671 ;
1231 607 1288 660 et
1317 607 1657 662 transcursa
1687 609 1826 663 Ara-

185 695 282 751 bia
313 693 590 762 secunda,
621 693 789 765 cujus
812 693 1254 765 metropolisjest
1284 692 1470 762 Petra,
1493 695 1564 750 ad
1595 695 1822 752 tertiam

183 782 463 854 pervenit.
490 781 595 838 Ubi
629 783 687 837 in
711 781 875 851 colle,
910 783 979 838 ad
999 781 1129 852 ejus
1152 781 1513 855 propositum
1534 783 1661 840 loco
1681 785 1823 841 satis

183 872 414 941 idoneo,
447 871 782 944 proesidium
809 870 1034 936 fundat,
1067 873 1180 927 situ
1217 872 1466 929 naturali
1497 878 1552 930 et
1581 874 1825 931 artificio

183 961 349 1017 valde
381 962 702 1032 munitum,
734 960 791 1015 in
816 977 930 1031 quo
962 965 1096 1031 post
1128 961 1317 1031 operis
1366 963 1824 1019 consummatio-

185 1065 318 1105 nem
352 1053 467 1106 tam
500 1051 724 1121 equites
748 1051 1199 1122 quam'pedites‚
1233 1050 1424 1122 ampla
1469 1050 1588 1107 illis
1627 1054 1824 1109 confe-

182 1154 317 1193 rens
349 1138 585 1208 praedia,
607 1137 985 1210 {habitatores
1017 1137 1202 1206 locat;
1265 1138 1594 1212 oppidoque
1636 1156 1825 1208 muro,

180 1226 467 1295 turribus,
499 1227 847 1283 antemurali
894 1231 952 1283 et
992 1225 1167 1295 vallo,
1213 1227 1413 1296 armis,
1448 1228 1600 1284 victu
1635 1232 1827 1286 etma-

183 1313 1123 1386 chinisgdiligenter·joommunito,
1147 1332 1354 1374 nomen
1377 1333 1446 1373 ex
1465 1317 1826 1390 regiadigni-

182 1406 298 1459 tate
329 1403 644 1460 deductum
666 1404 715 1460 ei
741 1405 1039 1477 imposuit,
1060 1411 1434 1478 montemque
1449 1406 1741 1479 Regalem,
1758 1423 1825 1464 eo

180 1493 335 1564 quod
356 1508 542 1565 regem
567 1492 808 1549 haberet
827 1494 1212 1559 fundatorem,
1234 1495 1512 1568 appellari
1528 1496 1817 1568 praecepit.

183 1582 285 1637 Est
313 1587 509 1638 autem
553 1583 860 1654 praedictus
909 1581 1072 1639 locus
1116 1585 1557 1640 commoditates
1599 1586 1817 1641 babens

1938 417 2239 488 libertatis,
2262 420 2410 477 intra
2431 422 2725 480 modicum
2746 425 2980 496 tempus
3001 421 3219 480 multos
3243 438 3376 479 cum
3401 422 3596 479 uxori-

1939 505 2045 562 bus
2061 510 2119 563 et
2147 506 2514 578 liberis,cum
2549 510 2827 583 gregibus
2857 511 3208 568 etarmentis
3235 515 3292 568 et
3313 510 3597 569 universa

1938 593 2160 652 familia
2189 598 2432 670 recepit.
2475 598 2643 655 Multi
2686 600 2861 655 etiam
2896 600 3022 657 sine
3068 601 3392 669 vocatione,
3425 600 3592 656 duras

1935 687 2236 744 servitutis
2260 689 2469 761 jugum
2500 690 2858 748 declinantes
2885 696 2949 748 ut
2977 692 3180 749 urbem
3209 693 3324 748 Deo
3346 691 3595 765 dignam

1936 774 2275 846 incolerent,
2308 788 2723 836 convenerunt.
2784 782 3005 847 Quibus
3038 797 3136 837 rex
3185 796 3286 838 eas
3332 780 3594 838 civitatis

1936 869 2149 935 partae,
2181 884 2306 939 quas
2340 870 2525 940 magis
2547 869 2654 925 hoc
2690 869 2896 926 solatio
2925 871 3270 927 videbantur
3298 870 3591 944 indigere,

1935 955 2258 1024 confercnS,
2290 957 2380 1014 eis
2415 958 2712 1014 domicilia
2755 959 3015 1032 replevit.

2509 1064 2742 1122 CAPUT
2765 1065 3015 1123 XXVIII.

1939 1171 2057 1227 Rea·
2101 1171 2239 1227 cleri
2283 1175 2625 1243 squestione
2671 1192 2706 1229 a
2762 1174 2985 1228 domino
3032 1189 3177 1245 papa
3226 1173 3500 1245 postulat,
3532 1179 3591 1232 ut

2008 1258 2356 1314 quascunque
2388 1247 2548 1299 urbes
2588 1246 2890 1318 subeyerit,
2931 1245 3444 1316 Hierosolymitanae
3464 1248 3588 1302 sub-

2008 1313 2213 1370 dantur
2242 1316 2520 1373 Ecclesioe.
2552 1316 3036 1389 snbjiciunturque
3058 1319 3338 1373 vat-iarum
3383 1320 3587 1388 episto-

2010 1384 2192 1442 larum
2210 1387 2502 1461 rescripta.

2005 1493 2226 1549 Interea
2255 1495 2469 1551 decidit
2497 1495 2554 1551 in
2600 1499 2854 1551 mentem
2904 1493 3140 1551 domino
3192 1495 3315 1568 regi
3358 1497 3444 1566 (et
3473 1494 3588 1553 ἴοι·-

1931 1589 2083 1640 tasse
2124 1582 2263 1640 cleri
2284 1584 2661 1657 suggestione
2709 1585 2784 1641 ad
2812 1585 2920 1640 hoc
2949 1584 3231 1653 devenit),
3263 1591 3346 1655 ut,
3384 1585 3580 1642 missis

180 1670 415 1727 secundi
446 1671 576 1733 soli,
619 1672 920 1741 frumenti,
951 1673 1070 1730 vini
1117 1678 1175 1729 et
1204 1673 1311 1729 olei
1369 1674 1566 1746 copias
1614 1675 1819 1729 uberes
1853 1698 1897 1762 B
1931 1673 2152 1730 nuntiis
2180 1674 2250 1729 ad
2277 1673 2594 1730 Ecclesiam
2619 1673 3218 1740 Romanam,domino
3245 1690 3408 1747 papie
3431 1675 3572 1747 peti-

184 1759 613 1829 ministrantis3
646 1760 986 1818 salubritate
1025 1761 1202 1817 simul
1235 1773 1287 1817 et
1323 1764 1654 1819 amoenitate
1676 1779 1822 1834 prae·

183 1849 359 1920 cipua
387 1849 758 1921 singulariter
792 1851 1294 1918 commendabilis,
1341 1857 1522 1907 totam
1555 1854 1824 1923 adjacen—

185 1942 304 1994 tem
326 1939 620 2010 regionem
645 1955 761 1997 suae
791 1941 1088 1996 vindicans
1121 1942 1346 1997 ditioni.

754 2045 1001 2119 CAPUT·
1019 2047 1256 2117 xxvii.

181 2137 297 2192 Rea:
318 2135 509 2193 videns
529 2139 721 2194 urbem
743 2143 995 2193 sarnetum
1015 2137 1417 2192 habitatoribus
1441 2154 1687 2202 vacuam,
1721 2135 1826 2207 Sy-

257 2222 345 2263 ros
390 2209 578 2280 fideles
629 2224 701 2265 ex
739 2210 951 2266 Arabia
1005 2208 1255 2270 deducit:
1303 2209 1499 2279 quibus
1544 2213 1824 2279 conserens

256 2281 568 2350 domicilia,
590 2281 722 2336 urbi
744 2297 831 2336 eos
868 2282 1152 2336 constituit
1185 2280 1537 2336 habitatores.

264 2387 344 2442 Eo
378 2396 700 2460 temporum
752 2387 1022 2452 articulo,
1071 2386 1270 2443 videns
1306 2404 1403 2443 rex
1450 2392 1506 2444 et
1545 2405 1720 2459 super
1756 2403 1821 2444 eo

182 2482 348 2538 valde
379 2478 679 2544 sollicituS,
711 2477 914 2532 urbem
949 2480 1209 2533 sanctam
1269 2485 1322 2532 et
1366 2477 1478 2533 Deo
1506 2478 1821 2535 amabilem

183 2568 612 2626 habitatoribus
661 2581 926 2632 vacuam,
957 2564 1040 2621 ita
1084 2570 1147 2620 ut
1185 2581 1251 2621 eo
1283 2568 1349 2621 ad
1401 2570 1608 2622 caetera
1663 2566 1821 2639 regni

183 2662 418 2734 negotia
447 2660 518 2716 de
549 2657 891 2714 necessitate
922 2654 1208 2728 populus’,
1233 2656 1329 2726 qui
1366 2657 1572 2713 saltem
1591 2659 1661 2713 ad
1696 2675 1819 2728 pro·

178 2751 455 2825 tegendos
499 2746 744 2806 civitatis
786 2745 1080 2814 introitus,
1130 2749 1184 2800 et
1234 2752 1421 2801 turres
1470 2748 1527 2802 et
1583 2746 1817 2815 moenia,

178 2846 382 2898 contra
406 2836 739 2910 repentinas
789 2835 1044 2894 bostium
1095 2834 1450 2905 irruptiones
1501 2835 1821 2893 munienda

179 2929 474 2988 sufficeret
498 2944 515 2996 ς
544 2926 752 2983 anxius
774 2925 1089 2994 cogitabat,
1120 2924 1278 2996 apud
1307 2941 1371 2981 se
1392 2924 1741 2994 deliberans,
1764 2931 1822 2981 et

1931 1764 2117 1820 tiones
2150 1765 2503 1836 porrigeret3
2540 1780 2779 1835 quarum
2813 1768 2979 1821 tenor
3006 1767 3151 1831 erat,
3189 1769 3253 1818 ut
3296 1780 3574 1835 quascun-

1930 1869 2035 1924 que
2066 1852 2243 1918 urbes,
2273 1869 2657 1924 quameunque
2677 1853 3024 1924 provinciam
3042 1851 3333 1909 sudoribus
3371 1852 3582 1908 bellicis

1932 1948 1983 1997 et
2028 1947 2189 2014 reyia
2233 1942 2630 2012 sollicitudine,
2686 1945 2904 1997 auctore
2939 1941 3187 2009 Domino,
3248 1941 3364 1997 sibi
3406 1950 3586 2013 posset

1933 2032 2211 2087 vindicare
2260 2042 2311 2087 et
2348 2031 2412 2087 de
2442 2035 2704 2103 potestate
2743 2031 2983 2088 hostium
3031 2031 3303 2087 violenter
3345 2033 3579 2103 eripere,

1933 2137 2113 2177 omnes
2140 2121 2343 2178 ditioni
2380 2130 2431 2176 et
2471 2122 2733 2190 reqimini
2779 2119 3293 2192 llierosolymilanae
3323 2120 3582 2178 Ecclesioe

1932 2211 2289 2282 subjacerent.
2328 2212 2511 2282 Super
2560 2227 2674 2282 quo
2702 2210 3047 2282 rescriptum
3081 2225 3115 2264 a
3157 2209 3295 2265 sede
3343 2215 3578 2280 aposto-

1932 2299 2041 2354 lica
2073 2300 2421 2372 impetravit,
2454 2302 2623 2371 cujus
2647 2307 2899 2356 tenorem
2926 2298 3194 2371 praesenti
3225 2299 3576 2355 interserere

1933 2389 2252 2445 narrationi
2283 2390 2524 2461 dignum
2558 2388 2834 2444 duximus
2868 2404 2881 2442 ε

2004 2482 2328 2545 Paeonius,
2374 2495 2558 2534 servus
2588 2494 2869 2535 servorum
2901 2477 3017 2545 Dei,
3056 2477 3288 2548 glorioso
3319 2477 3568 2534 Hieroso-

1932 2568 2205 2639 lyrnitano
2231 2570 2346 2639 reqi
2376 2569 2688 2634 Dammae,
2710 2569 2945 2624 salutem
2965 2575 3017 2624 et
3038 2565 3394 2641 apostolicam
3420 2566 3573 2624 bene·

1932 2657 2255 2713 dictionem.

2004 2748 2357 2804 Ecclesiarum
2387 2764 2506 2819 quae
2569 2750 2623 2802 in
2657 2749 2851 2803 vestris
2900 2747 3147 2818 partibus
3192 2747 3450 2817 suerunt,
3491 2745 3576 2802 vel

1928 2849 2078 2908 sunt,
2113 2841 2378 2896 terminos
2407 2845 2569 2911 atque
2597 2842 2978 2911 possessiones,
3008 2839 3232 2894 diutina
3265 2837 3577 2907 infidelium

1926 2929 2186 3002 possessio
2231 2933 2597 3000 tyrannisque
2640 2928 2887 2999 confudit
2915 2946 2934 2982 .-
2964 2944 3092 2984 cum
3134 2928 3320 2998 itaque
3399 2933 3575 2983 certos

175 3023 248 3080 ab
270 3021 402 3079 aliis
434 3019 913 3092 percunctabatur
944 3017 1323 3088 frequentius,
1348 3018 1640 3089 quomodo
1674 3016 1816 3072 lide—
1927 3021 2043 3091 ejus
2096 3021 2231 3090 fines
2294 3022 2584 3091 assiqnare
2640 3018 3027 3076 deliberatione
3068 3032 3427 3088 nequeamus,
3465 3019 3575 3074 tuis

176 3112 332 3168 libus
347 3109 597 3183 populis,
613 3106 780 3164 etDei
800 3105 1343 3163 cultoribusincolis
1367 3123 1492 3163 eam
1516 3113 1708 3179 posset
1728 3125 1812 3165 re-

177 3202 353 3275 plere.
369 3199 625 3256 Gentiles
636 3199 790 3256 enim
805 3198 901 3269 qui
918 3199 1142 3253 fuerant
1155 3198 1283 3266 ejus
1296 3196 1815 3266 habitatores,urbe

174 3289 456 3348 violenter
484 3291 739 3356 attracta,
762 3303 905 3358 pene
934 3303 1137 3341 omnes
1160 3286 1219 3341 in
1250 3286 1441 3357 gladio
1460 3286 1813 3356 ceciderant;

177 3379 229 3438 si
258 3380 357 3454 qui
387 3383 580 3436 autem
611 3392 748 3434 casu
773 3382 1090 3445 evaserant,
1110 3374 1184 3430 iis
1215 3390 1331 3431 non
1354 3379 1443 3432 est
1468 3377 1813 3433 datuslocus

175 3470 329 3527 intra
361 3470 565 3526 urbem
595 3468 666 3523 ad
700 3465 1079 3523 manendum.
1123 3463 1311 3521 Instar
1337 3464 1494 3521 enim
1525 3465 1813 3538 sacrilegii

178 3560 481 3618 videbatur
514 3559 627 3616 Deo
658 3557 879 3615 devotis
909 3556 1293 3629 principibus,
1333 3557 1384 3612 si
1433 3555 1680 3626 aliquos,
1712 3556 1811 3629 qui

176 3652 234 3707 in
267 3649 598 3707 Christiana
628 3664 742 3705 non
782 3652 1162 3705 censerentur
1200 3645 1578 3720 professione,
1610 3645 1669 3702 in
1700 3649 1812 3702 tam

174 3739 484 3798 venerabili
513 3739 639 3796 loco
669 3753 797 3795 esse
845 3737 1245 3809 permitterent
1292 3734 1666 3794 habitatores.
1700 3735 1812 3791 No-

176 3835 384 3888 strates
401 3846 534 3888 vero
547 3830 692 3887 adeo
716 3827 882 3901 pauci
906 3831 1072 3884 erant
1102 3826 1401 3898 etinopes,
1435 3830 1499 3882 ut
1519 3825 1611 3883 vix
1632 3840 1812 3881 unum

172 3924 243 3979 de
264 3921 409 3979 vicis
439 3924 678 3994 possent
717 3917 984 3976 incolere.
1045 3917 1281 3975 Suriani
1329 3919 1549 3987 autem,
1598 3916 1697 3988 qui
1740 3916 1812 3973 ab

172 4010 338 4067 initio
365 4010 528 4066 urbis
566 4009 720 4066 cives
768 4007 1123 4077 exstiterant,
1169 4012 1426 4079 tempore
1477 4004 1814 4063 hostilitatis

173 4115 275 4172 per
304 4099 517 4156 multas
537 4095 966 4164 tribulationes,
997 4104 1050 4153 et
1071 4095 1332 4152 infinitas
1355 4094 1651 4153 molestias
1671 4096 1814 4153 adeo

173 4187 286 4244 rari
315 4195 499 4257 erant,
543 4191 607 4242 ut
637 4185 803 4257 quasi
844 4183 1043 4242 nullus
1080 4200 1281 4240 eorum
1319 4192 1469 4241 esset
1508 4200 1810 4242 numerus.

172 4275 257 4329 Ab
278 4274 516 4329 introitu
548 4271 834 4342 siquidem
869 4271 1269 4329 Latinorumin
1300 4271 1813 4345 Syriam,maxime

173 4364 369 4418 autem
399 4363 729 4432 postquam,
758 4358 1065 4416 Antiochia
1095 4365 1286 4433 capta,
1318 4376 1518 4418 versus
1546 4362 1815 4421 Hieroso·

1846 3068 1897 3135 G

1922 3112 2179 3181 precibus
2200 3128 2311 3166 non
2341 3110 2614 3165 immerito
2642 3109 2901 3164 duximus
2920 3107 3299 3176 annuendum,
3329 3115 3417 3177 ut,
3442 3108 3575 3180 quia

1918 3215 2020 3270 pro
2051 3201 2569 3271 Hierosolymitanae
2592 3197 2852 3255 Ecclesiae
2869 3198 3261 3254 sublimatione
3279 3211 3568 3269 personam

1924 3295 2073 3345 tuam
2105 3291 2369 3345 extremis
2396 3289 2661 3359 periculis
2688 3302 2957 3359 exponere
2985 3286 3272 3353 devovisti,
3300 3300 3575 3358 quascun-
3639 3291 3644 3295 '

1922 3394 2025 3451 que
2055 3377 2364 3447 infidelium
2392 3378 2549 3433 urbes
2578 3376 2808 3447 ceperiS,
2835 3375 2918 3431 vel
2938 3376 3159 3446 cepisti,
3190 3374 3433 3442 eiusdem
3462 3377 3570 3431 Eo·

1919 3468 2096 3524 clesiae
2125 3466 2390 3538 reqimini
2412 3466 2777 3538 dignitatique
2794 3465 3136 3534 subiaceant.
3166 3464 3339 3522 Porro
3357 3478 3575 3520 earum·

1921 3558 2043 3614 dem
2074 3558 2362 3613 civitatum
2392 3556 2652 3627 episcopi,
2682 3554 3051 3626 patriarehae,
3073 3554 3576 3625 tanquamproprio

1921 3647 2357 3719 metropolitano,
2380 3644 2748 3702 obedientiam
2777 3642 3031 3699 exhibere
3067 3646 3360 3714 procurent
3378 3661 3401 3706 ,·
3434 3657 3575 3714 qua·

1922 3743 2075 3795 uvius
2105 3738 2156 3793 ei
2185 3736 2298 3806 ipse
2325 3735 2551 3790 illorum
2582 3733 2757 3803 [ultus
2785 3733 3093 3804 suffragiis,
3134 3741 3184 3788 et
3211 3733 3320 3804 ipsi
3347 3731 3573 3787 adinvi-

1920 3842 2035 3883 cem
2063 3824 2235 3896 ipsius
2266 3822 2655 3880 unanimitatis
2692 3822 2904 3877 auxilio
2934 3824 3196 3890 vegetati,
3241 3823 3320 3876 sie
3358 3821 3421 3876 in
3459 3821 3577 3875 Hei·

1921 3914 2338 3986 rosolymitanae
2366 3912 2626 3968 Ecclesia?
2653 3912 2997 3967 exaltatione
3043 3911 3362 3982 proficiant,
3407 3913 3471 3965 ul
3509 3909 3575 3965 de

1921 4004 2150 4062 illorum
2174 4001 2509 4074 profectibus
2528 4002 2868 4072 omnipotens
2900 4001 3040 4056 Deus
3066 4000 3366 4072 qlorietur.

1990 4094 2129 4149 Data
2157 4093 2418 4147 Laterani
2445 4106 2479 4146 v
2508 4088 2634 4145 Idus
2663 4089 2821 4147 tatii.

1993 4183 2076 4239 Ad
2140 4181 2474 4254 petitionem
2523 4194 2757 4251 quoque
2805 4178 3070 4249 ejusdem
3111 4177 3333 4235 domiui
3394 4178 3571 4249 regis,

1925 4273 2081 4332 idem
2112 4270 2388 4327 dominus
2418 4267 2736 4337 paschalis,
2769 4268 3005 4324 domino
3036 4266 3378 4339 patriarchas
3402 4267 3577 4322 Gibe·

1924 4360 2066 4430 lino,
2097 4364 2152 4416 et
2184 4358 2621 4416 successoribus
2643 4358 2766 4426 eJus
2810 4357 2869 4414 in
2902 4361 3249 4429 perpetuum
3271 4371 3449 4426 super
3485 4370 3579 4412 eo-

172 4450 393 4526 lymam
425 4447 663 4507 tendere
683 4450 858 4521 coepit
887 4450 1194 4519 exercitus,
1224 4452 1364 4507 adeo
1398 4453 1706 4523 praedictos
1724 4455 1820 4513 Dei
1849 4449 1897 4513 D
1928 4450 2060 4508 dem
2089 4448 2331 4505 articulo
2380 4447 2745 4522 privilegium
2773 4446 3119 4516 indulserat,
3146 4446 3317 4517 cuiue
3360 4444 3577 4502 rescri-

172 4539 429 4600 famulos
458 4539 724 4598 concives
745 4554 952 4597 eorum
993 4544 1292 4610 coeperunt
1321 4538 1596 4614 affligere,
1622 4546 1686 4600 ut
1715 4560 1816 4616 pro

167 4630 429 4705 quolibet
448 4630 558 4687 levi
589 4630 763 4687 verbo
796 4628 1007 4686 multos
1040 4644 1109 4685 ex
1138 4629 1221 4685 eis
1255 4629 1623 4701 ‚occideteum
1664 4634 1819 4691 aetati

173 4738 292 4779 non
323 4724 651 4794 parcentes,
682 4723 784 4777 aut
820 4718 1139 4776 conditioni
1173 4735 1187 4774 ε
1221 4723 1521 4792 suspectos
1567 4738 1667 4780 eos
1715 4723 1817 4779 ha-

170 4812 400 4879 bentes,
425 4810 579 4883 quod
603 4808 1003 4867 Occidentales
1027 4808 1334 4881 principeS,
1358 4810 1459 4882 qui
1480 4810 1820 4869 dicebantur

172 4900 466 4969 advenire,
507 4902 566 4957 in
599 4917 801 4958 eorum
834 4900 1151 4973 perniciem
1182 4899 1299 4974 ipsi
1327 4899 1534 4958 litteris
1566 4908 1623 4960 et
1660 4922 1820 4962 nun-

176 4989 271 5045 tiis
298 4994 652 5046 evocassent.
686 4990 780 5047 Sic
810 5006 947 5063 ergo
964 5006 1068 5062 pro
1090 4990 1216 5061 ejus
1241 4990 1600 5050 desolatione
1614 5011 1815 5052 curam

175 5094 388 5150 gerens
421 5079 696 5149 debitam,
729 5080 1139 5136 sciscitabatur
1158 5079 1495 5153 diligentius
1517 5085 1669 5141 unde
1698 5086 1817 5143 illic

176 5170 333 5227 cives
365 5172 562 5241 posset
590 5185 850 5240 evocare,
868 5170 1221 5241 tandemque
1243 5170 1448 5227 didicit
1475 5175 1629 5243 quod
1653 5180 1818 5232 trans

174 5256 492 5313 Jordanem
523 5254 582 5312 in
622 5256 835 5312 Arabia
874 5255 1044 5313 multi
1084 5254 1284 5313 fideles
1312 5256 1371 5313 in
1403 5256 1558 5314 villis
1588 5258 1819 5318 habita-

176 5349 328 5414 rent,
360 5344 460 5417 qui
500 5345 607 5402 sub
638 5347 913 5419 gravibus
941 5344 1381 5404 conditionibus
1412 5347 1678 5408 hostibus
1708 5368 1819 5408 ser·

175 5432 409 5490 viebant
436 5433 491 5489 in
519 5435 758 5492 tributo.
803 5434 918 5492 Hos
965 5451 1211 5493 evocans
1262 5437 1536 5495 dominus
1586 5455 1702 5513 rex,
1763 5447 1821 5499 et

178 5519 449 5579 meliores
478 5523 822 5595 promittens
843 5524 1229 5592 conditiones,
1260 5528 1475 5584 tractos
1506 5531 1632 5585 tum
1656 5529 1819 5588 loco-

1926 4544 2087 4611 ptum
2119 4538 2255 4596 huic
2286 4537 2558 4611 praesenti
2590 4535 2910 4594 narrationi
2957 4535 3302 4593 interserere
3339 4532 3578 4591 curavi-

1923 4647 2098 4699 mus;
2137 4630 2314 4701 cujus
2347 4627 2659 4684 verbasunt
2687 4627 2811 4683 haec
2845 4642 2858 4682 :

1998 4722 2306 4777 Pascuams
2357 4719 2665 4789 episcopus,
2707 4732 2895 4773 servus
2957 4731 3232 4771 servorum
3275 4712 3395 4780 Dei,
3430 4728 3578 4770 reve·

1924 4807 2243 4868 rendissimo
2284 4808 2451 4878 fratri
2480 4807 2972 4879 Hierosolymitano
3010 4804 3342 4876 patriarcha
3399 4803 3578 4859 Gina-

1926 4915 2079 4959 nmo,
2136 4904 2191 4953 et
2236 4896 2628 4952 suecessoribus
2671 4897 2787 4963 eius
2828 4899 2887 4951 in
2935 4899 3262 4968 perpetuum
3308 4893 3575 4949 canonice

1924 4985 2329 5061 promovendis.

1998 5076 2309 5137 Secundum
2369 5078 2707 5132 mutationes
2771 5084 3070 5148 temporum
3149 5079 3579 5143 transferuntur

1924 5173 2089 5228 etiam
2126 5183 2299 5239 reona
2321 5172 2600 5222 terrarum
2631 5182 2649 5219 .·
2677 5165 2822 5221 unde
2851 5166 3022 5221 etiam
3069 5160 3575 5221 ecclesiasticarum

1924 5258 2323 5335 parochiarum
2351 5256 2507 5326 fines,
2525 5258 2582 5310 in
2610 5256 2884 5327 plerisque
2905 5254 3202 5327 provinciis
3234 5249 3443 5306 mutari
3470 5264 3578 5306 ex-

1923 5350 2094 5424 pedit,
2124 5352 2175 5405 et
2196 5348 2508 5415 transferri.
2550 5345 2883 5402 Asianarum
2912 5342 3180 5418 siquidem
3208 5341 3576 5399 ecelesiarum

1925 5442 2058 5512 fines
2096 5436 2346 5510 antiquis
2365 5438 2592 5504 suerunt
2620 5434 3031 5506 definitionibus
3059 5432 3355 5488 distributi
3383 5448 3401 5496 ς
3433 5444 3571 5503 quas

1919 5528 2356 5594 distributiones,
2375 5525 2726 5582 diversarum
2757 5526 3001 5583 diversae
3027 5521 3160 5596 fidei
3179 5520 3436 5594 acutium
3466 5535 3571 5576 eon
