3784 6000
270 201 351 262 75
1068 266 1073 271 ,
1325 192 1667 256 ARNULFI
1710 190 2226 255 LuxovaSIS
2270 188 2622 254 EPISCOPI
3607 196 3686 255 76

267 341 429 399 ¹⁴⁰⁸·
474 338 742 413 ‘08301200
790 352 825 395 Β
872 332 1224 393 m⁰n⁸⁸t⁰¹⁵i⁰
1260 334 1359 390 ⁸¹¹⁰
1387 332 1514 389 ³5³⁰
1552 330 1812 404 θΡῙΒῦΟΡῑ
1842 334 1930 399 tui
1959 347 2015 414 Α
2041 352 2154 405 tum
2201 346 2586 418 impenditur,
2633 345 2921 419 quidquid
2968 347 3056 403 vel
3086 345 3322 403 animus
3353 347 3691 421 cogitando,

266 429 675 490 benedictione
724 430 784 483 et
811 423 1166 483 conscientia
1193 420 1541 479 discessisti.
1560 422 1791 489 Quanta
1816 435 1925 477 au-

264 525 389 579 tem
427 519 664 578 iuterim
695 516 851 574 idem
882 511 1305 571 monasterium
1332 511 1393 567 in
1425 509 1836 585 spiritualibus
1864 515 1927 567 et

265 608 690 683 temporalibus
739 606 1087 663 detrimenta
1115 616 1454 675 perpessum
1504 600 1601 671 sit,
1630 603 1689 657 et
1718 601 1924 656 tratres

264 701 549 764 sentiunt.
578 699 636 754 et
664 699 785 753 tota
822 694 980 766 regio
1028 694 1399 765 protestetur.
1446 688 1761 748 Nuntiatur
1787 704 1924 746 vero

262 786 431 847 nobis
472 793 528 843 te
582 784 641 842 in
687 781 899 856 Anglia
954 777 1103 839 nihil
1149 780 1267 839 nisi
1313 779 1446 838 lites
1491 783 1548 836 et
1597 777 1926 836 calumnias

260 890 541 943 exercere,
573 875 793 931 etcum
813 871 971 946 gravi
1001 868 1336 928 monasterii
1364 868 1449 925 tui
1487 871 1754 940 sumptu,
1794 865 1923 923 sine

262 965 391 1025 utili
420 978 598 1023 causa
642 966 827 1021 totam
874 961 1204 1034 disquirere
1248 958 1568 1032 regionem.
1597 961 1781 1028 Super
1807 971 1922 1029 quo

260 1053 648 1114 revocandum
696 1056 755 1109 te
799 1051 1082 1109 duximus
1130 1055 1187 1105 et
1226 1048 1289 1105 in
1322 1047 1538 1106 virtute
1582 1045 1923 1104 obedientia

259 1142 711 1217 injungendum,
759 1142 828 1196 ut
872 1138 1025 1196 inira
1057 1137 1186 1197 Kal.
1226 1137 1475 1212 Augusti
1500 1135 1804 1208 dispositis
1829 1148 1922 1192 re·

258 1236 372 1292 bne
400 1232 524 1291 illis
552 1231 797 1299 utiliter,
847 1230 921 1288 ad
972 1228 1392 1287 monasterium
1443 1227 1768 1296 revertaris,
1807 1224 1923 1282 nisi

257 1322 351 1383 vel
379 1321 738 1392 infirmitate,
771 1319 857 1377 vel
886 1322 1229 1392 tempestate
1258 1317 1486 1375 marina
1514 1314 1694 1373 tueris
1730 1314 1919 1388 impe·

260 1414 437 1473 ditus.
484 1412 671 1470 Nosse
716 1410 933 1468 etenim
982 1408 1160 1466 debes
1188 1408 1339 1480 quod
1391 1405 1735 1480 propensior
1780 1421 1919 1462 cura

258 1503 574 1563 animabus
593 1505 684 1559 est
701 1499 1096 1574 impendenda
1115 1514 1296 1571 quam
1319 1498 1517 1555 rebus.
1536 1493 1920 1569 Ideoquenisi

256 1592 413 1651 intra
438 1590 592 1651 diem
634 1589 992 1665 assignatam
1022 1588 1273 1656 veneris,
1305 1603 1414 1646 nos
1439 1586 1546 1644 tibi
1576 1586 1918 1644 mandatum

258 1682 489 1740 mittere
516 1679 775 1741 severius
806 1679 1112 1752 oportebit.

998 1803 1190 1861 XLVI.

487 1930 563 1972 an
590 1928 923 1972 wana-:auu
951 1925 1323 1967 Annamatia
1353 1924 1698 1967 ruscorum.

328 2038 767 2107 Querimoniam
786 2050 963 2109 quam
993 2050 1065 2091 ex
1095 2032 1329 2102 litteris,
1360 2049 1509 2107 quae
1530 2032 1678 2091 mihi
1705 2051 1739 2092 a
1763 2033 1925 2092 vobis

259 2128 580 2188 novissime
625 2126 945 2185 destinatas
972 2124 1196 2197 accepi,
1221 2128 1448 2197 gratam
1476 2124 1790 2182 admodum
1821 2122 1923 2182 ha.

261 2217 381 2289 bul,
412 2218 552 2290 quia
598 2215 783 2287 magis
825 2213 1039 2272 excitat
1095 2213 1371 2285 gratiam,
1420 2229 1597 2285 quam
1646 2213 1924 2273 delictum

258 2320 507 2381 arguere
528 2306 848 2363 videbatur.
880 2302 1133 2368 Questus
1179 2300 1339 2358 enim
1368 2302 1513 2357 estis
1544 2309 1671 2373 post
1702 2301 1927 2375 aliquot

259 2394 538 2469 epistolas
586 2396 834 2461 vestras,
892 2388 1122 2449 nullum
1171 2406 1274 2447 vos
1321 2407 1356 2446 a
1412 2389 1582 2447 nobis
1629 2392 1925 2464 accepisse

258 2483 627 2556 rescriptum,
656 2485 714 2539 et
760 2496 870 2539 nos
913 2478 1279 2537 devotionem
1319 2482 1572 2536 vestram
1618 2479 1771 2537 inter
1808 2497 1922 2538 cm-

258 2576 419 2632 teros
465 2588 582 2630 non
631 2571 744 2629 nisi
782 2570 977 2627 verbis
1023 2569 1438 2626 communibus
1496 2569 1801 2628 salutasse.
1854 2573 1918 2628 In

258 2680 377 2737 qno
396 2660 655 2719 intellexi
679 2661 835 2734 qnod
856 2658 1185 2731 benignitas
1204 2662 1392 2716 vestre
1415 2658 1597 2716 multo
1626 2660 1920 2718 desiderio

254 2753 331 2810 ad
394 2749 759 2823 complexum
804 2749 973 2806 nobis
1030 2756 1246 2805 mutum
1294 2747 1593 2805 eharitatis
1643 2750 1916 2818 occurrit,

257 2842 414 2917 quod
444 2856 553 2915 ego
573 2839 775 2898 multis
807 2837 1081 2912 quesisse
1110 2836 1345 2908 studiis,
1364 2837 1569 2896 multis
1600 2838 1917 2897 debueram

256 2929 549 3005 obsequiis
593 2927 934 2986 redemisse.
985 2926 1056 2984 Et
1084 2926 1372 2994 scalentem,
1403 2928 1516 2985 nisi
1548 2929 1917 2987 occasionem

258 3020 405 3079 mibi
432 3019 779 3079 contulisset
811 3017 928 3092 (38)
977 3018 1263 3080 absentia.
1312 3033 1442 3091 quea
1493 3016 1638 3075 mihi
1686 3035 1920 3091 semper

256 3110 540 3168 hactenus
569 3111 833 3180 optatum
861 3110 1067 3164 vestro
1115 3107 1447 3164 serenitatis
1491 3106 1696 3165 invidit
1741 3124 1915 3180 aspe-

254 3203 441 3257 ctum.
471 3201 753 3271 Regnum
782 3200 908 3253 erat
937 3195 1104 3266 mihi,
1135 3196 1184 3253 si
1215 3212 1468 3268 praesens
1496 3196 1555 3253 in
1588 3196 1776 3254 oculis
1813 3213 1914 3254 ve-

254 3286 393 3347 stris
420 3285 671 3361 gratiam
702 3283 1071 3343 invenissem.
1095 3283 1288 3355 Maius
1316 3289 1404 3342 est
1430 3285 1586 3358 quod
1618 3301 1744 3342 eam
1769 3285 1917 3343 mihi

253 3375 412 3434 ultro
435 3390 626 3449 usque
647 3374 720 3432 ad
741 3372 1069 3431 Occidentis
1094 3374 1411 3431 novissima
1430 3374 1755 3432 destinatis.
1782 3375 1915 3433 Pul-

251 3467 460 3526 chrum
509 3481 650 3525 sane
697 3469 757 3522 et
806 3462 1185 3537 praedioaudoe
1233 3462 1594 3522 liberalitatis
1632 3466 1912 3538 officium,

250 3555 429 3616 nullis
468 3555 802 3627 impensum
842 3552 1089 3621 meritis,
1124 3551 1303 3610 nullis
1333 3555 1697 3625 redemptum
1730 3556 1912 3627 preci-

249 3645 384 3714 bus,
430 3643 610 3704 nullis
654 3641 959 3700 beneflciis
988 3644 1406 3714 comparatum.
1447 3641 1605 3700 Nihil
1637 3643 1693 3700 in
1727 3660 1793 3702 eo
1823 3649 1916 3702 est

249 3734 411 3808 quod
444 3732 709 3792 benefldi
741 3731 967 3789 minuat
1014 3730 1398 3802 majestatem.
1431 3731 1600 3803 Apud
1638 3733 1784 3791 alios
1831 3734 1915 3791 si-

248 3824 482 3898 quidem
532 3826 699 3880 actus
753 3835 927 3878 mern
957 3818 1322 3877 liberalitatis
1370 3821 1623 3890 evanuit,
1655 3822 1754 3879 sed
1787 3823 1915 3880 ubi-

248 3913 550 3986 quainter
598 3909 1008 3968 contrahentes
1046 3908 1276 3966 animos
1323 3908 1622 3982 negotium
1667 3911 1889 3982 geritur

246 4001 392 4057 dnm
419 4015 554 4070 spes
600 3998 879 4057 creditrix
901 4002 962 4056 et
990 3998 1241 4055 debitrix
1269 4000 1472 4071 gratiis
1511 4015 1606 4058 res
1635 4016 1913 4074 compen·

245 4090 401 4147 sant.
451 4087 726 4160 Magnum
758 4090 957 4142 tamen
987 4089 1077 4143 est
1125 4086 1311 4154 hodie,
1343 4087 1394 4143 si
1422 4089 1555 4161 quis
1583 4091 1909 4149 amicorum

247 4175 466 4235 meritis
514 4174 639 4248 pari
714 4173 1084 4245 premiorum
1153 4177 1628 4246 compensatione
1675 4194 1907 4251 respon.

245 4266 402 4333 deat,
436 4264 633 4336 mains
660 4267 752 4321 est
774 4277 947 4320 omne
977 4262 1249 4320 meritum
1288 4263 1471 4321 animi
1504 4266 1908 4338 magnitudine

246 4352 583 4425 provenire.
643 4349 1011 4408 Provenistis
1087 4360 1282 4409 autem
1346 4367 1460 4422 me,
1531 4358 1907 4430 vestrumque

2033 436 2121 493 vel
2163 436 2458 508 operando
2507 450 2722 507 corpus
2750 434 2840 491 vel
2896 434 3204 492 facultates
3231 436 3545 494 conterunt
3571 453 3694 495 ero·

2033 525 2246 598 gando.
2295 524 2414 581 Hoc
2445 523 2625 597 igitur
2653 524 2807 596 apud
2851 523 3262 595 mejudicium
3298 524 3447 582 mibi
3501 542 3694 599 perse·

2035 619 2194 672 veret
2224 619 2281 671 et
2328 614 2535 688 gratia.
2579 613 2759 671 Vobis
2805 613 3187 672 nihilominus
3234 615 3391 688 apud
3445 630 3539 671 me
3568 632 3696 690 pro·

2033 704 2230 761 misso
2259 703 2584 761 devotionis
2627 720 2745 761 non
2792 707 3051 776 tepescet
3083 704 3353 776 effeetus,
3382 706 3452 761 nt
3469 704 3697 765 scilicet

2032 791 2177 849 alter
2225 792 2287 849 in
2361 792 2608 849 alterius
2656 792 3190 864 opportunitatibus
3238 792 3532 851 monitore
3575 810 3694 852 non

2032 892 2219 956 egeat,
2267 883 2365 940 sed
2413 883 2601 940 zelum
2648 882 2948 940 charitatis
2995 881 3227 940 alterum
3268 883 3692 942 communicati

2031 972 2206 1029 officii
2236 972 2441 1045 probet
2469 971 2734 1031 effectus.

2757 1097 2979 1155 XLVII.

2383 1204 2457 1244 an
2489 1203 2803 1244 xriscoruu
2840 1202 3335 1245 suoousurnsxu.

2103 1296 2274 1353 Lator
2293 1294 2672 1369 presentium
2697 1294 2885 1351 illium
2917 1296 3202 1351 minorem
3233 1295 3394 1352 eunti
3417 1296 3493 1353 ad
3525 1296 3696 1354 scho-

2028 1385 2119 1442 las
2161 1385 2450 1443 avunculo
2479 1385 2929 1450 commendavit,
2982 1390 3144 1442 ratus
3192 1386 3349 1458 quod
3397 1385 3593 1459 ipsum
3621 1386 3694 1444 ad

2030 1476 2460 1548 propensiorem
2511 1475 2674 1547 pueri
2721 1489 2923 1531 curam
2968 1473 3284 1548 propinqui
3336 1476 3528 1549 gratia
3557 1493 3694 1534 san·

2029 1564 2228 1636 guinis
2259 1563 2587 1622 inclinaret.

2101 1652 2203 1711 ille
2246 1670 2382 1711 vero
2409 1653 2504 1710 his
2542 1668 2668 1726 quae
2693 1653 2766 1711 ad
2809 1653 3222 1710 exhibitionem
3255 1654 3425 1726 pueri
3456 1670 3694 1728 compa-

2028 1745 2157 1799 rata
2184 1743 2434 1813 inerant,
2457 1741 2756 1815 profusius
2775 1742 3049 1815 erogatis,
3075 1758 3324 1814 puerum
3346 1744 3546 1817 ipsum
3567 1744 3696 1801 cui-

2028 1833 2165 1890 dam
2195 1831 2404 1889 clerico
2445 1831 2681 1890 nomine
2731 1831 2991 1906 pignoris
3037 1830 3341 1906 obligavit,
3374 1830 3510 1891 licet
3555 1849 3696 1892 con·

2028 1925 2249 1979 tractus
2297 1920 2589 1993 ejusmodi
2628 1936 2735 1979 nec
2775 1920 2849 1977 de
2889 1923 3019 1991 iure
3064 1925 3312 1993 teneret,
3363 1937 3471 1979 nec
3523 1922 3693 1980 bonis

2026 2010 2201 2069 etism
2231 2009 2494 2068 moribus
2506 2011 2856 2068 conveniret.
2888 2009 3097 2067 Libera
3123 2010 3415 2083 siquidem
3443 2027 3693 2085 persona

2027 2101 2157 2158 sine
2185 2099 2418 2174 proprio
2448 2115 2739 2157 consensu
2762 2114 2881 2158 nou
2903 2099 3091 2171 potuit
3118 2099 3388 2174 obligari,
3421 2116 3693 2172 puerum·

2030 2205 2141 2262 que
2190 2189 2250 2245 id
2282 2189 2470 2247 aetatis
2516 2188 2847 2246 consentire
2891 2205 3010 2246 non
3041 2204 3232 2260 posse,
3263 2195 3454 2246 vestra
3483 2188 3693 2263 peritia

2028 2296 2145 2337 non
2175 2279 2426 2351 ignorat.
2458 2278 2740 2336 Caeterum
2766 2293 2884 2335 non
2913 2281 3141 2335 tantum
3164 2277 3361 2343 sortis.
3385 2276 3488 2335 sed
3510 2278 3690 2336 etiam

2029 2384 2345 2426 usurarum
2368 2367 2605 2424 nomine
2626 2368 2929 2438 retinetur,
2953 2367 3286 2440 factumque
3304 2370 3425 2424 tam
3451 2381 3692 2425 enorme

2027 2474 2144 2515 non
2196 2475 2230 2516 a
2277 2456 2541 2515 mutari
2591 2472 2857 2530 persona,
2918 2456 3018 2514 sed
3068 2472 3102 2512 a
3145 2456 3358 2514 clerico
3407 2457 3690 2530 quodam,

2026 2547 2274 2619 ipsoque
2320 2547 2635 2604 domestico
2681 2550 2888 2615 vestro,
2930 2545 3018 2603 vel
3068 2545 3369 2604 domestici
3410 2544 3532 2602 tilio
3564 2544 3690 2604 fleri

2027 2634 2394 2709 predicatur.
2429 2634 2719 2692 Mirantur
2746 2634 2846 2707 qui
2868 2634 3118 2693 audiunt
3139 2632 3262 2691 haec
3287 2652 3323 2691 a
3345 2634 3511 2692 vobis
3538 2634 3693 2693 inter

2025 2722 2153 2796 ipsa
2182 2725 2370 2781 sancti
2398 2723 2769 2795 episcopatus
2807 2723 2978 2781 vestri
3029 2722 3344 2794 primordia
3380 2722 3688 2805 sustineri,

2029 2826 2159 2885 quae
2208 2826 2312 2867 neo
2334 2810 2581 2882 justitiae
2632 2811 2790 2883 rigor
2816 2810 3146 2879 incorrepta
3192 2810 3541 2881 relinquere,
3585 2825 3690 2868 neo

2024 2899 2313 2972 impunita
2365 2899 2569 2956 debuit
2619 2898 2896 2956 severitas
2939 2898 3332 2956 ecclesiastica
3374 2898 3688 2972 preterire,

2034 2985 2293 3044 Clericus
2322 2986 2537 3043 etenim
2588 2990 2775 3044 vester
2809 2986 3117 3044 manifeste
3162 2985 3236 3043 de
3285 2985 3475 3060 plagio
3505 2986 3690 3044 conil-

2031 3080 2205 3146 tetur,
2239 3077 2338 3134 sed
2369 3081 2425 3133 et
2455 3093 2665 3133 usuras
2692 3092 2839 3149 quas
2868 3077 3189 3134 detestatur
3218 3075 3474 3133 Ecclesia
3505 3074 3692 3133 nihil-

2024 3166 2263 3223 ominus
2292 3165 2664 3237 impudenter
2694 3167 2973 3237 exposcit.
3004 3165 3168 3233 Quod
3197 3164 3246 3221 si
3278 3180 3513 3232 usuras,
3543 3178 3688 3237 qno-

2023 3256 2182 3313 niam
2204 3255 2419 3311 odiosae
2433 3258 2592 3322 sunt,
2616 3253 2992 3326 insumptum
3015 3253 3392 3311 exhibitionis
3407 3253 3690 3326 impenso

2025 3362 2206 3419 puero
2232 3343 2570 3418 malignitas
2590 3349 2785 3403 astuta
2803 3345 3102 3414 convertit,
3135 3344 3563 3418 respondemus
3584 3343 3687 3402 ubi

2024 3437 2368 3511 principalis
2399 3436 2678 3510 obligatio
2707 3438 2942 3494 sublata
2971 3441 3081 3507 est,
3113 3452 3364 3511 puerum
3396 3437 3469 3494 de
3499 3451 3692 3496 ωοοῦ-

2022 3526 2197 3583 soriis
2243 3543 2359 3584 non
2413 3526 2619 3592 teneri,
2650 3525 2754 3582 sed
2808 3541 2948 3583 eum
2979 3525 3334 3598 injuriarum
3351 3529 3692 3599 competere

2024 3615 2219 3688 potius
2259 3615 2573 3683 actionem,
2613 3615 2769 3686 quod
2819 3614 3144 3686 ingenuum
3183 3629 3449 3686 puerum,
3475 3613 3693 3673 libera·

2025 3701 2186 3761 libus
2208 3705 2431 3761 artibus
2449 3703 2890 3776 applicandum,
2907 3703 3265 3761 subductum
3293 3704 3467 3777 patri,
3486 3720 3692 3778 propo-

2020 3792 2153 3850 sitis
2199 3809 2315 3850 non
2346 3791 2679 3864 permiserit
2706 3791 2917 3850 officiis
2961 3792 3258 3865 applicari.
3290 3793 3554 3867 Denique
3579 3809 3689 3868 ego

2019 3897 2183 3939 ovem
2235 3897 2421 3939 meam
2454 3899 2489 3940 a
2529 3881 2717 3952 vobis,
2750 3888 3030 3956 tauquam
3076 3901 3110 3938 a
3147 3882 3373 3954 jndice,
3404 3883 3691 3942 adversus

2018 3969 2392 4027 confitentem
2437 3971 2506 4027 de
2554 3970 2898 4028 criminibus
2945 3969 3234 4028 instanter
3280 3985 3551 4043 exposco,
3591 3987 3690 4030 vo·

2018 4059 2227 4133 bisque
2268 4059 2690 4132 providendum
2720 4064 2832 4132 est,
2864 4064 2929 4117 ut
2968 4060 3120 4118 circa
3149 4059 3265 4118 boo
3291 4059 3460 4118 vobis
3489 4060 3692 4119 since·

2017 4149 2160 4207 ritas
2189 4150 2379 4216 rama,
2411 4165 2525 4205 non
2548 4148 2802 4206 charitas
2831 4148 3232 4219 fraternitatis,
3265 4164 3445 4223 puero
3475 4148 3687 4208 debito

2017 4238 2249 4312 pietatis
2279 4241 2655 4296 conservetur
2691 4238 2957 4306 affectus,
2990 4239 3271 4311 quoniam
3302 4239 3353 4297 si
3380 4253 3546 4296 reum
3579 4254 3688 4312 per

2014 4326 2248 4399 culpam
2282 4331 2555 4394 vestram,
2589 4328 2743 4399 quod
2766 4325 2953 4383 absitl
2977 4327 3278 4401 contingat
3310 4326 3486 4396 elabi,
3518 4343 3629 4385 nos
3649 4342 3688 4384 a

244 4445 417 4497 mm,
460 4439 817 4511 dignationi„
867 4439 1253 4497 „summoue
1296 4441 1540 4510 sociam,
1571 4458 1673 4514 pm.
1723 4460 1903 4517 quam
1939 4407 1984 4472 D
2015 4430 2110 4472 reo
2142 4415 2400 4472 fortassis
2428 4415 2487 4470 in
2512 4416 2773 4486 Judicem
2805 4416 3030 4474 actione
3060 4416 3416 4474 subsidiaria
3446 4432 3684 4475 conver-

242 4529 697 4602 mihijudicium
727 4527 1174 4586 existimationis
1222 4537 1444 4597 vestra,
1491 4536 1547 4587 et
1577 4531 1904 4592 dilectionis

241 4616 527 4674 exhibetis
574 4616 866 4674 affectum.
917 4614 1101 4672 Multa
1148 4615 1322 4688 igitur
1374 4616 1520 4673 mihi
1569 4618 1640 4675 de
1681 4620 1905 4691 judicio

239 4706 692 4765 existimationis
754 4710 959 4763 vestrm
1016 4705 1228 4762 crescit
1299 4704 1491 4775 elatio,
1577 4708 1764 4767 multa
1832 4711 1906 4769 de

238 4795 595 4853 confidentia
640 4795 837 4867 gratiae
887 4793 1170 4851 securitas
1202 4793 1274 4851 ad
1306 4810 1511 4852 omnes
1543 4803 1905 4869 praeparatur

239 4886 498 4940 eventus.
546 4883 821 4954 Magnum
869 4883 1164 4956 siquidem
1206 4890 1295 4940 est
1319 4883 1609 4953 judicium
1639 4887 1905 4953 simulet

238 4971 488 5045 gratiam
511 4970 795 5030 meruisse
807 4974 1131 5045 prudentis,
1146 4989 1282 5032 cum
1304 4972 1810 5036 alterumillustret
1828 4979 1903 5037 ad

237 5059 500 5135 gloriam,
516 5059 768 5117 alterum
794 5062 1059 5133 proficiat
1078 5063 1151 5120 ad
1176 5071 1529 5137 proventum.
1551 5065 1702 5131 Quid
1724 5068 1904 5141 ergo?

238 5150 386 5218 Quid
417 5148 733 5207 retribuam
777 5149 1023 5209 Domino
1054 5170 1181 5212 meo
1224 5171 1327 5226 pro
1358 5154 1451 5214 his
1481 5171 1610 5228 quoe
1630 5159 1904 5223 attribuit

240 5237 385 5295 mibi
401 5237 612 5309 iwani.
639 5240 789 5310 cxv).
814 5238 1036 5312 Nempe
1056 5243 1243 5298 totum
1266 5244 1593 5302 devotionis
1605 5246 1902 5318 affectum,

239 5341 358 5399 quo
387 5324 535 5382 nihil
561 5327 754 5399 majus
783 5326 1004 5398 offerri,
1027 5327 1174 5386 nihil
1197 5329 1727 5407 impendigratius,
1748 5337 1900 5395 nihil

235 5417 431 5489 potest
459 5415 772 5487 pretiosius
806 5415 1106 5477 estimari.
1140 5418 1256 5477 llos
1284 5421 1502 5484 etenim
1523 5422 1791 5499 impenso
1818 5433 1902 5491 to·

308 5500 427 5579 (m)
454 5501 545 5577 B„
566 5505 797 5566 cuent.

2013 4507 2223 4561 temur.
2255 4505 2414 4570 Quod
2447 4504 2492 4560 si
2524 4520 2640 4561 non
2671 4504 3074 4562 ulciscendum
3106 4505 3383 4563 delictum
3407 4504 3541 4572 hoc,
3573 4507 3682 4564 sed

2013 4593 2164 4649 inter
2191 4609 2290 4651 eos
2322 4592 2709 4650 mansuetudo
2739 4600 2929 4650 vestra
2959 4594 3151 4668 potius
3182 4594 3503 4653 decreverit
3523 4610 3688 4656 com.

2013 4681 2366 4755 ponendum,
2390 4682 2536 4754 patri
2553 4682 2768 4753 jurato,
2794 4684 3062 4754 quoniam
3089 4683 3176 4739 vir
3195 4683 3361 4742 bonoe
3381 4684 3684 4757 opinionis

2011 4774 2120 4838 est,
2155 4770 2296 4829 fides
2330 4770 2658 4828 indubitata
2686 4772 2901 4844 poterit
2927 4771 3214 4830 adhiberi.

2727 4878 2967 4937 XLVIII.

2214 4984 2290 5024 an
2320 4984 2631 5027 aauatnuu
2661 4985 3159 5028 eonaevannsnsxn
3187 4986 3479 5028 assarna.

2082 5076 2303 5132 Litteras
2334 5092 2485 5149 quas
2516 5076 2864 5135 novissimas
2892 5082 3085 5136 vestra
3114 5079 3258 5136 mihi
3291 5078 3553 5137 charitas
3579 5079 3682 5138 de-

2008 5165 2270 5234 stinavit,
2317 5166 2470 5237 apud
2519 5182 2655 5223 eum
2696 5167 2798 5239 qui
2830 5169 3204 5241 perferendas
3234 5173 3540 5240 acceperat
3567 5167 3681 5227 ali·

2009 5256 2271 5329 quandiu
2302 5255 2707 5313 substiterunt.
2760 5256 2922 5315 Unde
2959 5258 3179 5316 factum
3213 5265 3302 5316 est
3331 5261 3397 5316 ut
3423 5274 3524 5316 eas
3555 5275 3680 5320 non

2007 5346 2344 5419 protecturi,
2395 5362 2499 5403 nec
2547 5347 2975 5420 proficiscentis
3004 5348 3351 5422 acceperim,
3398 5347 3506 5407 sed
3536 5365 3676 5422 pro·

2007 5435 2178 5494 tecti:
2219 5450 2395 5507 quem
2443 5451 2548 5494 nec
2607 5435 2919 5496 resalutare
2989 5452 3245 5512 possem,
3284 5453 3392 5496 nee
3428 5436 3481 5496 si
3530 5437 3680 5513 quid
