3784 6000
240 218 346 275 887

1369 197 1760 259 GUILLELMI
1798 196 2153 255 TYRENSIS
2195 195 2537 256 ARCHIEP.

251 340 421 413 regni
452 353 596 395 cura
616 339 673 393 et
700 328 1233 392 administrationis
1263 326 1460 385 honor
1488 325 1538 383 ei
1567 324 1910 382 subtractus
1942 325 1992 380 A
2024 322 2254 390 teriore,
2277 323 2338 380 in
2358 337 2431 381 eo
2453 322 2607 390 loco,
2638 320 2742 397 qui
2767 321 2999 395 vulgari
3029 320 3442 396 appellatione
3469 321 3676 383 dicitur

254 436 361 498 est,
390 444 601 488 verum
620 425 803 482 etiam
825 418 1224 478 successionis
1254 433 1391 488 spes
1412 418 1502 472 est
1524 413 1720 471 eidem
1748 413 1912 486 peni-

256 527 353 580 tus
384 520 716 590 amputata.
760 515 905 568 Nam
938 510 1013 566 de
1044 506 1355 565 communi
1381 505 1679 578 pricipum
1721 502 1916 560 consi-

255 611 356 677 lio,
391 608 648 665 maxime
670 600 898 658 domini
928 597 1262 655 Boamundi
1290 594 1575 669 principis
1604 592 1917 650 Antioche·

258 713 491 762 norum,
524 692 753 749 domini
786 704 1029 763 quoque
1086 684 1405 744 Raimundi
1439 683 1782 755 Tripolitani
1820 698 1915 739 co·

260 787 444 851 mitis,
480 779 755 839 Rainaldi
784 777 1170 842 sidoniensis,
1205 773 1484 832 Balduini
1516 772 1916 836 Ramatensis,

261 873 488 934 Baliani
510 871 705 928 fratris
739 869 890 941 ejus,
922 870 1215 941 praesente
1254 865 1390 937 ipso
1422 868 1479 920 et
1518 862 1921 919 contradicere

261 979 385 1022 non
417 960 695 1025 audente,
729 959 1083 1028 suggerente
1107 955 1225 1011 hoc
1253 957 1309 1010 et
1334 953 1412 1010 ad
1438 952 1499 1008 id
1531 951 1767 1025 penitus
1786 951 1923 1007 hor-

265 1057 424 1111 tante
454 1054 664 1117 matre,
690 1045 1037 1109 Balduinus,
1070 1043 1270 1100 adbuc
1288 1040 1595 1114 puerulus,
1610 1040 1703 1095 vix
1735 1054 1924 1096 anno-

266 1157 400 1199 rum
412 1139 702 1213 quinque,
719 1137 1120 1208 prosequente
1137 1147 1276 1189 eum
1292 1131 1583 1186 universus
1599 1128 1790 1202 plebis
1806 1128 1924 1184 sul*-

268 1230 482 1301 tragio,
511 1226 648 1284 cleri
677 1240 921 1298 quoque
964 1224 1067 1295 qui
1106 1236 1370 1295 proesens
1402 1223 1529 1276 erat
1556 1233 1830 1284 assensu,
1863 1217 1924 1273 in

269 1317 521 1378 ecclesia
548 1314 871 1372 Dominicae
896 1309 1379 1376 Resurrectionis,
1413 1308 1581 1380 regia
1610 1308 1925 1364 decoratus

273 1413 362 1467 est
391 1406 687 1475 unctione,
721 1408 779 1460 et
821 1401 1164 1458 solemniter
1190 1404 1512 1457 coronatus
1540 1414 1554 1465 ;
1607 1397 1927 1469 statimque

275 1499 402 1554 sine
422 1494 704 1552 dilatione
733 1491 1012 1548 exhibitae
1053 1493 1195 1545 sunt
1221 1487 1416 1545 eidem
1450 1502 1658 1560 puero,
1692 1486 1928 1541 univer-

277 1601 481 1644 sorum
514 1583 813 1639 baronum
843 1596 981 1636 cum
1014 1578 1189 1635 solita
1208 1579 1692 1649 juramentorum
1734 1574 1929 1631 forma

2023 409 2244 478 Obstat,
2267 416 2535 470 castrum
2562 416 2729 469 tanta
2747 411 3194 484 importunitate
3217 426 3340 469 non
3362 411 3568 471 minus
3581 428 3678 471 no-

2025 504 2118 556 cte
2143 516 2329 574 quam
2390 500 2670 568 interdiu,
2711 500 2997 558 immissis
3035 501 3200 557 mirae
3246 501 3676 573 magnitudinis
3727 566 3732 571 ,

2029 589 2361 647 molaribus
2384 590 2750 662 flagellabat,
2763 589 2930 664 quod
2952 589 3042 647 vel
3064 604 3313 648 manum
3330 593 3676 662 exerere,vel

2030 679 2328 752 respicere
2359 695 2465 753 per
2485 679 2806 746 cancellos,
2833 683 2937 736 aut
2961 679 3169 752 aliquo
3196 680 3576 739 defensionis
3605 683 3676 740 uti

2029 782 2245 841 genere
2263 784 2442 826 nemo
2466 768 2708 826 illorum
2738 769 2842 842 qui
2868 769 3029 825 intus
3059 774 3678 843 erant,proesumerent

2029 862 2320 916 attentare
2347 875 2362 926 ;
2394 866 2587 933 eoque
2621 862 2863 915 ventum
2884 863 3028 926 erat,
3059 857 3224 931 quod
3249 859 3337 915 eis
3358 874 3486 932 pras
3509 860 3681 919 nimio

2033 951 2254 1003 terrore
2276 947 2563 1014 contusis,
2586 963 2698 1006 nec
2726 946 3089 1004 audentibus
3110 948 3680 1020 comparere,hostes

2033 1033 2110 1092 ad
2146 1036 2439 1109 praedam.
2484 1052 2671 1110 quam
2698 1036 2900 1094 miseri
2951 1036 3108 1094 cives
3164 1036 3225 1092 in
3250 1036 3498 1104 vallum.
3531 1039 3682 1112 quod

2035 1126 2317 1197 praesidio
2343 1126 2784 1183 conterminum
2806 1125 3069 1191 suberat,
3095 1125 3578 1194 introduxerant,
3590 1126 3684 1185 im·

2037 1213 2205 1271 missi
2233 1214 2477 1272 funibus
2508 1217 2524 1233 '
2552 1216 2800 1288 impune
2826 1215 3186 1281 occiderent,
3208 1220 3267 1273 et
3285 1214 3482 1274 divisa
3505 1229 3686 1275 mem·

2033 1301 2252 1360 bratim
2268 1303 2557 1362 animalia
2578 1304 2691 1361 sibi
2732 1303 3110 1362 extraherent
3125 1304 3204 1361 ad
3243 1305 3688 1365 cibumindem·

2037 1394 2412 1459 nes,omnino
2423 1393 2807 1451 adversitatis
2819 1393 3687 1470 nihilaboppidanisperpessi.

2038 1480 2156 1537 Sed
2185 1488 2241 1538 et
2267 1483 2371 1556 qui
2411 1482 2469 1539 in
2489 1483 2750 1540 exercitu
2765 1482 3028 1540 hostium
3052 1487 3590 1558 erankcoquorum
3609 1485 3690 1543 vel

2040 1571 2329 1642 pistorum
2357 1572 2649 1630 habentes
2690 1571 2983 1639 officium,
3035 1572 3260 1646 quique
3287 1588 3494 1633 rernm
3528 1590 3692 1633 vena·

279 1673 634 1733 manualiter
670 1670 1005 1734 fidelitates,
1055 1668 1368 1740 honorque
1416 1669 1474 1722 et
1508 1665 1700 1737 gloria
1749 1664 1929 1734 regiae
1962 1680 2006 1737 B
2039 1660 2185 1717 lium
2213 1661 2617 1733 procurabant
2632 1662 2849 1729 torum,
2870 1662 3003 1719 biin
3021 1662 3306 1720 domibus
3326 1662 3557 1721 civium
3573 1680 3694 1723 om-

2041 1750 2100 1807 ni
2125 1751 2553 1808 commoditate
2600 1751 2828 1808 refertis
2849 1751 3127 1810 officinas
3163 1751 3516 1811 locaverant
3546 1770 3690 1822 suas,
3769 1794 3774 1827 ,

2040 1838 2222 1896 libere
2240 1840 2365 1896 suis
2395 1839 2872 1913 professionibus
2893 1845 3146 1898 utentes.
3171 1840 3546 1915 Repererant
3563 1858 3696 1901 eane
3769 1840 3774 1885 ῑ

2041 1929 2100 1984 in
2132 1929 2216 1984 eis
2245 1927 2546 1996 frumenti,
2567 1929 2789 1994 bordei,
2818 1929 2937 1986 vini
2961 1933 3017 1986 et
3047 1929 3164 1987 olei
3186 1945 3296 2002 pro
3324 1930 3488 1989 votis
3517 1931 3696 1989 abun·
3771 1956 3774 1961 ·

283 1761 815 1836 debitamajestati,
843 1775 978 1815 cum
994 1758 1157 1814 omni
1172 1756 1687 1830 plenitudinesunt
1710 1753 1931 1826 depen-

284 1870 351 1910 sa
362 1871 379 1926 ;
413 1851 577 1909 solus
609 1856 809 1906 tamen
831 1847 1149 1921 Joppensis
1179 1861 1403 1911 comes,
1424 1849 1488 1901 ut
1506 1844 1559 1901 ei
1582 1843 1932 1900 suumexbi-

282 1943 448 2000 beret
468 1939 830 2005 hominium,
854 1954 891 1995 a
915 1937 1155 1993 nemine
1185 1941 1269 1992 est
1293 1935 1603 1991 invitatus:
1623 1932 1791 2007 quod
1814 1931 1933 1989 fac·

281 2038 410 2090 tum
440 2027 952 2104 prudentioribus,
982 2025 1131 2082 sicut
1160 2029 1286 2081 erat
1309 2022 1518 2097 procul
1546 2022 1754 2093 dubio,
1788 2036 1936 2078 con-

280 2123 465 2194 ceptoe
496 2116 837 2183 simultatis,
863 2116 987 2172 imo
1013 2112 1306 2171 manifesti
1333 2110 1934 2179 odii,evidenswsum

281 2216 371 2267 est
399 2208 842 2279 argumentum,
873 2205 1025 2260 sicut
1047 2218 1119 2259 ex
1134 2207 1268 2275 post
1287 2201 1444 2258 facto
1465 2199 1717 2274 liquebit
1746 2199 1936 2255 mani·

280 2298 508 2357 festius.
545 2298 760 2352 Verum
779 2308 959 2366 super
977 2292 1093 2348 hoc
1109 2295 1285 2347 tantae
1307 2289 1655 2346 mutationis
1684 2286 1936 2345 articulo

283 2387 451 2444 varia
470 2389 596 2442 erat
625 2390 683 2439 et
720 2381 1029 2453 multiplex
1083 2380 1345 2435 virorum
1377 2376 1764 2451 prudentium
1809 2377 1937 2449 opi·

285 2476 409 2542 nio,
449 2473 788 2531 dicentibus
828 2470 978 2538 aliis,
1010 2468 1175 2542 quod
1223 2468 1281 2524 in
1329 2466 1443 2523 hac
1494 2467 1663 2540 pueri
1691 2482 1938 2539 promo-

284 2565 444 2621 tione
474 2560 621 2618 nihil
650 2557 996 2631 compendii
1026 2572 1233 2627 regno,
1267 2555 1414 2611 nihil
1448 2555 1713 2612 utilitatis
1755 2554 1938 2611 rebus

285 2651 633 2708 accessisset
696 2646 952 2720 publicis
977 2662 991 2702 τ
1033 2661 1175 2702 nam
1222 2649 1469 2717 uterque
1508 2660 1740 2716 regum,
1789 2642 1938 2701 alter

286 2740 517 2805 morbo,
548 2738 693 2795 alter
747 2741 920 2792 aetate
949 2736 1370 2808 praepediente,
1405 2749 1651 2806 prorsus
1689 2737 1817 2790 erat
1845 2733 1939 2787 in-

285 2829 442 2887 utilis
476 2825 829 2899 ;magisqne
863 2824 1162 2880 videretur
1193 2822 1538 2895 expediens,
1573 2822 1620 2877 si
1669 2821 1745 2879 de
1779 2837 1940 2878 com-

284 2919 453 2976 muni
484 2915 738 2975 consilio
781 2929 1117 2989 procerum,
1164 2912 1338 2969 alicui
1388 2911 1618 2968 viribus
1667 2917 1935 2977 strenuo,

287 3008 535 3067 consilio
552 3004 817 3080 pollenti,
845 3004 1143 3077 regiorum
1173 3018 1318 3059 cura
1330 3002 1730 3073 negotiorum,
1753 3005 1808 3058 et
1833 3003 1941 3058 rei·

284 3096 544 3172 publicas
574 3095 1044 3153 committeretur
1065 3091 1503 3149 administratio
1537 3110 1551 3160 ;
1576 3091 1710 3148 aliis
1737 3095 1938 3148 autem

286 3186 625 3250 videbatur,
657 3183 821 3257 quod
852 3183 927 3240 de
974 3197 1162 3254 puero
1207 3180 1430 3237 tactum
1481 3185 1627 3247 erat,
1655 3181 1760 3237 etsi
1817 3196 1939 3236 non

285 3279 521 3347 poterat
536 3287 967 3345 usquequaque
991 3270 1129 3326 utile
1136 3269 1417 3341 judicari,
1440 3268 1499 3325 in
1527 3284 1599 3325 eo
1611 3273 1813 3325 tamen
1831 3286 1939 3342 pu·

286 3364 457 3420 blicoe
494 3363 813 3418 videbatur
859 3360 1205 3417 consultum
1267 3375 1398 3414 esse
1456 3357 1709 3424 utilitati,
1773 3357 1941 3431 quod

287 3452 567 3525 praedicto
597 3449 798 3506 comiti
830 3449 907 3505 ad
937 3449 1104 3519 regni
1132 3449 1575 3504 successionem
1613 3447 1939 3514 anhelanti,

288 3541 432 3606 viru,
465 3537 1248 3604 utdicebant,insufticienti,
1271 3536 1631 3594 succedendi
1647 3553 1787 3610 spes
1817 3541 1945 3595 erat

286 3630 539 3703 praecisa
571 3646 584 3685 ε
614 3630 673 3685 in
692 3644 815 3701 quo
847 3628 1183 3685 futurorum
1217 3626 1466 3683 materia
1488 3626 1940 3693 scandalorum,

288 3725 346 3777 et
370 3719 715 3793 periculosae
756 3716 1060 3774 seditionis
1097 3732 1233 3789 qum
1263 3720 1399 3788 post
1426 3716 1582 3785 regis
1610 3714 1840 3772 obitum
1873 3716 1941 3772 ti-

289 3809 585 3875 mebatur,
617 3807 834 3873 fomes,
858 3806 1040 3861 tinem
1071 3805 1373 3875 accepisse
1404 3804 1779 3877 sperabatur.
1807 3807 1945 3863 Om-

288 3897 469 3954 nibus
495 3902 694 3954 tamen
732 3911 902 3953 mens
929 3910 1051 3950 una
1095 3899 1221 3951 erat
1249 3899 1306 3950 et
1341 3893 1724 3956 desiderium,
1760 3900 1822 3950 ut
1845 3910 1943 3968 ge-

297 3986 499 4043 rendis
529 3986 805 4059 publicis,
840 3983 1223 4057 maximeque
1247 3982 1576 4039 educendis
1591 3984 1947 4040 etreducen·

290 4074 383 4130 dis
410 4074 785 4140 exercitibus,
818 4077 1027 4129 contra
1055 4072 1318 4129 hostium
1345 4072 1515 4129 solito
1546 4072 1943 4130 vehementio-

289 4181 416 4221 rem
437 4161 1215 4234 instantiam,praeticeretur
1235 4166 1585 4234 procurator
1606 4179 1619 4230 3
1640 4161 1820 4235 idque
1834 4160 1940 4218 soli

287 4252 488 4310 comiti
523 4251 886 4322 Tripolitano
929 4250 1270 4319 convenire,
1312 4266 1574 4322 eumque
1616 4250 1812 4307 solum
1862 4250 1944 4307 ad

291 4340 575 4415 praedicta
605 4355 781 4410 posse
821 4338 1115 4403 sulficere,
1169 4354 1321 4411 pene
1351 4339 1624 4395 omnium
1670 4355 1790 4397 una
1818 4346 1944 4396 erat

291 4430 608 4487 sententia.
638 4431 881 4486 Factum
913 4433 1004 4483 est
1033 4432 1233 4484 autem
1282 4427 1417 4492 hoc,
1453 4444 1615 4485 anno
1652 4427 1728 4485 ab
1756 4433 1945 4485 lncar-
1976 4414 2024 4470 D

289 4520 531 4577 natione
560 4518 792 4575 Domini
842 4520 998 4584 1183,
1026 4516 1368 4573 indictionis
1394 4534 1434 4586 ι,
1466 4532 1672 4574 mense
1698 4521 1946 4575 Novem·

290 4610 417 4679 bre,
450 4609 741 4666 vicesima
766 4607 864 4665 die
891 4606 1138 4665 mensis.

897 4714 1122 4771 CAPUT
1161 4715 1311 4771 XXX.

290 4808 419 4866 Rex
452 4804 829 4877 eonqreqatis
870 4804 1053 4873 copiis
1105 4804 1272 4860 ultra
1322 4803 1645 4860 Iordanem
1671 4804 1943 4875 festinat,

361 4877 706 5005 uteo-blsessis
756 4876 1086 4934 subveniat.
1137 4874 1543 4933 Salnkadinus
1586 4875 1945 4934 obsidionem

364 4966 427 5008 so
455 4966 507 5007 m
547 4989 560 5003 .

363 5057 436 5112 At
454 5070 595 5112 vero
615 5053 1023 5111 Salahadinus
1054 5052 1314 5119 interim,
1341 5052 1488 5109 dum
1518 5053 1647 5110 haec
1675 5054 1946 5111 Hieroso·

288 5145 464 5219 lymis
494 5145 577 5200 sic
607 5149 884 5213 aguntur,
911 5141 1224 5198 obsessam
1253 5141 1463 5198 urbem
1485 5157 1631 5199 cura
1652 5143 1948 5200 nibilomi-

291 5251 405 5292 nus
429 5232 819 5309 propensiore
840 5234 898 5287 et
945 5232 1083 5287 totis
1113 5229 1338 5287 viribus
1390 5232 1700 5304 fatigabat,
1738 5233 1810 5289 iis
1838 5234 1944 5306 qui

292 5322 452 5380 intus
464 5319 1167 5392 erantobsessi,requieui
1182 5319 1529 5392 importuna
1539 5319 1848 5392 denegans
1862 5322 1946 5378 in·

291 5412 527 5467 stantia.
561 5409 703 5467 Octo
715 5408 878 5466 enim
896 5407 1101 5464 erectis
1117 5407 1431 5477 machinis,
1454 5425 1556 5464 sex
1579 5408 1658 5465 ab
1680 5409 1945 5467 interiori

294 5497 596 5571 parte,ubi
625 5498 874 5570 antiqua
893 5497 1085 5554 tuerat
1104 5496 1576 5562 civitas,duabus
1602 5513 1740 5556 vero
1754 5498 1833 5555 ab
1853 5514 1946 5556 ex-

2041 2017 2336 2088 dantiam,
2361 2018 2605 2092 quibus,
2633 2019 2830 2076 invitis
2858 2034 3070 2076 eorum
3090 2017 3376 2088 dominis,
3419 2020 3700 2080 violenter

2041 2106 2382 2164 utebantur.
2415 2109 2593 2164 Porro
2616 2108 2797 2181 quiin
2820 2107 3100 2181 praesidio
3114 2113 3303 2178 erant,
3346 2113 3408 2167 et
3436 2110 3553 2184 ipsi
3583 2126 3698 2168 ma·

2043 2197 2282 2254 chinam
2308 2196 2636 2269 aliquando
2675 2201 3052 2256 tentaverunt
3074 2197 3297 2269 erigere
3319 2218 3339 2272 ;
3388 2198 3496 2257 sed
3543 2204 3697 2258 tanto

2044 2286 2294 2344 artificio
2307 2302 2456 2344 saxa
2467 2287 3218 2362 dirigebantcontorta,qui
3233 2288 3535 2347 machinis
3556 2305 3699 2363 prte-

2044 2383 2215 2434 erant
2228 2377 2812 2450 exterioribus,quod
2825 2393 2947 2450 proe
2965 2377 3223 2435 assiduis
3242 2378 3464 2437 ictibus
3482 2385 3542 2437 et
3552 2395 3698 2438 mor-

2048 2466 2121 2522 tis
2143 2465 2478 2532 formidine,
2511 2482 2698 2540 quam
2725 2466 2942 2540 singuli
2974 2466 3251 2539 lapidum
3287 2468 3696 2526 immissorum

2045 2555 2339 2612 intentare
2355 2554 2932 2621 videbantur‚nostri
2951 2558 3310 2630 aproposito
3333 2557 3694 2625 deficientes,

2046 2645 2231 2701 satius
2265 2643 2641 2716 judicabant,
2682 2645 2973 2717 patienter
3000 2644 3298 2720 quidquid
3339 2646 3699 2705 inferebatur

2047 2738 2306 2806 portare,
2319 2749 2504 2805 quam
2520 2735 2598 2790 ad
2611 2732 2756 2791 illud
2781 2733 3154 2792 defensionis
3173 2749 3368 2808 genus
3385 2751 3531 2794 cum
3556 2751 3698 2794 mor·

2048 2823 2121 2879 tis
2145 2838 2208 2878 se
2238 2823 2503 2880 attollere
2535 2822 2820 2895 periculo.
2880 2827 2996 2883 Nee
3041 2824 3241 2881 solum
3282 2826 3393 2899 qui
3437 2825 3700 2897 egredie-

2048 2911 2270 2968 bantur
2299 2913 2370 2968 de
2395 2912 2634 2979 abditis,
2659 2914 3011 2971 accedentes
3030 2913 3106 2971 ad
3129 2914 3615 2987 propugnacula,
3643 2920 3700 2971 nt

1969 3048 2011 3105 C
2052 3002 2144 3058 vel
2172 3000 2288 3058 tela
2314 3002 2406 3059 vel
2447 3000 2682 3075 lapides
2709 3002 2769 3059 in
2807 3003 3010 3060 hostes
3053 3004 3489 3075 jacularentur,
3535 3005 3700 3062 velut

2050 3091 2389 3148 obsidentes
2402 3091 2416 3146 i
2427 3093 2758 3164 aspicerent
2773 3091 3235 3163 legiones,tanto
3253 3100 3428 3151 erant
3455 3094 3698 3168 expositi

2051 3181 2337 3254 periculo,
2353 3181 3216 3254 terrorequequatiebanturad
3227 3181 3699 3256 desperationem

2051 3268 2490 3342 compellente;
2534 3286 2742 3327 verum
2785 3276 2840 3327 et
2885 3271 3189 3344 quierant
3218 3271 3280 3328 in
3321 3272 3700 3331 conclavibus

2053 3359 2302 3424 intimis,
2330 3359 2519 3433 etqui
2550 3360 2628 3416 ad
2660 3359 2792 3416 loca
2842 3360 3161 3418 secretiora
3204 3375 3268 3417 se
3307 3361 3696 3428 contulerant.

2052 3448 2463 3504 accedentium
2496 3448 2732 3519 fragore
2772 3447 3092 3507 molarium
3121 3455 3178 3506 et
3210 3450 3412 3508 sonitu
3443 3450 3700 3525 perterri-

2054 3537 2116 3605 ti,
2147 3536 2508 3594 videbantur
2538 3538 2713 3613 quasi
2740 3537 2949 3596 audire
2980 3539 3262 3604 tonitrua,
3293 3545 3702 3614 exspectantes

2053 3626 2227 3698 quasi
2259 3625 2581 3684 fulminum
2610 3626 2781 3693 ictus.
2811 3632 2870 3684 et
2893 3627 3170 3701 suspensi
3186 3642 3452 3701 semper,
3482 3643 3561 3687 ne
3577 3642 3700 3686 oon·

2054 3715 2241 3773 tracta
2276 3730 2455 3788 super
2482 3730 2586 3772 eos
2636 3721 2878 3773 ruerent
2928 3715 3202 3774 aedilicia.
3261 3715 3704 3777 sollicitauerat
3773 3717 3777 3726 '

2053 3821 2152 3862 rex
2173 3804 2419 3870 interea,
2444 3808 2503 3862 et
2534 3808 2652 3861 tota
2682 3805 3046 3877 procurabat
3069 3805 3380 3878 diligentia
3399 3807 3702 3882 quomodo

2053 3893 2469 3951 subveniretur
2496 3894 2760 3951 obsessis
2788 3913 2804 3966 ;
2832 3895 3144 3969 quomodo
3183 3896 3273 3952 eis
3301 3896 3702 3956 desideratum
3773 3883 3778 3898 '

2054 3988 2453 4040 maturaretur
2472 3983 2836 4040 subsidium.
2865 3987 3192 4058 assumpto
3212 3985 3396 4056 igitur
3415 4001 3620 4044 noum
3635 3984 3704 4042 vi·

2054 4075 2242 4130 vificas
2258 4073 2450 4129 crucis
2479 4072 2643 4144 ligno
2675 4073 3199 4146 salutari,etregni
3225 4073 3466 4132 viribus
3493 4091 3569 4133 ex
3588 4091 3704 4133 om·

2054 4165 2112 4219 ni
2134 4167 2300 4234 parte
2316 4178 2426 4218 con
2435 4162 2714 4233 gregatis,
2730 4163 2806 4220 ad
2823 4169 3021 4235 partes
3040 4162 3172 4220 illae
3205 4169 3520 4237 properat,
3539 4179 3706 4239 opem
3775 4197 3778 4218 .

2054 4252 2282 4308 laturus
2304 4250 2594 4318 obsessis};
2617 4253 3088 4326 perveniensque
3103 4252 3182 4309 ad
3197 4267 3364 4310 mare
3373 4251 3706 4327 Salis,quod
3773 4227 3778 4276 ¹

2055 4340 2171 4396 alio
2198 4340 2440 4396 nomine
2487 4340 2702 4397 dicitur
2730 4339 2898 4397 lacus
2941 4340 3273 4413 Asphaltes,
3305 4356 3489 4399 seona
3517 4343 3706 4400 locum

2055 4429 2148 4487 cui
2175 4444 2392 4485 nomeu
2429 4429 2635 4500 Segor,
2664 4429 2769 4501 qui
2822 4428 3002 4486 hodie
3024 4429 3256 4501 vulgari
3307 4431 3706 4504 appellatione

2054 4518 2269 4574 dicitur
2285 4517 2682 4590 Patmos-,post
2702 4518 2920 4576 multas
2939 4517 3708 4587 deliberatione-‚universo

2055 4607 2335 4663 exercitui
2363 4606 2580 4663 ducem
2601 4622 2673 4664 ac
2693 4607 3444 4680 praeceptorem,comitem
3465 4607 3708 4668 institnit

2053 4696 2506 4767 Tripolitanum.
2548 4695 2948 4753 Salahadinus
2996 4710 3159 4767 vero,
3205 4696 3456 4768 cognito
3485 4713 3702 4773 perex-

2056 4784 2407 4858 ploratores,
2439 4784 2606 4859 quod
2648 4784 3018 4843 Christianus
3041 4784 3105 4842 in
3130 4786 3414 4859 proximo
3438 4793 3600 4846 esset
3621 4801 3708 4846 ex·

2054 4874 2292 4941 ercitus,
2315 4880 2372 4932 et
2413 4875 2577 4948 quod
2615 4874 3014 4947 Tripolitanus
3041 4890 3244 4932 comes
3280 4875 3607 4949 preelectus
3631 4891 3712 4935 ee-

2056 4967 2146 5019 set
2169 4963 2523 5034 legionibus,
2555 4964 2844 5037 depositis
2892 4963 3209 5030 machinis,
3248 4969 3310 5022 et
3340 4965 3572 5024 indicto
3597 4965 3710 5023 suis

2059 5051 2273 5123 reditu,
2305 5052 2706 5120 obsidionem,
2747 5068 2871 5126 qua
2910 5069 3018 5125 per
3041 5068 3310 5110 mensem
3335 5057 3706 5121 continuum,

2055 5141 2259 5200 locum
2288 5141 2580 5199 afflixerat
2608 5143 2982 5215 proedictum,
3034 5141 3212 5199 solvit
3250 5142 3328 5200 ad
3352 5145 3607 5217 propria
3627 5159 3709 5202 re·

2053 5246 2283 5288 versus.
2311 5234 2426 5288 Rex
2457 5237 2655 5287 tamen
2676 5231 3068 5289 nihilominus
3091 5246 3231 5288 oum
3255 5231 3432 5289 omni
3457 5233 3708 5291 exercitu

2054 5319 2130 5376 ad
2151 5319 2348 5377 locum
2379 5321 2733 5394 perveniens
2749 5321 3142 5388 destinatum,
3171 5326 3457 5393 optatam
3485 5323 3708 5382 civibus

2056 5409 2254 5468 intulit
2279 5410 2753 5467 consolationem
2774 5426 2789 5479 ;
2814 5410 3160 5483 indictoque
3179 5410 3378 5468 reditu
3399 5417 3464 5470 et
3485 5427 3710 5470 mooe·

2055 5498 2133 5554 tis
2154 5500 2518 5570 agminibus,
2550 5514 2761 5573 sospes
2795 5499 3276 5573 Hierosolymam
3295 5513 3586 5562 reverens
3607 5503 3704 5562 est·
