3784 6000
173 241 292 307 887

1251 245 1683 312 GUILLELMI
1723 242 2108 313 TYRENSIS
2148 240 2505 307 attumne.

177 390 308 432 rum
342 372 571 432 infinito
611 374 914 433 comitatu.
957 375 1181 450 Vixque
1209 392 1416 433 aurora
1445 378 1584 437 solis
1614 380 1822 438 subse·
1845 389 1899 457 Α
1930 377 2275 434 videbantur
2289 373 2362 429 ab
2387 371 2953 438 invicem,uteorum
2980 371 3579 446 impetussluderent,

172 465 412 538 quentis
441 470 748 521 nuntiabat
780 469 1115 535 adventum,
1147 474 1205 522 et
1236 468 1423 524 noctis
1455 471 1664 526 umbra
1685 473 1819 526 den·

174 555 296 609 sior
325 554 455 608 luce
488 557 812 626 propinqua
841 554 1079 610 dissolvi
1103 565 1378 626 coeperat,
1400 574 1533 614 cum
1565 575 1698 615 ecce
1718 559 1819 631 qui

158 632 232 697 'iu
264 644 520 713 speculis
549 650 715 698 erant
743 646 1070 706 constituti.
1107 652 1168 701 ut
1192 646 1467 713 hostium,
1501 649 1549 704 si
1580 666 1707 722 qua·
1728 666 1818 705 es·

173 736 333 795 sent,
364 733 433 786 de
465 738 686 786 remoto
720 737 1124 805 praesentirent
1152 734 1477 804 insidias,et
1497 741 1818 793 exercitum

168 818 576 886 admonerent,
626 821 769 877 visis
818 822 1110 892 hostibus,
1160 821 1326 881 lituis
1379 826 1720 893 concinunt,
1768 834 1825 884 et

166 921 346 964 cursu
395 908 541 978 rapti
582 909 944 969 velocissimo
987 911 1182 969 hostes
1213 914 1412 971 adesse
1441 916 1817 973 denuntiant.

176 995 364 1069 Igitur
391 998 751 1054 cornicinum
786 1000 1059 1072 clangore
1079 1006 1136 1056 et
1156 1018 1290 1059 voce
1324 1005 1608 1076 praeconia
1627 1008 1824 1063 excitis

170 1085 438 1159 legiones
466 1090 772 1161 universes,
804 1093 872 1146 ad
908 1108 1073 1148 arma
1104 1094 1431 1164 convolant,
1463 1113 1643 1165 equos
1677 1112 1827 1165 prae-

174 1184 401 1249 parant,
434 1186 713 1250 tanquam
763 1181 1024 1253 praelium
1058 1185 1329 1240 cominus
1380 1184 1659 1240 habituri.
1695 1185 1829 1240 Erat

175 1272 372 1323 autem
419 1283 611 1334 mane,
663 1269 720 1324 in
774 1271 902 1340 ipsa
949 1271 1041 1326 die
1085 1272 1472 1329 Kalendarum
1517 1273 1824 1331 luliarum.

175 1354 474 1428 Disposita
523 1358 704 1427 igitur
744 1359 1016 1416 universa
1066 1363 1258 1433 populi
1313 1363 1679 1419 multitudine
1728 1379 1828 1436 per

180 1447 360 1515 scies,
393 1454 446 1504 et
483 1452 814 1521 prepositis
861 1453 1115 1525 singulis
1162 1454 1496 1511 cohortibus
1524 1458 1826 1528 quinqua-

179 1536 436 1611 genariis
455 1543 513 1594 et
542 1540 1001 1609 centurionibus,
1051 1546 1110 1598 et
1158 1559 1255 1611 per
1299 1545 1422 1600 alas
1471 1545 1825 1614 pedestrium

178 1630 507 1687 turmarum
542 1631 890 1701 primiceriis
919 1635 1296 1702 constitutis3
1330 1637 1594 1693 sarcinas
1625 1640 1682 1692 et
1715 1637 1826 1691 im·

180 1720 538 1791 pedimenta,
564 1737 893 1797 omnenque
925 1741 1158 1793 senum,
1191 1726 1502 1784 mulierum
1553 1744 1619 1784 ac
1666 1727 1827 1784 debi·
1853 1748 1904 1815 Β

184 1807 328 1865 lium
362 1809 678 1867 invalidam
714 1813 1132 1881 multidunem‚
1165 1831 1277 1879 quo
1333 1817 1722 1890 expeditiores
1753 1817 1825 1872 ad

180 1913 428 1969 pugnam
458 1905 698 1968 possent
744 1903 1072 1971 procedere,
1105 1919 1273 1960 secus
1302 1906 1715 1962 arundinetum
1767 1907 1826 1962 in

174 1987 370 2043 vicino
404 1989 686 2058 positum,
717 1992 992 2047 curribus
1009 1998 1064 2048 et
1088 1992 1374 2050 vehiculis
1394 2011 1494 2052 eos
1518 2003 1830 2068 praetexen·

176 2078 284 2139 tes.
325 2075 616 2133 collocant
663 2079 833 2151 quasi
866 2080 926 2135 in
960 2088 1100 2136 tuto.
1152 2084 1463 2156 mestaque
1502 2088 1725 2142 nuntiis
1758 2087 1829 2143 ad

178 2161 438 2237 reliquas
488 2171 680 2237 partes
729 2171 1038 2239 exercitus,
1069 2188 1103 2227 a
1134 2174 1348 2244 quibus
1398 2180 1615 2231 temere
1659 2175 1832 2233 divisi

180 2252 428 2322 fuerant,
455 2262 696 2312 monent
714 2267 763 2312 et
791 2258 1102 2316 hortantur
1126 2264 1405 2319 attentius
1430 2270 1492 2319 ut
1514 2265 1836 2323 accelerare

180 2341 382 2410 velint,
418 2345 813 2418 significantes
837 2352 892 2403 in
918 2350 1155 2421 quantis
1177 2353 1467 2425 angustiis
1501 2356 1669 2426 positi
1689 2356 1829 2413 sint.

183 2436 496 2503 Postquam
553 2450 684 2490 vero
715 2436 886 2506 juxta
936 2439 1015 2494 rei
1070 2440 1343 2497 militaris
1374 2443 1740 2515 disciplinam
1772 2445 1832 2501 in

182 2522 400 2578 castris
423 2523 643 2578 domini
664 2528 986 2582 Boamundi
1005 2531 1204 2585 omnia
1219 2531 1486 2587 videntur
1508 2537 1720 2589 secund
1733 2551 1829 2591 um

181 2609 447 2667 ordinem
481 2615 780 2680 disposita,
812 2631 943 2672 ecce
973 2618 1121 2674 circa
1149 2619 1352 2676 horam
1376 2621 1489 2677 dici
1516 2626 1833 2679 secundam

188 2700 354 2755 adest
373 2698 775 2764 solimannus.
794 2704 1024 2761 infinita
1044 2723 1240 2762 secum
1264 2708 1580 2765 Turcorum
1603 2714 1839 2784 agmina

186 2788 466 2846 trahens:
498 2791 772 2863 quodque
802 2795 1013 2849 nostris
1050 2803 1173 2852 erat
1202 2798 1551 2868 mirabilius,
1585 2799 1642 2856 in
1676 2807 1839 2857 tanta

187 2877 591 2947 multitu-line,
640 2896 764 2953 quae
812 2883 1193 2943 ducentorum
1245 2886 1490 2944 millium
1541 2889 1842 2946 dicebatur

193 2965 466 3024 excedere
500 2969 906 3038 quantitatem,
940 2989 1046 3029 nec
1071 2991 1224 3032 unus
1256 2977 1364 3033 nisi
1394 2993 1570 3050 eques
1621 2983 1846 3051 poterat

191 3055 452 3126 reperiri.
488 3056 681 3114 Nostri
715 3066 934 3130 autem,
977 3074 1037 3118 ut
1077 3066 1470 3137 praediximus,
1514 3070 1844 3141 promiscue

197 3146 510 3219 utriusque
539 3148 762 3205 ordinis
793 3165 992 3207 secum
1023 3157 1329 3211 trabebant
1351 3158 1627 3225 legiones.

810 3256 1045 3315 CAPUT
1083 3258 1226 3316 xtV.

194 3342 390 3411 Puqua
417 3344 808 3402 committitur.
841 3347 995 3404 cuda
1037 3348 1337 3405 Waltetmus
1363 3352 1838 3425 Temeredisrater.

263 3422 319 3469 et
345 3418 490 3469 totus
524 3415 831 3473 Boumwedi
860 3419 918 3473 in
947 3430 1102 3475 arcto
1118 3420 1288 3478 nimis
1311 3424 1664 3480 constituitur
1680 3442 1842 3482 exer·

261 3489 449 3548 cetus:
481 3486 781 3544 Tuncredus
808 3505 944 3559 pene
966 3492 1207 3562 cupitur.

265 3593 591 3648 Accedente
613 3594 883 3667 igitur'l'u
893 3614 1120 3655 reorum
1135 3601 1418 3672 exercitu,
1440 3606 1638 3660 tantus
1653 3605 1839 3663 tactus

192 3689 278 3737 cst
304 3679 365 3736 in
396 3685 607 3739 castris
638 3689 945 3743 tumuitus.
973 3693 1122 3760 quod
1150 3692 1242 3746 vix
1263 3691 1509 3764 alicujus
1531 3709 1722 3750 sermo
1744 3712 1841 3768 po·

198 3775 345 3826 terat
377 3772 664 3829 exaudiri.
696 3773 908 3847 Fragor
938 3777 1092 3833 enim
1127 3795 1421 3836 armorum
1462 3792 1516 3839 et
1553 3800 1836 3856 equorum

194 3863 497 3935 strepitus,
545 3867 820 3922 tubarum
859 3867 1106 3925 classica
1134 3877 1191 3927 et
1222 3882 1631 3946 tympanorum
1664 3892 1841 3934 sonus

194 3948 517 4021 horribilis,
549 3956 805 4026 ipsorum
836 3960 1008 4014 etiam
1040 3967 1304 4017 certatim
1336 3965 1836 4024 conclamantium

193 4040 458 4096 ululatus
493 4059 671 4114 usque
692 4050 760 4100 ad
797 4049 989 4104 sidera
1008 4048 1126 4105 tolli
1148 4051 1467 4124 videbatur,
1485 4062 1562 4111 tta
1583 4061 1645 4110 ut
1663 4057 1840 4128 pluri·

192 4143 357 4185 mum
386 4129 703 4188 inassuetis
728 4145 782 4190 et
806 4137 1002 4192 minus
1023 4139 1178 4196 circa
1200 4141 1536 4213 hujusmodi
1566 4148 1840 4205 exercita-

192 4219 267 4275 tis
310 4218 662 4291 legionibus,
712 4228 993 4283 terrorem
1044 4227 1371 4288 incuterent
1416 4234 1835 4294 vehementem.

194 4307 486 4363 Irruentes
530 4310 704 4381 igitur
747 4312 806 4367 in
850 4320 1113 4373 nostrum
1161 4323 1472 4378 exercitum
1518 4323 1837 4383 Turcorum

193 4394 373 4463 acies,
389 4400 612 4451 tantam
632 4399 1356 4478 immiseruntsagittarum
1375 4411 1835 4484 multitudinem,

1930 474 1989 524 et
2016 468 2306 523 neminem
2340 464 2445 519 sibi
2479 464 2704 519 obviam
2737 462 3015 520 habentes
3038 464 3106 518 ad
3132 480 3266 519 suos
3297 465 3579 536 redirent,

1926 564 2204 628 concepta
2234 572 2334 622 spe
2365 554 2571 610 delusi.
2600 554 2824 619 Quibus
2845 557 2915 609 ad
2948 571 3089 610 suos
3110 554 3321 610 inlecto
3351 557 3582 619 negotio

1927 645 2332 711 redeuntibus,
2356 644 2439 699 Tu
2452 660 2526 699 rot
2543 644 2651 698 den
2663 660 2733 698 uo
2749 643 3145 706 religabantur
3160 645 3507 708 adinvicem,
3525 647 3581 700 et

1926 738 2417 795 immissaiterum
2437 733 2495 789 in
2519 733 2757 789 modum
2775 733 3050 788 imbrium
3068 731 3419 803 sagittarum
3438 731 3579 787 mul·

1928 829 2203 895 titudine,
2237 827 2528 883 neminem
2556 837 2699 892 pene
2718 821 2937 892 absque
2960 818 3155 876 lethali
3180 819 3419 879 vulnere
3440 837 3582 892 prae·

1927 921 2200 975 teribant.
2224 914 2588 974 Resistebant
2603 915 2797 967 tamen
2817 909 2996 966 nostri
3013 914 3297 982 quantum
3315 913 3583 981 poterant

1928 1006 2147 1078 loricis,
2179 1005 2510 1064 cassidibus
2536 998 2773 1072 protecti
2803 1003 2863 1054 et
2891 997 3142 1068 clypeis;
3173 998 3277 1056 sed
3315 999 3445 1070 eqni
3481 1014 3577 1056 ω.

1929 1113 2058 1153 rum
2091 1104 2148 1153 et
2179 1097 2425 1151 inermis
2459 1088 2710 1162 populus
2736 1087 2950 1156 passim
2973 1093 3031 1142 et
3049 1088 3178 1142 sine
3201 1086 3427 1144 delectu
3455 1103 3578 1159 pro·

1929 1186 2363 1243 sternebantur.
2424 1180 2770 1236 Ceciderunt
2816 1176 2873 1230 in
2922 1192 2989 1232 eo
3040 1175 3315 1232 conflictu
3362 1176 3469 1232 viri
3512 1192 3582 1234 ex

1933 1287 2179 1348 utroque
2229 1275 2430 1328 ordine
2481 1265 2891 1324 memorabiles
2920 1266 2991 1320 ad
3024 1267 3139 1322 duo
3176 1282 3320 1339 pene
3351 1265 3573 1322 millia:

1932 1367 2085 1423 inter
2112 1381 2257 1435 quos
2306 1364 2550 1432 egregias
2600 1356 2815 1413 indolis
2862 1355 3202 1413 adolescens
3247 1357 3576 1413 willelmus

1932 1454 2285 1512 marchionis
2318 1453 2491 1518 illius,
2524 1448 2748 1505 domini
2775 1444 3057 1502 Tancredt
3083 1446 3280 1514 frater,
3302 1448 3442 1503 dum
3469 1462 3573 1518 pro

1931 1546 2056 1601 suis
2104 1547 2162 1599 in
2193 1556 2376 1613 agone
2419 1540 2668 1595 desudat
2711 1534 2973 1597 viriliter.
3005 1536 3222 1607 sagitta
3274 1538 3580 1592 confossus

1931 1632 2171 1691 interiit.
2205 1630 2486 1689 Robertus
2505 1645 2739 1702 quoque
2774 1627 3138 1695 parisiensis,
3178 1624 3267 1682 vir
3295 1623 3352 1681 in
3398 1625 3582 1682 armis

1935 1733 2229 1794 strenuus,
2258 1722 2460 1778 eodem
2496 1719 2697 1774 mortis
2732 1734 2945 1791 genere
2973 1717 3154 1772 vitam
3205 1713 3414 1771 finivit.
3461 1713 3584 1772 Do·

1935 1814 2131 1869 minus
2156 1826 2389 1885 quoque
2408 1808 2760 1876 Tancredus,
2785 1808 2925 1863 dum
2963 1806 3021 1861 in
3073 1803 3282 1861 mediis
3310 1802 3583 1860 fulminat

1935 1902 2228 1971 hostibus,
2260 1900 2387 1954 vitai
2427 1897 2703 1970 prodigus
2735 1900 2791 1952 et
2828 1911 2947 1951 suae
2976 1893 3329 1951 conditionis
3368 1893 3587 1950 imme-

1937 2007 2086 2060 mor,
2116 1991 2211 2045 vix
2242 2006 2275 2044 a
2304 1989 2542 2043 domino
2573 1986 2905 2042 Boamundo
2955 1985 3161 2041 mortis
3192 1982 3444 2050 casibus,
3477 1997 3585 2038 no·

1936 2081 2064 2139 lens
2102 2088 2161 2137 et
2188 2079 2404 2136 invitus
2434 2077 2715 2134 violenter
2742 2082 2977 2148 ereptus
3006 2080 3115 2132 est.
3149 2073 3588 2131 Invalescebant

1936 2171 2122 2245 igitur
2139 2170 2395 2226 hostium
2420 2168 2679 2240 agmina,
2698 2172 2755 2222 et
2768 2176 2890 2222 nost
2901 2165 2979 2221 ris
2996 2181 3140 2238 pene
3153 2163 3586 2230 deficientibus,

1939 2277 2074 2319 arcu
2107 2262 2178 2315 ab
2211 2258 2471 2314 humeris
2501 2256 2882 2326 dependente,
2913 2260 2971 2312 et
2998 2256 3128 2327 ejus
3165 2254 3427 2325 neglecto
3456 2253 3589 2310 otn-

1954 2352 2068 2419 cio,
2097 2348 2314 2422 gladiis
2343 2347 2569 2403 instant
2595 2345 2903 2415 cominus;
2936 2346 3015 2400 ita
3046 2349 3112 2400 ut
3139 2341 3445 2402 dissolutis
3486 2358 3590 2399 co-

1943 2439 2232 2501 hortibus,
2258 2437 2440 2492 nostri
2468 2438 2662 2506 fugam
2687 2433 3119 2507 arriperent,ad
3142 2434 3468 2489 sarcinaset
3487 2431 3590 2487 im·

1945 2530 2275 2601 pauimenta
2306 2530 2610 2582 redeuntes
2634 2541 2649 2582 ε
2685 2524 2780 2579 ubi
2813 2526 2966 2580 circa
2994 2539 3203 2579 currus
3222 2527 3281 2578 et
3301 2518 3588 2589 vehicula,

1943 2620 2055 2674 sub
2086 2616 2413 2671 arundineti
2446 2615 2735 2671 densitate
2762 2614 3113 2668 arbitrantes
3143 2627 3205 2667 se
3234 2609 3466 2682 aliquod
3500 2609 3587 2666 in·

1944 2707 2141 2763 venire
2167 2720 2338 2778 posse
2369 2707 2680 2778 retugium,
2711 2703 3041 2774 conglobati
3073 2706 3230 2764 sunt.

2572 2810 2802 2867 CAPUT
2839 2809 2961 2866 XV.

1949 2922 2161 2980 Adsunt
2191 2921 2396 2994 reliqua·
2436 2923 2747 2991 principes,-
2776 2921 3050 2988 fratribus
3090 2915 3360 2986 oppressis
3386 2915 3592 3003 ξιιῠυρ-

2023 2997 2183 3051 nium
2201 3011 2224 3057 .·
2265 3000 2503 3050 vertatur
2531 2993 2590 3050 in
2621 2998 2814 3060 [uncam
2844 2991 3195 3048 Sotimannus
3213 3006 3235 3053 ,⁶
3282 2996 3425 3061 pent
3472 3009 3503 3042 e
3532 3004 3594 3044 us

2022 3069 2335 3128 exercit-n.-
2382 3069 2557 3122 nostri
2596 3068 2876 3120 uberrima
2917 3068 3201 3136 reportant
3245 3063 3443 3135 spotia.
3521 3068 3591 3117 te·

2022 3157 2147 3195 rum
2174 3142 2370 3195 um'lur
2396 3140 2690 3196 exercitus.

2022 3246 2167 3302 Dum
2204 3246 2380 3312 igitur
2416 3248 2501 3298 sic
2531 3244 2860 3299 afficeretur
2902 3241 3162 3298 fidelium
3190 3240 3499 3306 exercitus,
3532 3245 3591 3297 et

1950 3334 2170 3391 domini
2204 3334 2525 3392 Boamundi
2557 3335 2742 3389 virtus
2767 3349 3003 3405 prorsus
3024 3331 3280 3404 collapsa
3299 3331 3594 3399 deficeret,

1947 3437 2080 3481 ecce
2123 3424 2230 3479 viri
2277 3422 2534 3479 illustres
2575 3428 2635 3478 et
2687 3421 3008 3492 magnifici,
3057 3422 3171 3476 dux
3220 3420 3594 3491 Godetridus,

1947 3531 2143 3573 comes
2166 3512 2567 3587 Raymundus:
2594 3512 2754 3580 [iugo
2774 3511 3036 3582 Magnus,
3061 3510 3382 3567 Balduinus
3413 3519 3470 3568 et
3488 3509 3594 3565 Eu·

1948 3605 2212 3661 stacliius
2242 3603 2409 3658 ducis
2444 3604 2668 3670 tratres,
2700 3607 2758 3657 et
2785 3601 2882 3656 alii
2924 3600 3037 3656 Deo
3068 3600 3252 3657 devoti
3279 3600 3591 3673 principes,

1948 3693 2053 3749 ded
2065 3697 2298 3748 urentes
2324 3707 2520 3748 secum
2543 3692 2761 3763 optime
2781 3695 3142 3746 armatorum
3164 3691 3428 3762 equitum
3452 3704 3594 3760 qua-

1948 3782 2219 3854 draginta
2250 3779 2457 3847 millia,
2486 3782 2544 3835 in
2578 3782 2780 3835 castris
2809 3794 3051 3836 suorum
3086 3779 3277 3836 turbis
3307 3781 3593 3851 pti-lestri-

1947 3868 2059 3926 bus
2092 3870 2305 3924 relictis
2326 3884 2456 3924 cum
2480 3870 2637 3924 omni
2661 3883 2874 3940 genere
2898 3866 3472 3938 impedimentorum,
3496 3882 3592 3921 ve-

1948 3961 2099 4017 loces
2140 3959 2415 4015 advolant
2443 3959 2570 4014 suis
2615 3975 2779 4030 opem
2830 3957 3122 4014 collaturi.
3162 3957 3591 4015 Accedentibus

1946 4065 2079 4106 vero
2097 4053 2180 4105 eis
2202 4049 2271 4102 sd
2296 4054 2487 4103 castra
2508 4048 2728 4104 domini
2747 4046 3091 4115 boamundi,
3116 4046 3326 4101 iterum
3347 4061 3448 4118 qut
3465 4045 3590 4119 jam

1950 4154 2094 4208 pene
2122 4140 2569 4207 succebuerant,
2602 4136 2914 4208 resumptis
2943 4135 3179 4203 aniznis,
3209 4141 3267 4191 et
3298 4133 3591 4191 restitutis

1944 4227 2006 4285 in
2040 4230 2328 4300 integrum
2360 4229 2603 4295 viribus,
2637 4242 2842 4282 rursus
2871 4226 2943 4281 ad
2974 4232 3268 4283 certarnen
3300 4225 3589 4295 redeunt3

1945 4328 2000 4375 et
2031 4319 2249 4373 illatam
2282 4317 2895 4389 qnaerentesinjuriam
2941 4313 3164 4382 ulcisci,
3185 4323 3238 4371 et
3262 4315 3484 4389 priores
3506 4330 3593 4370 re-

1947 4407 2166 4464 dimere
2205 4406 2483 4473 delectus,
2513 4407 2573 4463 in
2609 4407 2803 4464 hostes
2851 4405 3084 4461 irruunt
3130 4403 3495 4471 animosiusg
3538 4407 3595 4461 et

192 4488 259 4542 ut
288 4485 476 4541 instar
489 4488 794 4558 grandinis
823 4507 1015 4547 aerem
1040 4503 1408 4567 occuparent,
1437 4506 1497 4555 et
1524 4500 1581 4556 in
1617 4510 1840 4560 nostro·
1868 4494 1919 4563 D
1949 4495 2159 4570 gladiis
2186 4496 2472 4553 insinuit!
2505 4496 2764 4565 viriliter,
2788 4511 2938 4571 quos
2957 4496 3118 4568 prius
3137 4493 3303 4568 quasi
3329 4509 3397 4550 su
3410 4494 3595 4565 perio-

191 4589 325 4632 rum
355 4574 680 4649 legionibus
702 4584 795 4637 vix
816 4596 1031 4638 vacuus
1052 4600 1085 4640 a
1105 4587 1343 4642 vulnere
1362 4587 1574 4662 aliquis
1603 4589 1835 4649 inveni-

192 4672 388 4733 τοῖαι-ς
417 4664 625 4739 vixque
675 4672 829 4740 prior
877 4673 1063 4729 nubes
1092 4675 1470 4735 descenderat
1497 4696 1628 4737 cum
1658 4699 1836 4740 arcu·-

194 4756 327 4825 bus,
356 4773 612 4828 sequens
641 4762 859 4819 emissa
891 4779 1003 4819 uon
1037 4766 1257 4835 rarior;
1290 4769 1339 4824 si
1387 4771 1524 4841 quid
1560 4772 1714 4843 prior
1744 4776 1834 4830 in·

192 4849 410 4903 tactum
441 4849 767 4917 dimiserat,
809 4854 1069 4911 secunda
1114 4855 1358 4913 illaesum
1391 4877 1503 4917 non
1538 4864 1833 4933 praeteriit.

192 4932 386 4991 Nostri
417 4943 632 5008 autem,
655 4942 873 5014 quibus
903 4944 956 4997 id
994 4961 1196 5017 pugnae
1212 4963 1400 5018 genus
1422 4953 1838 5027 eratincogni-

192 5026 344 5084 tum.
393 5038 577 5096 eoque
629 5032 824 5088 minus
874 5033 1188 5102 tolerabile,
1237 5054 1353 5111 quo
1392 5046 1450 5094 et
1481 5044 1678 5099 minus
1727 5061 1835 5103 usu

192 5119 582 5183 compertum,
606 5120 863 5175 videntes
879 5125 1033 5194 quod
1056 5128 1186 5199 equi
1212 5143 1410 5184 eorum
1437 5132 1563 5187 sine
1585 5135 1836 5190 remedio

192 5202 532 5274 deficerent,
556 5205 784 5281 ipsique
807 5212 1133 5272 subitorum
1152 5217 1479 5285 vulnerum,
1501 5227 1560 5277 et
1579 5237 1707 5294 quat
1721 5239 1837 5281 nou

192 5294 449 5350 multum
486 5312 806 5364 precavere
846 5307 1132 5373 poterant,
1181 5309 1606 5367 confixionibus
1652 5312 1840 5370 inter-

193 5379 366 5451 irent,
396 5384 603 5456 gladiis
646 5395 704 5443 et
748 5391 1084 5449 lancearum
1134 5396 1403 5454 acumine
1435 5400 1490 5454 in
1526 5405 1720 5459 bostes
1759 5404 1840 5459 ir-

195 5474 440 5545 ruendo,
470 5490 571 5532 eos
601 5495 631 5531 a
662 5494 723 5534 se
757 5481 1075 5553 propellere
1113 5491 1477 5559 satagebant.
1522 5490 1607 5547 Illi
1640 5498 1837 5550 autem

193 5559 548 5625 irruentium
578 5568 811 5638 pondus
827 5568 982 5632 terre
1009 5589 1127 5634 non
1154 5574 1436 5648 valentes,
1464 5581 1729 5642 studiose
1753 5581 1839 5642 ct-

1942 4604 2037 4645 res
2075 4588 2445 4658 novaverant,
2479 4589 2610 4645 forti
2642 4591 3021 4661 prosternunt
3066 4586 3322 4652 dextera,
3352 4584 3467 4656 jam
3496 4600 3591 4643 rc-

1943 4678 2150 4734 sistere
2180 4694 2295 4734 non
2326 4676 2607 4736 valentes.
2655 4677 2941 4734 Dominus
2969 4691 3105 4733 vero
3135 4674 3439 4731 podiensis
3460 4673 3592 4746 epi-

1946 4783 2184 4839 scopus,
2214 4782 2346 4823 cum
2377 4767 2509 4823 aliis
2536 4767 2798 4839 eJusdem
2831 4766 3005 4825 officii
3036 4764 3461 4824 comministris
3492 4779 3592 4837 po-

1946 4856 2119 4930 pulos
2158 4858 2491 4920 admonent.
2523 4857 2831 4913 hortantur
2860 4856 3155 4928 principes
3180 4871 3251 4913 nc
3272 4870 3483 4910 manus
3502 4869 3590 4912 re·

1946 4945 2183 5002 mittant
2207 4962 2220 5002 z
2252 4945 2359 5004 sed
2387 4947 2524 5003 certi
2548 4948 2619 5003 de
2647 4947 2889 5003 victoria
2918 4945 3195 5003 divinitus
3215 4944 3590 5010 conferenda,

1947 5037 2422 5109 interempturum
2455 5038 2799 5102 sanguinem
2843 5038 3223 5099 ulciscantur.
3251 5041 3310 5092 et
3336 5033 3410 5091 de
3441 5034 3593 5091 flde-

1948 5127 2091 5184 lium
2133 5138 2329 5201 strage
2358 5131 2488 5185 lidet
2533 5129 2727 5185 hostes
2756 5133 2816 5183 et
2844 5126 3101 5182 nominis
3130 5124 3446 5182 Christiani
3473 5140 3589 5180 non

1947 5223 2241 5292 patiantur
2270 5219 2493 5276 diutius
2523 5218 2778 5289 gloriari.
2814 5216 2875 5272 ln
2909 5215 3003 5272 his
3032 5221 3091 5271 et
3121 5214 3462 5285 hujusmodi
3494 5228 3592 5281 po·

1949 5307 2148 5379 pulum
2174 5308 2500 5365 incitabant
2526 5306 2604 5365 ad
2629 5321 3009 5379 congressum
3040 5304 3148 5362 viri
3185 5304 3302 5367 uei.
3333 5309 3393 5361 ct
3439 5304 3593 5360 vires

1947 5408 2197 5471 quantas
2229 5406 2493 5469 poterant
2531 5412 2734 5454 eorum
2784 5398 3001 5452 animis
3047 5394 3460 5453 inlundebsnt.
3503 5396 3593 5447 tr-

1947 5498 2183 5547 ruentes
2213 5491 2389 5563 igitur
2419 5489 2599 5547 nostri
2628 5487 2799 5546 solito
2827 5486 3253 5551 vehementius,
3283 5491 3346 5542 et
3374 5491 3595 5557 proter·

1944 5580 2079 5642 vius
2091 5582 2380 5644 iuststnu
2395 5579 2634 5656 gladiis,
2642 5576 2949 5641 dissolutis
2958 5575 3321 5653 agminibus,
3332 5592 3450 5636 non
3461 5575 3590 5635 sine
