3784 6000
166 246 247 307 87
1219 244 1562 308 ARNULF'l
1608 242 2126 308 LuxovaSlS
2171 244 2536 306 EPISCOPI
3513 240 3598 300 88

172 377 409 451 pellere,
438 382 497 436 et
524 380 575 437 si
606 396 700 437 res
718 378 899 436 altius
927 378 1204 436 discusse
1227 377 1463 450 fuerint,
1489 377 1818 435 invenietur
1845 383 1904 449 Α
1931 379 2078 436 verit
2104 377 2522 455 misericordia,
2562 392 2762 433 coram
2797 372 2999 431 multis
3030 373 3452 432 ecclesiasticis
3487 389 3600 431 so-

172 469 235 527 in
258 468 547 541 plerisque
567 469 802 526 laudem
834 483 1068 541 quoque
1094 467 1407 539 plurimam
1430 468 1625 540 sagaci
1648 467 1824 525 soler·
1927 468 2348 539 sularibusque
2380 466 2644 540 personis
2675 464 2905 538 publice
2931 463 2992 520 in
3037 479 3220 521 manu
3266 463 3593 521 Rothcma-

172 557 258 614 tia
287 559 590 615 meruisse.
616 557 939 614 Affectabat
966 557 1123 613 omui
1160 556 1444 613 desiderio
1474 558 1546 613 ad
1568 561 1820 614 vestram
1928 560 2123 633 gensis
2153 556 2573 628 archiepiscopi
2607 555 2721 612 fide
2751 553 3139 626 corporaliter
3166 553 3592 612 interveniente

173 647 372 704 venire
401 646 797 719 praesentiam,
828 646 1005 718 idque
1037 647 1161 716 jam
1218 647 1474 703 secundo
1519 663 1592 703 an
1625 652 1824 719 posset
1928 649 2201 705 firmavit.
2234 647 2410 703 Porro
2438 645 2562 718 ipse
2592 644 2664 701 ad
2699 643 3058 700 visitandam
3094 642 3428 699 Romanam
3481 643 3592 699 Ec-

176 740 450 810 expertus
471 742 581 803 est,
603 737 702 792 sed
728 751 1096 808 progressum
1128 734 1497 808 aliquatenus
1519 743 1658 793 aetas
1691 754 1820 809 pro-

176 825 413 895 vectior,
442 839 698 896 personae
724 826 1001 897 gravitas,
1033 825 1348 882 difficultas
1377 827 1620 898 itineris,
1652 831 1709 883 et
1738 843 1826 883 se-

177 915 394 972 nectuti
418 929 650 985 semper
664 918 914 986 cognata
933 914 1207 972 debilitas
1218 917 1584 973 reduxerunt.
1601 918 1688 973 Ad
1702 917 1824 974 haec

179 1020 295 1061 non
343 1002 538 1061 solum
589 1007 788 1061 nostra
836 1021 938 1076 pro
989 1021 1078 1073 eo,
1111 1007 1210 1062 sed
1258 1007 1442 1062 totius
1489 1008 1673 1079 regni,
1706 1008 1825 1065 imo

178 1092 357 1150 etiam
385 1108 701 1165 regnorum
732 1093 1040 1161 desideria,
1072 1094 1305 1166 pietatis
1335 1103 1537 1152 vestras
1577 1096 1826 1168 genibus

182 1181 588 1253 advolvuntur,
612 1187 677 1238 ut
697 1183 1019 1240 secundum
1044 1184 1242 1241 datum
1274 1185 1439 1242 vobis
1458 1203 1494 1242 a
1518 1186 1635 1243 Deo
1656 1187 1828 1260 spiri-

183 1270 639 1342 tum‚justitiam
662 1271 793 1340 ejus
812 1273 1171 1329 conservetis
1191 1273 1434 1330 illaesam
1453 1291 1466 1330 :
1490 1280 1592 1332 aut
1614 1276 1663 1332 si
1687 1275 1829 1349 quid

184 1357 363 1417 etiam
393 1360 854 1432 imperfectionis
884 1370 988 1430 est,
1012 1363 1162 1419 oculi
1190 1365 1363 1420 vestri
1388 1366 1623 1423 videant
1652 1366 1829 1438 aequi-

185 1451 389 1516 tatem,
438 1448 579 1522 quia
625 1449 769 1505 nihil
815 1450 889 1507 de
939 1451 1321 1524 indulgentia
1357 1454 1640 1511 beneflcio
1691 1472 1832 1513 cun·

187 1539 491 1608 sequetur,
540 1538 697 1609 quod
744 1555 862 1595 non
918 1541 1255 1597 excedentis
1313 1558 1569 1614 persono
1628 1546 1833 1603 merita

188 1630 656 1697 recompensent.
690 1627 754 1682 Et
784 1644 890 1685 nos
919 1628 1298 1701 quidemdista
1330 1632 1400 1687 ad
1435 1632 1655 1691 nullius
1685 1651 1830 1708 sug-

188 1712 574 1787 gillationem,
595 1716 699 1773 sed
720 1717 794 1772 ad
818 1716 993 1789 hujus
1015 1723 1356 1789 proventum
1379 1722 1688 1779 scribenda
1708 1739 1833 1781 ceu-

188 1803 444 1872 suimus,
477 1804 619 1876 quia
646 1811 703 1861 et
747 1805 885 1863 huic
915 1807 1234 1879 apostolica
1262 1812 1473 1881 poterit
1494 1814 1680 1883 gratia
1701 1830 1837 1886 pro-

189 1890 405 1960 videre,
428 1896 487 1948 et
514 1894 647 1950 aliis
679 1894 1058 1952 nihilominus
1078 1897 1150 1952 de
1179 1898 1443 1967 ejusdem
1465 1900 1837 1961 discretionis

192 1983 254 2037 st
281 1982 757 2039 mansuetudinis
786 1983 953 2055 copia
982 1985 1292 2042 subvenire
1322 1988 1480 2059 (39⁶).

932 2112 1100 2172 LVII.

198 2227 271 2267 AD
289 2228 553 2269 manum
581 2230 651 2272 m·
674 2231 1036 2276 wrtmnsmu
1066 2236 1433 2293 cannmnme,
1459 2243 1569 2282 Pno
1597 2244 1841 2285 nootmo

591 2320 939 2364 monacum!
982 2325 1447 2370 annmzvmcopo.

270 2427 395 2490 Qua
408 2426 542 2493 fide,
562 2443 676 2498 quo
691 2432 908 2499 studio,
923 2450 1040 2506 quo
1061 2436 1323 2507 affectus,
1338 2441 1492 2498 circa
1513 2443 1681 2502 initia
1700 2451 1843 2502 tem·

201 2513 451 2586 pestatis
496 2515 670 2573 istius
716 2522 783 2574 ad
819 2521 1102 2579 unitatem
1140 2527 1428 2596 Ecclesiae,
1460 2537 1517 2588 et
1562 2533 1841 2592 bonorem

202 2601 449 2659 Romani
480 2606 769 2676 pontilicis
790 2610 1065 2669 dominus
1096 2615 1478 2676 Eboraoensis
1506 2620 1840 2694 intenderit,

197 2699 388 2749 vestra
417 2692 520 2766 qul
548 2709 620 2750 ex
648 2712 857 2770 magna
887 2707 1050 2772 parte
1076 2704 1302 2762 vidistis
1331 2712 1389 2764 et
1416 2711 1682 2782 audistis,
1706 2731 1842 2786 pru-

201 2779 398 2837 dentia
455 2798 572 2839 uon
620 2784 870 2857 ignorat.
914 2790 1121 2849 Meruit
1169 2798 1542 2856 excedentem
1591 2805 1841 2875 gratiam

200 2869 486 2928 excedens
506 2875 724 2931 strenui
747 2883 1197 2952 propugnatoris
1218 2888 1482 2959 audacia,
1506 2892 1737 2965 sibique
1758 2895 1845 2952 in-

198 2957 386 3018 vicem
406 2960 814 3035 frequentibus
834 2968 1040 3027 officiis
1060 2975 1183 3030 tam
1204 2991 1439 3048 opernm
1465 2983 1845 3054 magnificen—

201 3048 285 3106 tia
302 3065 476 3122 quam
506 3068 702 3111 rerum
732 3059 1135 3119 munificentia
1163 3079 1601 3130 concurrerunt.
1625 3077 1842 3134 Praesu-

201 3140 399 3197 mebat
420 3158 537 3199 uon
569 3146 900 3205 defuturam
932 3153 1175 3223 gretiam
1209 3163 1645 3229 perseverantiae
1667 3168 1844 3222 meri—
1874 3133 1920 3201 c

110 3255 117 3262 -
200 3231 416 3293 torum.
448 3232 551 3288 sed
586 3235 711 3305 jam
753 3237 998 3307 pristina
1054 3249 1563 3316 perseverantibus
1614 3255 1842 3313 meritis

200 3316 386 3390 gratia
414 3337 530 3378 non
562 3323 678 3397 (40)
709 3328 975 3401 refulget,
1006 3349 1206 3390 verum
1242 3336 1298 3392 iu
1346 3353 1577 3408 poeuam
1609 3358 1841 3417 quoque

204 3422 487 3466 conversa
515 3418 602 3469 est
621 3413 879 3487 ipsorum
910 3423 1263 3494 exspectatio
1285 3428 1678 3496 praemiorum.
1707 3435 1841 3490 Per·

203 3499 638 3573 severatjtamen
669 3521 922 3581 semper,
948 3515 1007 3566 et
1032 3510 1166 3568 allis
1207 3518 1639 3587 tepescentibus
1660 3523 1844 3595 ipsius

200 3584 422 3645 devotio
444 3607 560 3648 non
584 3595 849 3668 tepescit,
873 3599 1186 3671 quiajvidet
1207 3607 1388 3663 totam
1422 3610 1684 3667 nondum
1703 3630 1840 3669 con·

199 3671 491 3746 quievisse
518 3681 826 3753 malitiam,
847 3690 907 3742 et
926 3686 999 3743 ab
1027 3687 1121 3745 bis
1143 3706 1391 3761 quorum
1415 3695 1560 3754 fides
1579 3697 1838 3757 invictis·

197 3763 354 3821 sima
380 3766 745 3842 credebatur,
777 3775 1018 3845 profana
1063 3780 1305 3839 consilia
1345 3787 1638 3856 percussis
1668 3790 1840 3849 etiam

200 3851 518 3916 foedeflbus
578 3860 811 3934 agitari.
868 3864 1102 3924 Utinam
1153 3871 1228 3927 ad
1277 3874 1545 3933 notitiam
1596 3879 1840 3937 Romani

196 3943 495 4013 pontificis
520 3951 580 4005 et
604 3955 880 4022 vestram,
912 3955 1191 4017 relatione
1218 3963 1470 4022 veridica
1494 3969 1840 4043 perveniret,

199 4038 487 4100 qnantum
515 4039 738 4095 noviter
766 4043 924 4113 apud
956 4046 1274 4119 principem
1310 4065 1595 4126 nostrum,
1645 4075 1840 4133 regem

198 4115 411 4192 loquor
455 4125 797 4197 Anglorum,
848 4131 1131 4192 Catholici
1186 4145 1503 4202 sacerdotis
1554 4147 1843 4207 industria

198 4213 402 4267 sancta
421 4215 682 4284 profecit,
714 4233 848 4274 cum
880 4236 1014 4277 eum
1037 4225 1260 4284 scilicet
1279 4230 1350 4285 ad
1383 4233 1640 4290 schisma
1658 4238 1842 4293 maxi-

195 4298 279 4355 mi
302 4314 527 4374 quoque
557 4306 882 4377 principum
915 4310 1246 4384 invitarent,
1288 4317 1607 4394 ipsumque
1653 4331 1841 4385 metus

200 4389 520 4450 severitatis
549 4396 883 4466 apostolica
912 4405 1278 4473 perterreret.
1313 4407 1611 4479 Siquidem
1654 4414 1842 4473 virtus

1867 1768 1916 1834 B

1931 738 2171 795 clesiam
2199 737 2452 809 plurimo
2467 735 2822 807 iamdudum
2844 733 3145 791 desiderio
3164 736 3598 800 tractusest‚ut

1932 844 2061 900 ope,
2087 831 2145 882 et
2165 826 2406 882 consilio
2418 829 2609 881 vestro
2630 828 2859 880 motum
2882 822 3207 895 majestatis
3233 822 3592 894 apostolicas,

1933 916 1986 972 si
2015 932 2192 987 quem
2222 915 2498 970 adversus
2527 929 2662 970 eum
2693 913 2764 969 de
2813 912 2963 969 falsa
3008 911 3392 984 suggestione
3437 926 3593 968 con·

1931 1005 2128 1074 traxit,
2157 1007 2450 1061 revocaret
2468 1003 2531 1058 in
2556 1005 2834 1074 gratiam.
2856 1003 3087 1074 ipsique
3111 1009 3166 1057 et
3185 1001 3356 1058 vobis
3377 1001 3440 1057 in
3461 1016 3559 1058 om
3575 1031 3591 1043 -

1935 1095 2109 1151 uibus
2137 1094 2527 1151 sinceritatem
2558 1091 2926 1150 conscientiae
2958 1108 3084 1147 suaa
3107 1089 3466 1148 certissimis
3499 1090 3594 1146 in-

1934 1186 2105 1243 diciis
2151 1184 2519 1256 approbaret.
2574 1182 3007 1254 Accingebatur
3028 1181 3171 1252 jam,
3197 1195 3331 1236 cum
3379 1196 3415 1237 a
3462 1194 3600 1252 rege

1933 1274 2059 1347 ipso
2087 1277 2144 1330 et
2191 1273 2417 1329 nuntiis
2463 1272 2613 1343 ejus,
2653 1270 2752 1342 qui
2801 1273 3028 1328 noviter
3076 1288 3110 1327 a
3157 1269 3326 1326 vobis
3373 1270 3600 1326 reversi

1934 1367 2093 1430 suut,
2117 1360 2373 1418 terribile
2399 1360 2657 1432 percepit
2685 1359 2992 1426 indicium,
3020 1359 3440 1430 imperatorem
3471 1356 3590 1415 sci-

1937 1451 2073 1508 licet
2100 1451 2292 1523 ipsum
2323 1449 2698 1522 singulariter
2711 1448 3035 1520 excepisse,
3054 1464 3193 1505 cum
3216 1448 3374 1514 aliis,
3400 1447 3598 1505 inter-

1937 1545 2112 1597 ventu
2143 1540 2318 1610 regis,
2350 1538 2721 1595 securitatem
2754 1536 3032 1592 transitus
3063 1536 3419 1607 indulgeret,
3450 1536 3597 1607 quia

1939 1629 2158 1687 scilicet
2172 1630 2629 1702 praesumpserat
2654 1627 2712 1681 in
2731 1640 3046 1698 personam
3060 1626 3111 1696 ej
3121 1641 3189 1681 us
3202 1624 3601 1682 anathematis

1942 1723 2277 1793 intorquere
2306 1717 2680 1778 sententiam.
2714 1721 2770 1772 at
2801 1732 3016 1772 nomen
3045 1717 3175 1787 ejus
3216 1716 3279 1772 ln
3320 1715 3604 1772 omnibus

1946 1826 2090 1882 quos
2122 1798 2448 1880 frequenter
2478 1806 2867 1863 celebraverat
2894 1806 3278 1861 conventibus
3315 1804 3600 1861 ecclesia-

1947 1898 2109 1956 sticis
2131 1898 2436 1954 infamare.
2469 1895 2765 1951 Providete
2793 1895 2992 1966 itaque
3020 1896 3210 1952 amico
3231 1899 3449 1963 vestro,
3492 1908 3602 1950 nec

1948 1989 2116 2046 illum
2147 1988 2220 2044 ad
2252 1991 2446 2060 partes
2474 1986 2607 2042 ilias
2646 1985 2846 2058 aliqua
2892 1984 3258 2042 necessitatis
3306 1982 3600 2042 instantia

1950 2076 2122 2143 trabi,
2156 2091 2349 2147 usque
2383 2079 2562 2146 caput
2581 2075 2711 2145 ejus
2730 2077 2817 2129 tot
2836 2073 3135 2145 tantisque
3163 2071 3447 2145 periculis
3477 2088 3608 2144 per-

1951 2164 2196 2222 mittatis
2226 2164 2452 2234 exponi.
2487 2164 2572 2218 Ad
2605 2162 2746 2230 haec,
2780 2162 2997 2218 bouum
3045 2165 3137 2218 est
3184 2160 3458 2218 Ecclesia
3501 2162 3607 2219 Dei

1950 2255 2106 2311 viros
2136 2253 2337 2310 fideles
2343 2254 2367 2323 j
2378 2252 2584 2308 uxtain
2599 2251 2800 2308 fideles
2813 2251 3133 2323 aliquando
3147 2252 3524 2320 commorari,
3543 2256 3611 2309 ut

1953 2344 2222 2415 ipsorum
2253 2342 2467 2397 virtute
2487 2344 2546 2396 et
2565 2341 2879 2413 prudentia
2904 2339 3128 2396 malitia
3141 2337 3380 2409 reprimi
3402 2342 3610 2412 possit,

1951 2437 2009 2492 et
2036 2430 2428 2489 inconstantia
2458 2429 2760 2486 contineri.
2796 2431 3057 2487 Profecto
3084 2428 3242 2500 apud
3259 2444 3369 2484 uos
3389 2446 3611 2501 prova-

1951 2523 2135 2579 luisse
2166 2522 2510 2579 credebatur
2548 2519 2845 2591 iniquitas,
2887 2521 3001 2576 uisi
3032 2522 3401 2578 sacerdotum
3434 2520 3609 2578 indu·

1951 2614 2065 2668 tria
2098 2610 2436 2678 restitisset,
2461 2625 2561 2681 per
2591 2625 2741 2681 quos
2785 2624 3051 2680 repressa
3098 2608 3340 2666 viriliter
3385 2610 3606 2667 intem·

1953 2701 2225 2776 perantia
2247 2700 2533 2771 requievit
2564 2713 2577 2754 :
2609 2702 2668 2754 et
2696 2698 2768 2753 ad
2801 2698 3108 2765 unitatem,
3151 2715 3299 2771 quos
3339 2698 3503 2756 velut
3539 2699 3604 2757 in

1951 2792 2009 2847 fu
2017 2806 2152 2862 gam
2165 2795 2352 2847 terror
2361 2787 2763 2845 ecclesiastice
2779 2788 3080 2859 potestatis
3091 2788 3429 2859 impulerat,
3453 2792 3602 2845 sunt

1952 2879 2190 2938 reversi.
2240 2879 2509 2934 Nondum
2559 2885 2753 2931 tamen
2802 2875 2997 2931 navim
3047 2879 3308 2933 nostram
3360 2881 3600 2948 portum

1953 2970 2216 3045 perfectas
2246 2966 2576 3025 securitatis
2604 2965 2896 3023 credimus
2927 2965 3206 3036 obtinere,
3252 2965 3352 3039 qui
3397 2966 3600 3025 adbuc

1953 3065 2009 3115 et
2052 3059 2311 3116 anchora
2340 3057 2525 3130 possit
2551 3058 2623 3112 de
2652 3059 2922 3126 percepta
2950 3056 3199 3113 statione
3241 3055 3512 3125 convelli,
3544 3062 3609 3114 et

1957 3151 2123 3205 navis
2146 3149 2272 3218 ipsa
2302 3163 2506 3203 rursus
2535 3146 2605 3202 ad
2638 3143 2921 3216 procellas
2952 3146 3235 3217 pristinas
3255 3144 3398 3201 flatu
3432 3145 3606 3203 mali·

1954 3239 2044 3296 tias
2077 3237 2361 3295 revocari.
2398 3234 2610 3291 Utilius
2652 3250 2788 3305 ergo
2837 3234 2957 3291 fore
3003 3235 3302 3291 credimus
3348 3251 3446 3292 eos
3507 3237 3614 3309 qui

1953 3328 2252 3400 providere
2284 3329 2529 3398 possunt
2551 3341 2665 3381 uon
2689 3323 2963 3393 amoveri,
2998 3325 3095 3380 sed
3121 3324 3194 3380 ad
3216 3323 3490 3381 solertem
3519 3326 3609 3381 vi-

1952 3418 2097 3491 giles
2128 3416 2406 3472 adbibere
2426 3413 2774 3481 custodiam,
2800 3417 2865 3468 ut
2884 3411 3172 3483 quoslibet
3192 3421 3434 3470 eventus
3465 3431 3607 3487 pru-

1951 3508 2154 3564 denter
2205 3510 2263 3562 et
2309 3505 2595 3561 instanter
2643 3502 2969 3569 observent,
3020 3505 3076 3557 et
3125 3509 3605 3561 momentaneam

1952 3595 2262 3652 hominum
2293 3593 2469 3648 fldem
2501 3590 2828 3647 necessaria
2865 3590 3180 3646 stabilitate
3220 3591 3604 3652 confirment.

1950 3683 2039 3741 Ad
2053 3684 2208 3755 quod
2221 3683 2408 3738 virum
2426 3681 2498 3737 de
2527 3697 2643 3753 quo
2674 3679 2989 3737 scribimus
3004 3680 3209 3736 multis
3236 3681 3611 3752 experimen-

1953 3776 2027 3832 tis
2056 3773 2327 3830 novimus
2357 3772 2669 3839 efficacem,
2712 3769 2881 3841 eique
2928 3769 3000 3825 ad
3054 3770 3392 3827 reserandas
3440 3773 3611 3830 vobis

1951 3863 2267 3936 gratiarum
2298 3860 2553 3917 actiones
2585 3860 2863 3930 majorem
2885 3858 3132 3930 devotio,
3162 3873 3341 3930 quam
3371 3861 3611 3918 vexatio

1950 3951 2174 4009 tribuat
2203 3950 2581 4006 intellectum.

2673 4037 2871 4095 LVIII.

2007 4148 2080 4188 an
2120 4145 2394 4188 nomam!
2431 4144 2614 4184 raam
2649 4143 3057 4197 ΑιικΑΝοιωκ,
3099 4144 3212 4185 eno
3241 4145 3549 4188 coaeterno

2395 4233 2822 4275 samsssmsssr
2859 4234 3151 4275 eeiscoro.

2029 4310 2139 4365 Pro
2169 4308 2479 4365 venerabili
2508 4310 2677 4363 Patre
2707 4311 2923 4375 nostro,
2946 4314 3002 4364 et
3034 4309 3219 4366 amico
3252 4309 3612 4367 charissimo

1950 4400 2240 4457 Joscelino
2270 4399 2688 4454 salesberiensi
2722 4398 3016 4470 episcopo,
3061 4399 3354 4469 majestati
3397 4404 3613 4457 vestrae

198 4480 330 4551 01⁰⁸
356 4483 647 4556 precipue
676 4486 844 4544 nobis
874 4489 1153 4550 nimirum
1182 4502 1235 4550 et
1264 4495 1396 4554 aliis
1426 4500 1840 4576 adnitentibus,
1876 4505 1921 4571 D
1953 4505 2156 4562 preces
2185 4488 2530 4545 affectuosas
2559 4487 2880 4558 offerimus,
2913 4491 2971 4543 et
3001 4488 3340 4560 benignitati
3363 4490 3613 4548 devotas

200 4581 335 4625 eum
392 4570 453 4627 in
510 4569 627 4630 tide
699 4575 1031 4636 obedientia
1100 4583 1369 4642 Ecclesia·
1451 4589 1837 4664 confirmavit,

198 4674 375 4731 seque
422 4661 685 4720 Romano
735 4666 992 4739 pontiflci
1025 4671 1354 4743 pariturum
1385 4693 1559 4750 super
1606 4697 1673 4737 eo
1703 4699 1838 4741 casu

201 4763 377 4823 quem
408 4753 680 4824 audistis,
712 4762 1002 4830 quantum
1033 4762 1337 4822 dictaverit
1365 4766 1536 4838 ratio,
1568 4769 1656 4827 vel
1687 4771 1845 4832 laxa-

270 4914 415 4986 (39‘)
446 4917 647 4975 Finem
677 4920 957 4992 epistolae,
989 4942 1117 4998 quae
1156 4930 1579 5000 quodammodo
1626 4933 1687 4990 in
1717 4937 1844 4993 edi·

201 4984 656 5114 tigrgaepertecta
683 4997 795 5063 est,
839 4999 1071 5069 supplet
1117 5003 1299 5058 codex
1336 5003 1703 5073 Bodleianus,
1752 5010 1845 5066 bis

277 5149 307 5178 α
330 5127 439 5185 Pro
456 5144 697 5200 persona
720 5131 738 5188 i
784 5135 896 5192 itur
915 5139 986 5194 de
1008 5157 1125 5213 qua
1145 5143 1478 5215 scribimuS,
1502 5165 1619 5203 non
1652 5156 1847 5208 nostra

202 5204 454 5270 tantum,
480 5149 1064 5292 ‚sed-pubficatotlus
1095 5217 1276 5288 regui,
1295 5218 1410 5272 imo
1439 5221 1615 5275 etiam
1638 5238 1847 5295 regno-

202 5287 337 5329 rum
368 5272 658 5331 desideria
687 5285 916 5350 pietatis
939 5290 1139 5340 vestras
1168 5289 1418 5359 genibus
1446 5291 1847 5362 advolvuntur,

204 5346 271 5398 ut
291 5346 614 5402 secundum
638 5349 842 5432 datum
866 5354 1031 5411 vobis
1053 5373 1087 5412 a
1108 5357 1220 5415 Deo
1239 5361 1536 5431 spiritum,
1552 5365 1847 5435 justitiam

205 5413 335 5499 qius·
361 5422 716 5498 conservetis
748 5422 1006 5494 illoesam,
1040 5433 1141 5483 aut
1170 5432 1219 5485 si
1252 5432 1392 5502 quid
1424 5435 1597 5492 etiam
1632 5439 1847 5509 imper-

205 5484 474 5568 fectionis
500 5495 591 5573 est
642 5496 794 5550 oculi
828 5499 1003 5554 vestri
1044 5500 1274 5558 videant
1302 5505 1647 5575 ,aequitatem
1711 5508 1850 5578 quia

206 5554 357 5616 nihil
389 5558 460 5614 de
507 5532 881 5637 indulgentiis
929 5569 1211 5631 beneficio
1251 5553 1669 5650 eoumqueturJ
1691 5580 1848 5651 quod

1951 4578 2272 4651 gratiarum
2300 4575 2654 4632 exsolvimus
2683 4577 2959 4634 actiones.
2997 4578 3256 4650 pepercit
3285 4577 3336 4634 ei
3372 4578 3616 4635 miseri-

1953 4668 2149 4725 cordia
2177 4671 2389 4734 vestra,
2424 4665 3270 4738 parcendumqueimpotentiae
3299 4668 3428 4738 eius
3456 4668 3612 4725 ratio

1957 4756 2314 4831 postulabat,
2338 4755 2473 4827 quia
2494 4756 2774 4829 gravitate
2787 4755 3273 4829 corporis,aetatis
3296 4763 3609 4829 provectu,

1959 4935 2075 4976 uon
2106 4916 2442 4974 excedentia
2472 4932 2735 4988 personas
2767 4916 2977 4974 merita
3023 4924 3492 4991 recompensent.
3539 4923 3619 4979 Et

1956 5007 2064 5048 uos
2094 4990 2328 5062 quidem
2357 4989 2473 5044 ista
2502 4988 2572 5044 ad
2608 4988 2826 5046 nullius
2849 4989 3343 5063 suggillationem,
3376 4994 3480 5048 sed
3539 4996 3616 5050 ad

1955 5062 2131 5132 hujus
2166 5062 2528 5132 proventiam
2589 5061 2896 5116 scribenda
2945 5063 3313 5130 censuimus,
3363 5065 3509 5135 quia
3556 5076 3628 5122 et

1954 5134 2270 5201 apostolica
2301 5132 2440 5187 huic
2486 5130 2701 5214 poterit
2748 5133 2939 5203 gratia
2990 5133 3319 5203 providere,
3372 5139 3429 5190 et
3478 5137 3623 5194 aliis

1957 5204 2263 5261 nihilomiu
2275 5220 2341 5259 us
2363 5203 2435 5259 de
2448 5204 2714 5274 ejusdem
2735 5203 3102 5260 discretionis
3123 5212 3184 5260 et
3204 5208 3623 5264 mansuetudi-

1957 5277 2049 5334 nis
2079 5276 2246 5346 copia
2281 5275 2609 5332 subvenire.
2661 5275 2945 5330 Dominus
2995 5292 3306 5347 personam
3353 5284 3620 5337 vestram

1958 5349 2224 5405 Ecclesiae
2257 5363 2374 5403 suae
2407 5363 2509 5421 per
2536 5350 2802 5419 tempora
2835 5346 3020 5405 multa
3048 5359 3351 5407 conservet
3378 5349 3616 5409 incolu-

1957 5437 2135 5477 mem.
2173 5441 2200 5469 »

2026 5492 2140 5563 (40)
2173 5495 2235 5549 Β.
2269 5507 2387 5548 om.
2419 5505 2551 5546 non.
