3784 6000
167 262 287 324 659

1241 269 1662 333 eustanum
1705 270 2097 334 Tranasts
2141 214 2504 332 saunier.

3458 252 3579 318 860

168 396 356 453 Deum
387 402 445 455 et
474 398 748 456 recedens
771 417 802 456 a
831 399 1001 468 malo,
1036 401 1204 472 quus
1236 403 1517 460 memoria
1547 403 1606 459 in
1632 403 1809 462 bene·
1838 406 1888 474 Α
1922 404 2230 478 pollicetur.
2266 401 2396 459 Haec
2426 401 2475 459 ei
2511 414 2613 474 per
2650 382 2873 473 gentes,
2907 394 3273 470 principatus
3312 396 3371 449 et
3401 404 3585 464 regna

169 485 421 544 dictione
452 495 541 545 est
570 491 721 561 apud
756 491 1061 546 Dominum
1092 497 1178 548 est
1227 493 1514 565 homines,
1540 493 1818 551 dominus

173 575 397 643 Petrus,
431 576 683 633 eeclesiae
737 578 1025 637 Dominici
1076 581 1340 654 Sepulcri
1372 585 1551 654 prior,
1584 584 1654 640 de
1685 585 1822 642 eite-

173 663 324 720 riore
356 669 530 722 natus
560 665 863 738 Hispania,
890 667 1123 727 civitate
1172 671 1556 741 Barchinona,
1606 672 1819 729 nobilis

173 752 494 809 secundum
525 769 777 825 carnem,
813 757 914 813 sed
936 758 1144 832 spiritu
1185 759 1471 829 nobilior3
1505 762 1673 833 cujus
1702 760 1821 817 vita

173 848 231 897 et
255 843 618 900 conversatio
669 844 958 915 longiores
1010 852 1067 904 et
1097 848 1494 921 diligentiores
1527 849 1822 922 postulant

171 932 477 986 tractatus.
537 931 649 988 Sed
709 951 815 991 nos
873 935 1114 993 historia
1163 944 1395 995 revocat
1459 944 1525 995 ut
1589 939 1823 996 omissis

174 1018 565 1091 specialibus,
595 1023 666 1079 de
698 1024 952 1099 publicis
980 1026 1388 1084 edisseramus⁰

781 1132 1010 1190 CAPUT
1048 1135 1251 1191 XVIII.

180 1235 482 1293 Excitatur
507 1240 740 1310 populus
784 1240 1160 1298 Occidentalis
1176 1263 1198 1306 ,·
1222 1246 1271 1300 el
1300 1244 1370 1298 ad
1397 1244 1826 1301 subveniendum

252 1308 630 1365 Orientalibus
663 1311 986 1369 Christianis
1006 1314 1113 1370 iter
1140 1317 1418 1386 arripiunt
1450 1317 1826 1372 Romanorum

251 1382 555 1446 imperator
608 1383 911 1453 conradus,
935 1389 986 1440 el
1016 1386 1312 1442 Ludovicus
1342 1403 1442 1444 rex
1469 1390 1824 1457 Francorum,

249 1466 376 1506 eum
405 1453 534 1508 aliis
568 1455 759 1509 multis
787 1457 1151 1529 principibus.

252 1557 435 1631 Capta
491 1560 671 1632 igitur
726 1563 891 1634 urbe,
916 1568 981 1619 ut
1038 1566 1454 1638 praemisimus,
1512 1569 1823 1636 Edessena,

184 1648 641 1706 rumorletbalis
673 1653 968 1711 memorite
1003 1655 1234 1727 plenius
1265 1659 1589 1730 personuit,
1620 1664 1677 1715 et
1707 1674 1832 1714 crc-

182 1736 288 1794 bro
334 1738 490 1795 lama
546 1741 956 1815 divulgabatur
1009 1761 1112 1818 per
1167 1747 1539 1805 Occidentem
1599 1748 1830 1805 univer-

184 1842 344 1895 sum,
363 1829 516 1902 quod
550 1829 730 1902 impia
751 1836 1378 1905 gensTurcorum‚non
1409 1837 1600 1895 solum
1624 1839 1828 1896 urbem

182 1919 549 1990 praedictam,
580 1921 681 1977 sed
732 1937 966 1980 omnem
1018 1926 1258 1983 omnino
1288 1928 1535 1984 Orientis
1558 1933 1832 1987 tractum.

181 2004 425 2064 lieentia
483 2008 753 2067 liberiore
801 2028 1164 2086 percurrenS,
1232 2020 1568 2074 nostrorum
1636 2018 1831 2087 arbee,

130 2100 135 2105 “
189 2094 380 2158 villas,
416 2098 737 2165 municipia
767 2100 1389 2175 depopularentur,sed
1418 2106 1694 2179 populum
1717 2124 1840 2164 arn-

187 2183 347 2254 plius
378 2185 551 2243 solito
582 2187 976 2247 Christianum
1015 2191 1225 2264 praeliis
1251 2199 1308 2249 et
1337 2194 1558 2250 crebris
1590 2197 1835 2253 nimium

188 2272 590 2332 invasionibus
621 2276 1152 2350 affligerent.Erant
1174 2284 1273 2355 qui
1305 2283 1476 2339 verba
1496 2284 1835 2356 hujusmodi

186 2360 362 2435 longe
391 2363 620 2437 lateque
672 2367 731 2422 in
757 2368 989 2440 populis
1020 2375 1076 2426 et
1110 2372 1446 2428 nationibus
1479 2373 1831 2431 dissemina·

185 2458 351 2519 rent3
384 2456 441 2508 et
470 2454 699 2511 desides
732 2461 790 2512 et
822 2457 993 2529 longa
1023 2475 1163 2530 pace
1193 2460 1527 2532 dissolutas,
1556 2463 1628 2519 ad
1652 2468 1832 2521 tauta-

194 2557 329 2596 rum
369 2542 639 2601 ultionem
671 2545 1020 2617 injuriarum
1053 2549 1435 2608 sollicitarent
1464 2555 1827 2624 provincias:

189 2629 470 2689 dominus
519 2649 749 2706 quoque
806 2636 1098 2709 Eugenius
1148 2656 1298 2712 papa
1344 2642 1572 2710 tertius,
1602 2644 1687 2701 vir
1726 2647 1840 2703 Deo

189 2720 426 2796 plenus,
460 2728 754 2793 paternam
780 2740 985 2795 gerens
1017 2743 1120 2799 pro
1145 2728 1398 2785 liliorum
1431 2730 1838 2804 Orientalium,

193 2825 319 2880 quis
349 2810 995 2876 dicebatur,alssictione
1027 2815 1575 2889 sollicitudinem,et
1596 2821 1676 2876 eis
1692 2821 1835 2878 alle-

198 2903 292 2955 etu
325 2900 582 2972 pleniore
625 2903 1008 2976 compatiens,
1040 2905 1194 2964 viros
1223 2906 1526 2979 religiosos
1553 2915 1608 2966 et
1629 2910 1843 2968 exhor-

191 2987 388 3045 tatorii
412 2991 700 3049 sermonis
723 2991 1005 3052 habentes
1029 2994 1567 3069 gratiam,potentes
1592 2999 1648 3056 in
1669 3018 1841 3075 opere

187 3082 245 3134 et
275 3094 564 3147 sermone,
598 3082 669 3137 ad
717 3082 973 3140 diversas
1029 3086 1365 3143 Occidentis
1392 3096 1587 3160 partes
1618 3090 1842 3164 dirigit,

1927 494 2019 568 pia
2078 492 2523 566 longanimitate
2573 486 2906 555 disserenti,
2956 485 3145 542 adluit
3197 488 3318 540 tam
3353 487 3585 555 patrum

1927 599 2103 654 quam
2163 581 2349 655 plebis
2393 581 2554 636 favor
2608 578 2899 652 gratuitus
2933 578 3025 632 :et
3080 572 3589 632 exhortationibus

1928 673 2054 744 cJus
2083 674 2471 745 spontaneum
2523 669 2844 743 praebentes
2882 681 3213 732 assensum,
3243 663 3357 719 iter
3385 676 3590 718 versus

1929 758 2391 834 Hierosolymam
2418 756 2932 829 compromittunt;
2958 760 3015 811 et
3046 752 3278 810 vivificae
3294 751 3491 809 crucis
3513 750 3591 806 si-

1931 866 2115 924 gnum
2148 846 2413 906 humeris
2440 850 2729 919 aptantes,
2763 847 2829 903 ad
2884 844 2992 901 lter
3027 843 3440 915 accinguntur.
3475 840 3591 897 Nee

1933 941 2125 998 solum
2157 939 2216 994 in
2240 937 2458 1011 plebeis
2488 940 2543 994 et
2573 934 2955 1009 popularibus
2984 932 3196 989 turmis
3223 931 3318 987 hic
3349 945 3589 1003 persua-

1933 1028 2195 1087 dentium
2239 1044 2431 1084 sermo
2470 1026 2547 1082 its
2604 1040 2666 1082 se
2719 1024 2965 1096 prebuit
3013 1023 3335 1088 efficacem,
3381 1035 3586 1078 verum

1935 1134 2119 1190 usque
2149 1119 2222 1174 ad
2276 1132 2583 1189 supremos
2630 1115 2787 1171 orbis
2818 1113 3240 1178 moderatores,
3273 1113 3330 1166 et
3358 1125 3458 1165 eos
3488 1108 3593 1181 qui

1935 1207 2224 1280 praecipna
2249 1222 2561 1279 regnorum
2595 1203 2945 1261 videbantur
2963 1201 3304 1273 dispensare
3329 1199 3589 1271 fastigia,

1934 1312 2126 1353 sermo
2186 1297 2294 1352 iste
2349 1311 2481 1352 eum
2548 1292 2755 1351 ellectu
2811 1308 2926 1349 non
2976 1290 3245 1346 inferiore
3296 1289 3589 1361 pervenit.

1934 1386 2197 1444 Illustrcs
2226 1386 2382 1443 enim
2433 1391 2488 1442 et
2518 1382 2918 1457 potentissimi
2952 1396 3152 1453 regum
3177 1385 3364 1449 terrae,
3398 1377 3591 1436 domi·

1935 1494 2047 1536 nus
2074 1476 2342 1533 videlicet
2372 1475 2677 1532 Conradus
2709 1473 3103 1529 Romanorum
3156 1469 3496 1542 imperator,
3533 1472 3593 1524 et

1938 1566 2208 1624 dominus
2240 1564 2565 1622 Ludovicus
2613 1578 2712 1619 rex
2770 1562 3148 1627 Francorum,
3204 1574 3337 1615 cum
3388 1558 3593 1614 multis

1939 1655 2414 1727 utriusqueregni
2439 1650 2815 1726 principibus,
2843 1653 3241 1706 consonovoto
3272 1653 3329 1704 et
3350 1647 3592 1720 paribus

1941 1744 2246 1803 desideriis
2278 1741 2530 1815 amplexi
2551 1739 2962 1808 suntverbum;
2990 1743 3045 1795 et
3075 1736 3334 1794 salutare
3356 1736 3595 1793 vivificae

1941 1835 2131 1893 crucis
2164 1834 2401 1906 signum
2432 1831 2491 1887 in
2534 1829 2769 1887 arrham
2803 1829 3011 1885 futurae
3045 1825 3425 1898 profectionis
3456 1842 3594 1882 cum

1941 1924 2100 1984 omni
2150 1922 2450 1980 devotione
2505 1918 2833 1978 cervicibus
2903 1917 3251 1990 imprimunt
3304 1919 3364 1972 et
3422 1915 3599 1972 indu·

1949 2014 2185 2073 mentis.

2547 2115 2780 2174 CAPUT
2827 2113 2985 2172 XIX.

1941 2214 2243 2285 Imperator
2270 2208 2578 2282 praecedens
2623 2223 2748 2263 cum
2794 2203 3241 2285 expeditionibus
3282 2203 3418 2287 suis,
3455 2201 3602 2257 Con-

2013 2282 2427 2352 stantinopolim
2456 2281 2733 2352 pervenit.
2766 2277 3039 2333 soldanus
3076 2276 3380 2331 Iconienszs
3407 2282 3601 2330 contra

2015 2372 2141 2411 eum
2170 2354 2401 2410 insidias
2428 2352 2740 2425 praestruit.

2014 2461 2342 2533 Composito
2370 2458 2554 2531 igitur
2583 2470 2836 2528 congruo
2867 2451 3266 2510 moderamine
3283 2467 3593 2524 regnorum

1945 2556 2095 2608 statu
2151 2565 2410 2618 suorum,
2464 2545 2781 2616 assumptis
2838 2543 3012 2600 etiam
3067 2542 3140 2598 iis
3187 2541 3289 2613 qui
3327 2541 3598 2613 ejusdem

1947 2639 2220 2696 desiderii
2281 2640 2501 2694 fervore
2541 2637 2839 2704 concepto,
2872 2632 3021 2688 votis
3042 2629 3400 2688 salutaribus
3431 2635 3601 2688 tene—

1946 2729 2159 2785 bantur
2187 2725 2449 2799 obligati,
2488 2723 2701 2795 paratls
2750 2722 2818 2777 ad
2871 2720 2980 2776 iter
3025 2719 3399 2789 necessariis,
3428 2728 3599 2791 prout

1947 2819 2167 2891 regiam
2199 2816 2437 2872 decebat
2468 2813 2834 2883 dignitatem,
2869 2809 2986 2866 Deo
3012 2808 3235 2882 placitas
3261 2811 3598 2882 peregrina-

1946 2907 2145 2975 tionis,
2171 2922 2367 2962 mense
2397 2903 2575 2974 Maio,
2604 2903 2711 2958 iter
2750 2899 3039 2971 arripiunt
3071 2897 3468 2967 unanimiter3
3496 2899 3595 2954 sed

1946 2997 2148 3056 avibus
2176 2994 2449 3053 infaustis
2480 2999 2530 3049 et
2578 2989 2770 3049 omine
2820 2987 3076 3046 sinistro.
3109 2987 3275 3055 Nam,
3308 2992 3593 3059 tanquam

1950 3088 2131 3143 invita
2161 3084 2459 3142 divinitate
2490 3086 2544 3139 et
2576 3080 2660 3138 eis
2690 3080 2852 3140 irata,
2885 3079 2996 3134 iter
3024 3082 3497 3150 assumpserunt.
3538 3078 3598 3132 In

186 3166 291 3239 qul
321 3168 571 3239 populis,
603 3177 656 3225 et
686 3171 961 3228 tribubus
990 3178 1045 3229 et
1074 3173 1835 3247 linguis‚0rientaliumsra-
1865 3164 1917 3232 C
1948 3181 2067 3234 tota
2095 3176 2196 3232 illa
2243 3172 2594 3247 profectione
2643 3167 2788 3225 nihil
2844 3166 2955 3224 Deo
3006 3167 3303 3240 placitum,
3340 3167 3601 3239 peccatis

189 3259 348 3312 trum
363 3257 710 3315 denuntient
728 3263 1443 3332 pressurasintolerabiles
1467 3267 1633 3335 ;etad
1649 3272 1840 3327 tantas

190 3344 377 3401 ultum
427 3345 498 3404 Iri
554 3349 790 3406 fraterni
823 3352 1132 3425 sanguinis
1166 3354 1433 3424 injurias,
1464 3371 1562 3413 eos
1592 3356 1840 3416 debeant

193 3433 473 3493 animare.
509 3439 681 3494 Inter·
720 3455 869 3511 quos
925 3441 1014 3496 vir
1078 3442 1423 3500 immortalis
1464 3447 1754 3504 memorioe
1785 3453 1842 3505 et

191 3522 450 3581 honestae
509 3527 968 3586 conversationis
1026 3531 1355 3601 speculum,
1407 3535 1686 3593 dominus
1714 3537 1844 3593 Ber-

190 3614 435 3681 nardus,
466 3614 909 3675 clarevallensIs
940 3617 1141 3686 abbas,
1168 3620 1276 3693 piae
1303 3621 1362 3678 in
1397 3622 1642 3680 Domino
1664 3629 1721 3681 et
1745 3643 1845 3696 per

189 3702 388 3760 omnia
416 3704 828 3777 amplectendas
862 3709 1302 3781 recordationis,
1338 3711 1408 3766 ad
1442 3713 1696 3782 praedicti
1730 3715 1842 3771 Deo

194 3789 392 3864 placiti
441 3795 696 3850 muneris
717 3797 1171 3870 exsecutionem,
1206 3801 1531 3871 praecipuus
1561 3802 1795 3875 eligitur
1822 3821 1836 3872 ;

195 3880 291 3952 qui
322 3881 596 3953 injunctae
625 3884 737 3940 sibi
769 3883 1216 3953 dispensationis
1247 3889 1487 3946 sedulus
1518 3897 1837 3959 exsecutor,

198 3970 460 4040 ejusdem
495 3974 687 4046 operis
719 3990 919 4029 secum
942 3976 1057 4032 Deo
1105 3978 1389 4035 amabiles
1417 3980 1652 4037 trahens
1684 3996 1841 4038 coni·

194 4057 519 4129 ministros,
552 4060 825 4134 impiger,
857 4063 1206 4134 indefessae,
1231 4066 1367 4124 licet
1395 4070 1653 4142 corporis
1682 4078 1834 4127 esset

184 4148 439 4217 invalidi,
474 4155 600 4205 tum
636 4159 871 4222 propter
909 4155 1137 4211 senium
1182 4157 1529 4228 imminens,
1557 4163 1682 4216 tum
1716 4177 1843 4233 pro·

182 4240 310 4306 pter
326 4236 549 4306 jejunia
574 4254 716 4308 pene
737 4241 1015 4296 continua
1038 4247 1093 4297 et
1109 4243 1383 4301 subtilem
1409 4247 1582 4305 nimis
1603 4248 1837 4320 dietam,

185 4338 365 4394 regna
422 4323 647 4392 circuit,
679 4327 939 4398 regiones
1011 4332 1375 4401 obambulat,
1432 4339 1834 4408 evangelizans

189 4411 411 4484 ubique
442 4428 685 4484 regnum
730 4415 831 4471 Dei
863 4432 876 4470 ε
908 4419 1269 4488 afflictionem
1293 4422 1500 4493 populi,
1532 4429 1629 4496 qui
1654 4432 1735 4483 est
1778 4430 1841 4483 in

1955 3265 2168 3323 nostris
2217 3262 2583 3336 exigentibus
2632 3257 2852 3333 operatl
2910 3260 3087 3326 sunt3
3147 3257 3248 3313 sed
3308 3262 3597 3326 nostrum,

1954 3356 2169 3429 quibus
2195 3370 2361 3426 opem
2390 3369 2452 3409 se
2502 3352 2721 3408 laturos
2771 3347 3224 3415 arbitrabantur,
3261 3349 3505 3414 statum,
3539 3346 3598 3403 in

1953 3443 2296 3500 deteriorem
2346 3444 2716 3499 mutaverunt
2769 3435 3182 3494 conditionem.
3238 3435 3598 3508 Segregatim

1953 3533 2134 3605 igitur
2147 3534 2575 3605 proposuerunt
2593 3527 2859 3584 incedere
2880 3529 3239 3596 etseparatos
3253 3524 3324 3579 ab
3349 3524 3596 3580 Invicem

1953 3624 2239 3679 exercitus
2269 3623 2481 3677 ducere
2524 3635 2589 3675 ea
2635 3615 2903 3672 videlicet
2951 3613 3196 3681 ratione,
3240 3629 3333 3681 ne,
3367 3613 3600 3686 populis

1921 3703 2084 3768 ‘nter
2113 3729 2174 3768 se
2202 3709 2716 3776 dissentientibus,
2750 3705 3150 3761 contentiones
3174 3702 3329 3759 inter
3358 3719 3459 3759 eos
3484 3704 3599 3759 ori·

1952 3805 2172 3868 rentur,
2197 3804 2253 3856 et
2311 3803 2370 3855 ut
2416 3797 2777 3855 commodius
2806 3798 2932 3850 vitae
2964 3793 3287 3850 necessaria
3308 3792 3434 3848 suis
3467 3807 3598 3866 pro-

1952 3897 2218 3947 curarent
2263 3886 2629 3961 legionibus3
2659 3885 2759 3941 sed
2792 3881 2965 3940 etlam
2999 3886 3063 3938 ut
3091 3882 3254 3953 equis
3282 3885 3339 3938 et
3362 3882 3600 3952 jumen·

1952 3981 2048 4050 tis,
2102 3980 2170 4036 ad
2239 3994 2412 4036 onera
2459 3972 2776 4049 deputatis,
2836 3971 3050 4044 pabula
3128 3988 3244 4027 non
3302 3972 3596 4028 deessent.

1950 4071 2308 4127 Transcursa
2333 4067 2509 4141 igitur
2538 4063 2804 4121 Bawaria
2830 4065 2885 4118 et
2907 4061 3150 4118 flumine
3174 4076 3383 4129 magno
3397 4059 3601 4117 Danu-

1954 4159 2048 4216 bio
2080 4160 2233 4231 apud
2258 4156 2638 4214 Ratisbonam
2689 4152 3062 4220 transmisso,
3094 4167 3126 4206 a
3158 4150 3293 4205 laeva
3323 4151 3598 4207 eumdem

1953 4248 2193 4304 fiuvium
2231 4246 2530 4312 habentes„
2565 4242 2624 4298 in
2655 4241 2945 4297 Austriam
2996 4238 3443 4308 descenderunt,
3470 4239 3602 4295 inde

1953 4337 2354 4409 Hungarorum
2378 4334 2523 4389 fines
2552 4327 2933 4403 ingressi,ubi
2962 4345 2996 4384 a
3016 4328 3250 4384 domino
3283 4343 3419 4399 rege
3439 4327 3603 4384 illius

1954 4425 2265 4499 provinciae
2309 4421 2624 4480 honorifice
2658 4420 2892 4476 tractati
2942 4422 3097 4474 sunt.
3135 4417 3388 4474 Decurso
3423 4417 3604 4489 Igitur

188 4500 434 4570 Oriente,
464 4502 629 4558 simul
658 4511 708 4560 et
736 4505 1032 4572 molestias,
1065 4511 1260 4581 quibus
1290 4513 1628 4568 incessanter
1655 4518 1839 4588 oppri·
1873 4531 1921 4597 D
1954 4532 2133 4589 regno
2165 4520 2220 4571 et
2267 4519 2515 4585 utraque
2571 4525 2810 4567 emensa
2858 4506 3180 4575 Pannonia,
3214 4505 3599 4578 Bulgarorum

181 4594 428 4658 munlur,
451 4592 635 4661 aperit
672 4593 1184 4666 diliqenter;urbes
1230 4600 1498 4671 fidelium,
1530 4605 1683 4674 prius
1710 4607 1840 4674 fidei

186 4679 532 4750 Christianae,
552 4681 770 4739 devotas
791 4685 930 4755 juya
971 4690 1096 4758 pati
1136 4699 1550 4761 persecutorum
1596 4697 1839 4752 nominis

185 4767 507 4837 Christiani,
529 4778 586 4826 et
633 4774 949 4829 servitutem
971 4775 1347 4843 durissimam,
1399 4782 1672 4855 proponit
1726 4785 1839 4841 evi-

188 4860 446 4917 dentius.
480 4862 698 4918 Fratres
753 4880 962 4936 quoque
1011 4883 1110 4933 pro
1167 4869 1365 4942 quibus
1395 4872 1642 4931 Christus
1698 4891 1836 4932 mort

192 4947 389 5014 voluit,
422 4951 656 5006 vinculis
702 4954 1046 5027 mancipatos
1096 4964 1150 5013 et
1179 4960 1541 5032 compedibus,
1571 4965 1722 5033 fame
1750 4970 1839 5022 at-

66 5085 75 5092 .
185 5037 368 5106 tritos,
414 5038 706 5095 horrendis
759 5058 1044 5101 carcerum
1090 5048 1298 5105 clausos
1328 5052 1640 5121 erqastutis,
1670 5071 1836 5125 squa-

186 5125 302 5182 lore
331 5127 594 5196 sordidos,
617 5130 835 5187 indutos
878 5135 1280 5206 amaritudine,
1312 5140 1497 5197 sedere
1529 5143 1585 5196 in
1618 5143 1839 5199 mendi-

184 5217 346 5276 citate
373 5227 423 5276 el
443 5222 618 5291 ferro,
645 5222 874 5295 plenius
903 5227 1122 5284 edocet.
1155 5230 1234 5284 Ad
1263 5230 1360 5286 hoc
1381 5232 1451 5286 ad
1479 5248 1672 5288 eorum
1702 5234 1837 5291 Iibe-

198 5310 467 5366 rationem
490 5312 686 5368 invitat
711 5331 725 5383 ;
752 5315 822 5370 ad
869 5318 1270 5389 propulsandas
1322 5324 1565 5387 fratrum
1597 5323 1838 5394 injurias

185 5409 564 5468 oppressorum
619 5403 917 5474 accendit,·
962 5422 1073 5463 non
1119 5407 1438 5479 defuturum
1475 5412 1545 5467 de
1583 5412 1836 5485 supernis

191 5484 808 5555 auxilium,volentibus
820 5494 1090 5551 'iunctam
1106 5499 1263 5568 puim
1277 5498 1515 5556 laborem
1533 5517 1833 5572 assumere,

186 5571 410 5647 spondet
425 5589 449 5636 ‚⁸
462 5581 696 5647 praemia
724 5582 893 5638 etiam
910 5598 1010 5655 pro
1030 5585 1098 5639 iis
1123 5587 1477 5658 sempiterna,
1504 5605 1629 5645 cum
1654 5590 1836 5647 electis

1950 4605 2300 4679 provincias,
2332 4600 2591 4659 Moesiam
2623 4598 2890 4655 videlicet
2918 4603 2975 4654 et
2996 4596 3230 4654 Daciam
3256 4597 3602 4653 mediterra-

1950 4712 2141 4757 neam,
2201 4695 2510 4767 Ripensem
2544 4707 2577 4747 a
2616 4691 2756 4746 laeva
2811 4687 3193 4756 dimittentes,
3228 4690 3599 4756 praetereunt.

1951 4786 2090 4843 Inde
2146 4783 2425 4840 Thracias
2469 4782 2818 4853 attingentes
2858 4781 2915 4834 et
2963 4777 3136 4833 urbes
3178 4775 3600 4834 famosissimas

1948 4871 2324 4946 Philippolim
2357 4878 2411 4928 et
2440 4867 2874 4943 Adrianopolim
2900 4864 3374 4927 transeuntes,ad
3396 4867 3599 4923 urbem

1950 4964 2161 5037 regiam
2222 4963 2633 5034 pervenerunt.
2667 4958 2806 5015 Inde
2857 4972 2990 5013 cum
3034 4955 3272 5012 domino
3333 4954 3601 5013 Manuele

1949 5049 2591 5121 Constantinopolitano
2623 5047 2972 5120 imperatore
3023 5042 3221 5098 habito
3253 5042 3599 5100 familiarius

1948 5142 2258 5214 colloquio,
2285 5138 2644 5195 transcursis
2705 5135 2861 5192 seriis
2919 5149 3047 5206 quae
3080 5132 3148 5187 ad
3184 5132 3599 5189 recreationem

1949 5233 2335 5300 exercituum,
2369 5233 2422 5285 et
2455 5225 2707 5299 quietem
2732 5228 2864 5296 post
2896 5227 2983 5278 tot
3013 5221 3243 5278 labores
3259 5220 3606 5278 videbantur

1948 5323 2307 5389 necessariae,
2355 5317 2599 5375 transito
2646 5314 3035 5386 Hellesponto,
3070 5311 3168 5383 qui
3200 5311 3463 5367 eamdem
3499 5328 3601 5367 ur-

1946 5410 2077 5467 bem
2098 5410 2355 5477 alluitet,
2407 5411 2649 5477 Europae
2704 5403 3011 5469 terminus»,
3042 5401 3194 5458 Asiae
3243 5400 3461 5471 praebet
3492 5402 3600 5457 ini·

1943 5501 2116 5568 tium,
2150 5499 2208 5554 in
2231 5496 2583 5571 Bithyniam,
2604 5509 2732 5567 quis
2759 5493 2952 5566 prima
2981 5492 3054 5548 de
3084 5487 3318 5547 Asianis
3347 5490 3605 5547 occurrit

1945 5587 2283 5659 provinciis,
2341 5585 2828 5646 castrametantur
2882 5579 3141 5655 legiones
3189 5577 3482 5637 universas
3539 5580 3602 5638 in
