<?xml version="1.0" encoding="UTF-8"?>
<!DOCTYPE html PUBLIC "-//W3C//DTD XHTML 1.0 Transitional//EN"
    "http://www.w3.org/TR/xhtml1/DTD/xhtml1-transitional.dtd">
<html xmlns="http://www.w3.org/1999/xhtml" xml:lang="en" lang="en">
 <head>
  <title>
</title>
<meta http-equiv="Content-Type" content="text/html;charset=utf-8" />
  <meta name='ocr-system' content='tesseract 3.04.00' />
  <meta name='ocr-capabilities' content='ocr_page ocr_carea ocr_par ocr_line ocrx_word'/>
</head>
<body>
  <div class='ocr_page' id='page_1' title='image "./patrologiaecurs32goog_0335.png"; bbox 0 0 3784 6000; ppageno 0'>
   <div class='ocr_carea' id='block_1_1' title="bbox 156 252 280 315">
    <p class='ocr_par' dir='ltr' id='par_1_1' title="bbox 156 252 280 315">
     <span class='ocr_line' id='line_1_1' title="bbox 156 252 280 315; baseline -0.016 0"><span class='ocrx_word' id='word_1_1' title='bbox 156 252 280 315; x_wconf 74' lang='grc'>661</span> 
     </span>
    </p>
   </div>
   <div class='ocr_carea' id='block_1_2' title="bbox 629 214 3112 320">
    <p class='ocr_par' dir='ltr' id='par_1_2' title="bbox 629 214 3112 320">
     <span class='ocr_line' id='line_1_2' title="bbox 629 214 3112 320; baseline 0 -5"><span class='ocrx_word' id='word_1_2' title='bbox 629 252 833 318; x_wconf 77' lang='lat' dir='ltr'>msr.</span> <span class='ocrx_word' id='word_1_3' title='bbox 879 256 1154 320; x_wconf 72' lang='lat' dir='ltr'>aenum</span> <span class='ocrx_word' id='word_1_4' title='bbox 1197 217 1737 320; x_wconf 75' lang='lat' dir='ltr'>TRANSMARIN.</span> <span class='ocrx_word' id='word_1_5' title='bbox 1784 281 1864 296; x_wconf 93' lang='lat'>-</span> <span class='ocrx_word' id='word_1_6' title='bbox 1903 248 2055 310; x_wconf 79' lang='lat' dir='ltr'>Lis.</span> <span class='ocrx_word' id='word_1_7' title='bbox 2102 214 2757 314; x_wconf 55' lang='lat' dir='ltr'>&gt;insumemus</span> <span class='ocrx_word' id='word_1_8' title='bbox 2799 249 2882 313; x_wconf 87' lang='grc' dir='ltr'>ιιι</span> <span class='ocrx_word' id='word_1_9' title='bbox 2926 250 3112 316; x_wconf 77' lang='lat' dir='ltr'>aex.</span> 
     </span>
    </p>
   </div>
   <div class='ocr_carea' id='block_1_3' title="bbox 159 384 3568 467">
    <p class='ocr_par' dir='ltr' id='par_1_3' title="bbox 159 384 3568 467">
     <span class='ocr_line' id='line_1_3' title="bbox 159 384 3568 467; baseline 0.001 -23"><span class='ocrx_word' id='word_1_10' title='bbox 159 407 313 467; x_wconf 77' lang='lat' dir='ltr'>pago</span> <span class='ocrx_word' id='word_1_11' title='bbox 341 390 816 464; x_wconf 71' lang='lat' dir='ltr'><strong>chalcedonensi,</strong></span> <span class='ocrx_word' id='word_1_12' title='bbox 850 393 1002 452; x_wconf 73' lang='lat' dir='ltr'>unde</span> <span class='ocrx_word' id='word_1_13' title='bbox 1031 393 1292 454; x_wconf 62' lang='lat' dir='ltr'>relictam</span> <span class='ocrx_word' id='word_1_14' title='bbox 1333 395 1537 452; x_wconf 68' lang='lat' dir='ltr'>urbem</span> <span class='ocrx_word' id='word_1_15' title='bbox 1559 410 1591 451; x_wconf 74' lang='grc' dir='ltr'><strong>ο</strong></span> <span class='ocrx_word' id='word_1_16' title='bbox 1612 390 1801 449; x_wconf 81' lang='lat' dir='ltr'>vicino</span> <span class='ocrx_word' id='word_1_17' title='bbox 1831 390 1884 456; x_wconf 73' lang='grc' dir='ltr'><strong>Α</strong></span> <span class='ocrx_word' id='word_1_18' title='bbox 1914 384 2198 455; x_wconf 88' lang='lat' dir='ltr'>Iconium,</span> <span class='ocrx_word' id='word_1_19' title='bbox 2231 384 2385 442; x_wconf 82' lang='lat' dir='ltr'>viam</span> <span class='ocrx_word' id='word_1_20' title='bbox 2417 385 2974 459; x_wconf 76' lang='lat' dir='ltr'>compendiosiorem</span> <span class='ocrx_word' id='word_1_21' title='bbox 3009 386 3216 458; x_wconf 90' lang='lat' dir='ltr'>secuti,</span> <span class='ocrx_word' id='word_1_22' title='bbox 3266 387 3568 446; x_wconf 88' lang='lat' dir='ltr'>instructis</span> 
     </span>
    </p>
   </div>
   <div class='ocr_carea' id='block_1_4' title="bbox 122 472 1809 555">
    <p class='ocr_par' dir='ltr' id='par_1_4' title="bbox 122 472 1809 555">
     <span class='ocr_line' id='line_1_4' title="bbox 122 472 1809 555; baseline 0 -18"><span class='ocrx_word' id='word_1_23' title='bbox 122 472 129 477; x_wconf 72' lang='grc'><strong>’</strong></span> <span class='ocrx_word' id='word_1_24' title='bbox 157 486 287 538; x_wconf 88' lang='lat' dir='ltr'>erat</span> <span class='ocrx_word' id='word_1_25' title='bbox 313 482 669 555; x_wconf 70' lang='lat' dir='ltr'>conspicere.</span> <span class='ocrx_word' id='word_1_26' title='bbox 701 482 831 540; x_wconf 79' lang='lat' dir='ltr'>Haec</span> <span class='ocrx_word' id='word_1_27' title='bbox 859 489 948 543; x_wconf 87' lang='lat' dir='ltr'>est</span> <span class='ocrx_word' id='word_1_28' title='bbox 975 483 1324 553; x_wconf 75' lang='lat' dir='ltr'>Chalcedon,</span> <span class='ocrx_word' id='word_1_29' title='bbox 1355 485 1495 541; x_wconf 89' lang='lat' dir='ltr'>urbs</span> <span class='ocrx_word' id='word_1_30' title='bbox 1545 482 1809 555; x_wconf 88' lang='lat' dir='ltr'>antiqua,</span> 
     </span>
    </p>
   </div>
   <div class='ocr_carea' id='block_1_5' title="bbox 160 571 1806 646">
    <p class='ocr_par' dir='ltr' id='par_1_5' title="bbox 160 571 1806 646">
     <span class='ocr_line' id='line_1_5' title="bbox 160 571 1806 646; baseline 0.001 -20"><span class='ocrx_word' id='word_1_31' title='bbox 160 571 260 627; x_wconf 89' lang='lat' dir='ltr'>ubi</span> <span class='ocrx_word' id='word_1_32' title='bbox 290 577 499 644; x_wconf 85' lang='lat' dir='ltr'>quarta</span> <span class='ocrx_word' id='word_1_33' title='bbox 528 578 933 639; x_wconf 85' lang='lat' dir='ltr'>sexcentorum</span> <span class='ocrx_word' id='word_1_34' title='bbox 965 574 1203 646; x_wconf 85' lang='lat' dir='ltr'>triginta</span> <span class='ocrx_word' id='word_1_35' title='bbox 1216 591 1315 631; x_wconf 87' lang='lat' dir='ltr'>sex</span> <span class='ocrx_word' id='word_1_36' title='bbox 1349 575 1582 631; x_wconf 82' lang='lat' dir='ltr'>Petrum</span> <span class='ocrx_word' id='word_1_37' title='bbox 1601 588 1806 631; x_wconf 87' lang='lat' dir='ltr'>conve·</span> 
     </span>
    </p>
   </div>
   <div class='ocr_carea' id='block_1_6' title="bbox 1923 474 3570 642">
    <p class='ocr_par' dir='ltr' id='par_1_6' title="bbox 1923 474 3570 642">
     <span class='ocr_line' id='line_1_6' title="bbox 1924 474 3570 553; baseline 0.001 -20"><span class='ocrx_word' id='word_1_38' title='bbox 1924 475 2284 550; x_wconf 86' lang='lat' dir='ltr'>agminibus,</span> <span class='ocrx_word' id='word_1_39' title='bbox 2318 474 2625 533; x_wconf 83' lang='lat' dir='ltr'>universus</span> <span class='ocrx_word' id='word_1_40' title='bbox 2656 475 2854 549; x_wconf 85' lang='lat' dir='ltr'>attigit</span> <span class='ocrx_word' id='word_1_41' title='bbox 2883 479 3190 536; x_wconf 87' lang='lat' dir='ltr'>exercitus.</span> <span class='ocrx_word' id='word_1_42' title='bbox 3224 478 3334 536; x_wconf 89' lang='lat' dir='ltr'>Ubi</span> <span class='ocrx_word' id='word_1_43' title='bbox 3364 478 3570 553; x_wconf 59' lang='lat' dir='ltr'>praedi-</span> 
     </span>
     <span class='ocr_line' id='line_1_7' title="bbox 1923 564 3565 642; baseline 0.002 -20"><span class='ocrx_word' id='word_1_44' title='bbox 1923 570 2051 622; x_wconf 90' lang='lat' dir='ltr'>ctus</span> <span class='ocrx_word' id='word_1_45' title='bbox 2095 564 2396 635; x_wconf 88' lang='lat' dir='ltr'>soldanus,</span> <span class='ocrx_word' id='word_1_46' title='bbox 2455 566 2819 639; x_wconf 86' lang='lat' dir='ltr'>congregatis</span> <span class='ocrx_word' id='word_1_47' title='bbox 2876 566 3227 625; x_wconf 85' lang='lat' dir='ltr'>militaribus</span> <span class='ocrx_word' id='word_1_48' title='bbox 3276 569 3459 642; x_wconf 89' lang='lat' dir='ltr'>copiis</span> <span class='ocrx_word' id='word_1_49' title='bbox 3509 577 3565 626; x_wconf 90' lang='lat' dir='ltr'>et</span> 
     </span>
    </p>
   </div>
   <div class='ocr_carea' id='block_1_7' title="bbox 157 655 3565 736">
    <p class='ocr_par' dir='ltr' id='par_1_7' title="bbox 157 655 3565 736">
     <span class='ocr_line' id='line_1_8' title="bbox 157 655 3565 736; baseline -0.001 -18"><span class='ocrx_word' id='word_1_50' title='bbox 157 661 248 718; x_wconf 91' lang='lat' dir='ltr'>nit</span> <span class='ocrx_word' id='word_1_51' title='bbox 275 665 481 719; x_wconf 87' lang='lat' dir='ltr'>sancta</span> <span class='ocrx_word' id='word_1_52' title='bbox 509 663 792 732; x_wconf 76' lang='lat' dir='ltr'>synodus,</span> <span class='ocrx_word' id='word_1_53' title='bbox 851 663 1075 721; x_wconf 88' lang='lat' dir='ltr'>domini</span> <span class='ocrx_word' id='word_1_54' title='bbox 1132 664 1401 720; x_wconf 81' lang='lat' dir='ltr'>Martiani</span> <span class='ocrx_word' id='word_1_55' title='bbox 1443 664 1716 736; x_wconf 81' lang='lat' dir='ltr'>Augusti,</span> <span class='ocrx_word' id='word_1_56' title='bbox 1750 666 1808 719; x_wconf 90' lang='lat' dir='ltr'>et</span> <span class='ocrx_word' id='word_1_57' title='bbox 1921 655 2171 713; x_wconf 84' lang='lat' dir='ltr'>maxima</span> <span class='ocrx_word' id='word_1_58' title='bbox 2198 655 2523 712; x_wconf 76' lang='lat' dir='ltr'>Turdorum</span> <span class='ocrx_word' id='word_1_59' title='bbox 2547 655 2920 714; x_wconf 89' lang='lat' dir='ltr'>multitudine</span> <span class='ocrx_word' id='word_1_60' title='bbox 2949 673 3016 713; x_wconf 90' lang='lat' dir='ltr'>ex</span> <span class='ocrx_word' id='word_1_61' title='bbox 3041 657 3307 715; x_wconf 83' lang='lat' dir='ltr'>finitimis</span> <span class='ocrx_word' id='word_1_62' title='bbox 3328 657 3565 715; x_wconf 86' lang='lat' dir='ltr'>collecta</span> 
     </span>
    </p>
   </div>
   <div class='ocr_carea' id='block_1_8' title="bbox 151 750 1805 1716">
    <p class='ocr_par' dir='ltr' id='par_1_8' title="bbox 151 750 1805 1716">
     <span class='ocr_line' id='line_1_9' title="bbox 158 750 1802 825; baseline 0.001 -19"><span class='ocrx_word' id='word_1_63' title='bbox 158 750 383 807; x_wconf 90' lang='lat' dir='ltr'>domini</span> <span class='ocrx_word' id='word_1_64' title='bbox 415 751 624 809; x_wconf 82' lang='lat' dir='ltr'>Leonis</span> <span class='ocrx_word' id='word_1_65' title='bbox 639 752 885 810; x_wconf 87' lang='lat' dir='ltr'>Romani</span> <span class='ocrx_word' id='word_1_66' title='bbox 897 753 1210 825; x_wconf 81' lang='lat' dir='ltr'>pontificis,</span> <span class='ocrx_word' id='word_1_67' title='bbox 1231 761 1434 811; x_wconf 86' lang='lat' dir='ltr'>contra</span> <span class='ocrx_word' id='word_1_68' title='bbox 1445 753 1802 825; x_wconf 76' lang='lat' dir='ltr'>Eutycbeten</span> 
     </span>
     <span class='ocr_line' id='line_1_10' title="bbox 156 839 1805 915; baseline 0.002 -19"><span class='ocrx_word' id='word_1_69' title='bbox 156 839 515 897; x_wconf 86' lang='lat' dir='ltr'>monachum</span> <span class='ocrx_word' id='word_1_70' title='bbox 528 841 888 912; x_wconf 86' lang='lat' dir='ltr'>etabbatem,</span> <span class='ocrx_word' id='word_1_71' title='bbox 909 843 1005 915; x_wconf 85' lang='lat' dir='ltr'>qui</span> <span class='ocrx_word' id='word_1_72' title='bbox 1023 860 1196 901; x_wconf 86' lang='lat' dir='ltr'>unam</span> <span class='ocrx_word' id='word_1_73' title='bbox 1218 847 1451 899; x_wconf 85' lang='lat' dir='ltr'>tantum</span> <span class='ocrx_word' id='word_1_74' title='bbox 1475 843 1535 901; x_wconf 91' lang='lat' dir='ltr'>in</span> <span class='ocrx_word' id='word_1_75' title='bbox 1556 842 1805 900; x_wconf 86' lang='lat' dir='ltr'>Domino</span> 
     </span>
     <span class='ocr_line' id='line_1_11' title="bbox 151 929 1805 992; baseline 0.001 -6"><span class='ocrx_word' id='word_1_76' title='bbox 151 929 297 986; x_wconf 83' lang='lat' dir='ltr'>Jesu</span> <span class='ocrx_word' id='word_1_77' title='bbox 330 929 559 986; x_wconf 87' lang='lat' dir='ltr'>Christo</span> <span class='ocrx_word' id='word_1_78' title='bbox 590 931 885 988; x_wconf 88' lang='lat' dir='ltr'>asserebat</span> <span class='ocrx_word' id='word_1_79' title='bbox 916 936 1205 992; x_wconf 86' lang='lat' dir='ltr'>naturam.</span> <span class='ocrx_word' id='word_1_80' title='bbox 1256 932 1550 990; x_wconf 84' lang='lat' dir='ltr'>Soldenus</span> <span class='ocrx_word' id='word_1_81' title='bbox 1581 932 1805 988; x_wconf 86' lang='lat' dir='ltr'>interea</span> 
     </span>
     <span class='ocr_line' id='line_1_12' title="bbox 153 1019 1802 1093; baseline 0 -18"><span class='ocrx_word' id='word_1_82' title='bbox 153 1019 501 1088; x_wconf 79' lang='lat' dir='ltr'>iconiensis,</span> <span class='ocrx_word' id='word_1_83' title='bbox 551 1021 751 1077; x_wconf 88' lang='lat' dir='ltr'>audito</span> <span class='ocrx_word' id='word_1_84' title='bbox 798 1024 1089 1078; x_wconf 88' lang='lat' dir='ltr'>tantorum</span> <span class='ocrx_word' id='word_1_85' title='bbox 1168 1021 1499 1093; x_wconf 82' lang='lat' dir='ltr'>principum</span> <span class='ocrx_word' id='word_1_86' title='bbox 1550 1021 1802 1078; x_wconf 87' lang='lat' dir='ltr'>adventu</span> 
     </span>
     <span class='ocr_line' id='line_1_13' title="bbox 152 1108 1802 1179; baseline 0.001 -16"><span class='ocrx_word' id='word_1_87' title='bbox 152 1114 212 1163; x_wconf 91' lang='lat' dir='ltr'>et</span> <span class='ocrx_word' id='word_1_88' title='bbox 242 1111 578 1179; x_wconf 88' lang='lat' dir='ltr'>suspectum</span> <span class='ocrx_word' id='word_1_89' title='bbox 599 1108 820 1165; x_wconf 84' lang='lat' dir='ltr'>babens</span> <span class='ocrx_word' id='word_1_90' title='bbox 841 1124 1038 1166; x_wconf 88' lang='lat' dir='ltr'>eorum</span> <span class='ocrx_word' id='word_1_91' title='bbox 1054 1109 1354 1166; x_wconf 89' lang='lat' dir='ltr'>introitum</span> <span class='ocrx_word' id='word_1_92' title='bbox 1379 1127 1412 1164; x_wconf 93' lang='lat' dir='ltr'>a</span> <span class='ocrx_word' id='word_1_93' title='bbox 1435 1109 1618 1165; x_wconf 91' lang='lat' dir='ltr'>multo</span> <span class='ocrx_word' id='word_1_94' title='bbox 1650 1113 1802 1165; x_wconf 90' lang='lat' dir='ltr'>retro</span> 
     </span>
     <span class='ocr_line' id='line_1_14' title="bbox 154 1196 1802 1269; baseline 0.001 -17"><span class='ocrx_word' id='word_1_95' title='bbox 154 1199 442 1269; x_wconf 89' lang='lat' dir='ltr'>tempore,</span> <span class='ocrx_word' id='word_1_96' title='bbox 473 1213 541 1254; x_wconf 85' lang='lat' dir='ltr'>ex</span> <span class='ocrx_word' id='word_1_97' title='bbox 574 1198 793 1255; x_wconf 78' lang='lat' dir='ltr'>ultimis</span> <span class='ocrx_word' id='word_1_98' title='bbox 822 1199 1075 1256; x_wconf 89' lang='lat' dir='ltr'>Orientis</span> <span class='ocrx_word' id='word_1_99' title='bbox 1108 1198 1319 1256; x_wconf 82' lang='lat' dir='ltr'>tinibus</span> <span class='ocrx_word' id='word_1_100' title='bbox 1363 1196 1636 1254; x_wconf 89' lang='lat' dir='ltr'>militaria</span> <span class='ocrx_word' id='word_1_101' title='bbox 1657 1214 1802 1254; x_wconf 90' lang='lat' dir='ltr'>con-</span> 
     </span>
     <span class='ocr_line' id='line_1_15' title="bbox 152 1285 1801 1360; baseline 0.002 -19"><span class='ocrx_word' id='word_1_102' title='bbox 152 1291 324 1343; x_wconf 80' lang='lat' dir='ltr'>vocat</span> <span class='ocrx_word' id='word_1_103' title='bbox 353 1285 564 1344; x_wconf 84' lang='lat' dir='ltr'>auxilia</span> <span class='ocrx_word' id='word_1_104' title='bbox 595 1305 609 1357; x_wconf 91' lang='lat'>;</span> <span class='ocrx_word' id='word_1_105' title='bbox 641 1293 696 1344; x_wconf 89' lang='lat' dir='ltr'>et</span> <span class='ocrx_word' id='word_1_106' title='bbox 719 1287 1037 1344; x_wconf 86' lang='lat' dir='ltr'>sollicitum</span> <span class='ocrx_word' id='word_1_107' title='bbox 1070 1304 1132 1345; x_wconf 90' lang='lat' dir='ltr'>se</span> <span class='ocrx_word' id='word_1_108' title='bbox 1199 1288 1349 1360; x_wconf 88' lang='lat' dir='ltr'>gerit</span> <span class='ocrx_word' id='word_1_109' title='bbox 1405 1287 1693 1360; x_wconf 90' lang='lat' dir='ltr'>quomodo</span> <span class='ocrx_word' id='word_1_110' title='bbox 1727 1288 1801 1344; x_wconf 86' lang='lat' dir='ltr'>eb</span> 
     </span>
     <span class='ocr_line' id='line_1_16' title="bbox 151 1374 1803 1449; baseline 0.001 -19"><span class='ocrx_word' id='word_1_111' title='bbox 151 1374 605 1433; x_wconf 77' lang='lat' dir='ltr'>imminentibus</span> <span class='ocrx_word' id='word_1_112' title='bbox 633 1376 886 1433; x_wconf 87' lang='lat' dir='ltr'>hostium</span> <span class='ocrx_word' id='word_1_113' title='bbox 921 1380 1211 1433; x_wconf 89' lang='lat' dir='ltr'>tantorum</span> <span class='ocrx_word' id='word_1_114' title='bbox 1240 1375 1511 1449; x_wconf 88' lang='lat' dir='ltr'>periculis</span> <span class='ocrx_word' id='word_1_115' title='bbox 1532 1392 1595 1433; x_wconf 88' lang='lat' dir='ltr'>se</span> <span class='ocrx_word' id='word_1_116' title='bbox 1619 1375 1803 1446; x_wconf 81' lang='lat' dir='ltr'>possit</span> 
     </span>
     <span class='ocr_line' id='line_1_17' title="bbox 153 1463 1801 1538; baseline 0.001 -18"><span class='ocrx_word' id='word_1_117' title='bbox 153 1464 430 1523; x_wconf 79' lang='lat' dir='ltr'>eximere.</span> <span class='ocrx_word' id='word_1_118' title='bbox 462 1463 643 1522; x_wconf 83' lang='lat' dir='ltr'>Urbes</span> <span class='ocrx_word' id='word_1_119' title='bbox 688 1464 868 1538; x_wconf 90' lang='lat' dir='ltr'>igitur</span> <span class='ocrx_word' id='word_1_120' title='bbox 898 1465 1107 1535; x_wconf 92' lang='lat' dir='ltr'>munit,</span> <span class='ocrx_word' id='word_1_121' title='bbox 1167 1465 1363 1523; x_wconf 89' lang='lat' dir='ltr'>ruinas</span> <span class='ocrx_word' id='word_1_122' title='bbox 1394 1463 1585 1538; x_wconf 90' lang='lat' dir='ltr'>erigit,</span> <span class='ocrx_word' id='word_1_123' title='bbox 1619 1464 1801 1521; x_wconf 83' lang='lat' dir='ltr'>finiti-</span> 
     </span>
     <span class='ocr_line' id='line_1_18' title="bbox 152 1552 1797 1629; baseline 0.001 -21"><span class='ocrx_word' id='word_1_124' title='bbox 152 1568 388 1609; x_wconf 91' lang='lat' dir='ltr'>morum</span> <span class='ocrx_word' id='word_1_125' title='bbox 444 1552 715 1624; x_wconf 84' lang='lat' dir='ltr'>implorat</span> <span class='ocrx_word' id='word_1_126' title='bbox 761 1553 1040 1625; x_wconf 76' lang='lat' dir='ltr'>suffragia</span> <span class='ocrx_word' id='word_1_127' title='bbox 1123 1552 1519 1629; x_wconf 86' lang='lat' dir='ltr'>populorum;</span> <span class='ocrx_word' id='word_1_128' title='bbox 1568 1559 1622 1609; x_wconf 88' lang='lat' dir='ltr'>et</span> <span class='ocrx_word' id='word_1_129' title='bbox 1664 1569 1797 1610; x_wconf 90' lang='lat' dir='ltr'>cum</span> 
     </span>
     <span class='ocr_line' id='line_1_19' title="bbox 153 1639 1797 1716; baseline 0.001 -19"><span class='ocrx_word' id='word_1_130' title='bbox 153 1639 448 1698; x_wconf 74' lang='lat' dir='ltr'>anxietate</span> <span class='ocrx_word' id='word_1_131' title='bbox 478 1640 776 1713; x_wconf 89' lang='lat' dir='ltr'>continua,</span> <span class='ocrx_word' id='word_1_132' title='bbox 807 1657 1007 1698; x_wconf 89' lang='lat' dir='ltr'>eorum</span> <span class='ocrx_word' id='word_1_133' title='bbox 1041 1659 1189 1716; x_wconf 89' lang='lat' dir='ltr'>quos</span> <span class='ocrx_word' id='word_1_134' title='bbox 1220 1659 1322 1714; x_wconf 82' lang='lat' dir='ltr'>pro</span> <span class='ocrx_word' id='word_1_135' title='bbox 1340 1641 1566 1698; x_wconf 77' lang='lat' dir='ltr'>furibus</span> <span class='ocrx_word' id='word_1_136' title='bbox 1597 1640 1797 1698; x_wconf 89' lang='lat' dir='ltr'>audie-</span> 
     </span>
    </p>
   </div>
   <div class='ocr_carea' id='block_1_9' title="bbox 1912 744 3571 1717">
    <p class='ocr_par' dir='ltr' id='par_1_9' title="bbox 1912 744 3571 1717">
     <span class='ocr_line' id='line_1_20' title="bbox 1920 744 3571 819; baseline 0.001 -17"><span class='ocrx_word' id='word_1_137' title='bbox 1920 744 2276 819; x_wconf 90' lang='lat' dir='ltr'>regionibus,</span> <span class='ocrx_word' id='word_1_138' title='bbox 2308 745 2603 806; x_wconf 88' lang='lat' dir='ltr'>sustinens</span> <span class='ocrx_word' id='word_1_139' title='bbox 2630 746 3019 818; x_wconf 76' lang='lat' dir='ltr'>exspectabat,</span> <span class='ocrx_word' id='word_1_140' title='bbox 3050 749 3133 803; x_wconf 84' lang='lat' dir='ltr'>&#39;ut</span> <span class='ocrx_word' id='word_1_141' title='bbox 3180 746 3303 805; x_wconf 90' lang='lat' dir='ltr'>loco</span> <span class='ocrx_word' id='word_1_142' title='bbox 3331 751 3387 804; x_wconf 91' lang='lat' dir='ltr'>et</span> <span class='ocrx_word' id='word_1_143' title='bbox 3416 750 3571 804; x_wconf 90' lang='lat' dir='ltr'>tem-</span> 
     </span>
     <span class='ocr_line' id='line_1_21' title="bbox 1919 837 3566 911; baseline 0 -18"><span class='ocrx_word' id='word_1_144' title='bbox 1919 853 2055 911; x_wconf 87' lang='lat' dir='ltr'>pore</span> <span class='ocrx_word' id='word_1_145' title='bbox 2067 840 2394 908; x_wconf 84' lang='lat' dir='ltr'>opportuno</span> <span class='ocrx_word' id='word_1_146' title='bbox 2411 852 2711 893; x_wconf 86' lang='lat' dir='ltr'>occurrere</span> <span class='ocrx_word' id='word_1_147' title='bbox 2727 843 2917 910; x_wconf 86' lang='lat' dir='ltr'>posset</span> <span class='ocrx_word' id='word_1_148' title='bbox 2930 837 3371 894; x_wconf 90' lang='lat' dir='ltr'>transeuntibus</span> <span class='ocrx_word' id='word_1_149' title='bbox 3393 841 3481 906; x_wconf 88' lang='lat' dir='ltr'>;et</span> <span class='ocrx_word' id='word_1_150' title='bbox 3495 853 3566 893; x_wconf 89' lang='lat' dir='ltr'>ne</span> 
     </span>
     <span class='ocr_line' id='line_1_22' title="bbox 1918 924 3567 1000; baseline 0.001 -19"><span class='ocrx_word' id='word_1_151' title='bbox 1918 926 2313 998; x_wconf 85' lang='lat' dir='ltr'>procederent,</span> <span class='ocrx_word' id='word_1_152' title='bbox 2350 942 2662 1000; x_wconf 90' lang='lat' dir='ltr'>procurare</span> <span class='ocrx_word' id='word_1_153' title='bbox 2695 926 3407 1000; x_wconf 88' lang='lat' dir='ltr'>possetimpedimentum.</span> <span class='ocrx_word' id='word_1_154' title='bbox 3432 924 3567 982; x_wconf 88' lang='lat' dir='ltr'>Om-</span> 
     </span>
     <span class='ocr_line' id='line_1_23' title="bbox 1924 1014 3561 1089; baseline 0.001 -17"><span class='ocrx_word' id='word_1_155' title='bbox 1924 1030 2031 1072; x_wconf 87' lang='lat' dir='ltr'>nes</span> <span class='ocrx_word' id='word_1_156' title='bbox 2063 1016 2218 1072; x_wconf 91' lang='lat' dir='ltr'>enim</span> <span class='ocrx_word' id='word_1_157' title='bbox 2242 1031 2427 1089; x_wconf 89' lang='lat' dir='ltr'>usque</span> <span class='ocrx_word' id='word_1_158' title='bbox 2457 1014 2517 1071; x_wconf 91' lang='lat' dir='ltr'>in</span> <span class='ocrx_word' id='word_1_159' title='bbox 2550 1015 2791 1073; x_wconf 89' lang='lat' dir='ltr'>ultimos</span> <span class='ocrx_word' id='word_1_160' title='bbox 2822 1016 3074 1073; x_wconf 74' lang='lat' dir='ltr'>Orientis</span> <span class='ocrx_word' id='word_1_161' title='bbox 3133 1017 3279 1073; x_wconf 82' lang='lat' dir='ltr'>fines</span> <span class='ocrx_word' id='word_1_162' title='bbox 3328 1015 3561 1073; x_wconf 87' lang='lat' dir='ltr'>illarum</span> 
     </span>
     <span class='ocr_line' id='line_1_24' title="bbox 1917 1104 3562 1178; baseline -0.001 -17"><span class='ocrx_word' id='word_1_163' title='bbox 1917 1105 2352 1178; x_wconf 86' lang='lat' dir='ltr'>provinciarum</span> <span class='ocrx_word' id='word_1_164' title='bbox 2386 1121 2577 1177; x_wconf 88' lang='lat' dir='ltr'>reges,</span> <span class='ocrx_word' id='word_1_165' title='bbox 2608 1104 2788 1162; x_wconf 88' lang='lat' dir='ltr'>duces</span> <span class='ocrx_word' id='word_1_166' title='bbox 2816 1110 2873 1162; x_wconf 86' lang='lat' dir='ltr'>et</span> <span class='ocrx_word' id='word_1_167' title='bbox 2901 1105 3305 1177; x_wconf 78' lang='lat' dir='ltr'>cuiuscunque</span> <span class='ocrx_word' id='word_1_168' title='bbox 3335 1105 3562 1176; x_wconf 86' lang='lat' dir='ltr'>generis</span> 
     </span>
     <span class='ocr_line' id='line_1_25' title="bbox 1922 1193 3561 1269; baseline -0.002 -18"><span class='ocrx_word' id='word_1_169' title='bbox 1922 1196 2212 1269; x_wconf 86' lang='lat' dir='ltr'>principes</span> <span class='ocrx_word' id='word_1_170' title='bbox 2242 1200 2358 1251; x_wconf 89' lang='lat' dir='ltr'>tem</span> <span class='ocrx_word' id='word_1_171' title='bbox 2394 1210 2559 1266; x_wconf 88' lang='lat' dir='ltr'>prece</span> <span class='ocrx_word' id='word_1_172' title='bbox 2580 1211 2755 1267; x_wconf 90' lang='lat' dir='ltr'>quam</span> <span class='ocrx_word' id='word_1_173' title='bbox 2789 1195 2994 1268; x_wconf 89' lang='lat' dir='ltr'>pretio,</span> <span class='ocrx_word' id='word_1_174' title='bbox 3027 1194 3085 1250; x_wconf 91' lang='lat' dir='ltr'>in</span> <span class='ocrx_word' id='word_1_175' title='bbox 3121 1199 3383 1250; x_wconf 87' lang='lat' dir='ltr'>nostram</span> <span class='ocrx_word' id='word_1_176' title='bbox 3412 1193 3561 1251; x_wconf 86' lang='lat' dir='ltr'>solli·</span> 
     </span>
     <span class='ocr_line' id='line_1_26' title="bbox 1919 1286 3560 1357; baseline -0.002 -15"><span class='ocrx_word' id='word_1_177' title='bbox 1919 1287 2195 1343; x_wconf 87' lang='lat' dir='ltr'>citaverat</span> <span class='ocrx_word' id='word_1_178' title='bbox 2213 1287 2507 1345; x_wconf 63' lang='lat' dir='ltr'>laesionem</span> <span class='ocrx_word' id='word_1_179' title='bbox 2542 1307 2556 1356; x_wconf 88' lang='lat'><strong>;</strong></span> <span class='ocrx_word' id='word_1_180' title='bbox 2587 1303 2858 1344; x_wconf 89' lang='lat' dir='ltr'>asserens</span> <span class='ocrx_word' id='word_1_181' title='bbox 2887 1293 2940 1343; x_wconf 89' lang='lat' dir='ltr'>et</span> <span class='ocrx_word' id='word_1_182' title='bbox 2971 1286 3371 1357; x_wconf 82' lang='lat' dir='ltr'>frequentibus</span> <span class='ocrx_word' id='word_1_183' title='bbox 3423 1295 3560 1340; x_wconf 85' lang='lat' dir='ltr'>con·-</span> 
     </span>
     <span class='ocr_line' id='line_1_27' title="bbox 1924 1373 3561 1450; baseline -0.002 -18"><span class='ocrx_word' id='word_1_184' title='bbox 1924 1381 2147 1435; x_wconf 83' lang='lat' dir='ltr'>testans</span> <span class='ocrx_word' id='word_1_185' title='bbox 2175 1378 2400 1435; x_wconf 88' lang='lat' dir='ltr'>nuntiis</span> <span class='ocrx_word' id='word_1_186' title='bbox 2430 1377 2610 1450; x_wconf 90' lang='lat' dir='ltr'>quod,</span> <span class='ocrx_word' id='word_1_187' title='bbox 2641 1378 2691 1434; x_wconf 92' lang='lat' dir='ltr'>si</span> <span class='ocrx_word' id='word_1_188' title='bbox 2706 1381 2879 1434; x_wconf 68' lang='lat' dir='ltr'>tantae</span> <span class='ocrx_word' id='word_1_189' title='bbox 2901 1380 3142 1449; x_wconf 86' lang='lat' dir='ltr'>tamque</span> <span class='ocrx_word' id='word_1_190' title='bbox 3155 1373 3561 1432; x_wconf 79' lang='lat' dir='ltr'>armataemul-</span> 
     </span>
     <span class='ocr_line' id='line_1_28' title="bbox 1916 1464 3558 1538; baseline -0.002 -17"><span class='ocrx_word' id='word_1_191' title='bbox 1916 1465 2156 1525; x_wconf 90' lang='lat' dir='ltr'>titudini</span> <span class='ocrx_word' id='word_1_192' title='bbox 2188 1466 2330 1523; x_wconf 90' lang='lat' dir='ltr'>liber</span> <span class='ocrx_word' id='word_1_193' title='bbox 2358 1466 2643 1524; x_wconf 79' lang='lat' dir='ltr'>transitus</span> <span class='ocrx_word' id='word_1_194' title='bbox 2663 1464 3091 1538; x_wconf 82' lang='lat' dir='ltr'>indulgeretur,</span> <span class='ocrx_word' id='word_1_195' title='bbox 3138 1465 3400 1522; x_wconf 76' lang='lat' dir='ltr'>futurum</span> <span class='ocrx_word' id='word_1_196' title='bbox 3428 1478 3558 1521; x_wconf 89' lang='lat' dir='ltr'>esse</span> 
     </span>
     <span class='ocr_line' id='line_1_29' title="bbox 1918 1551 3556 1626; baseline -0.004 -13"><span class='ocrx_word' id='word_1_197' title='bbox 1918 1559 1979 1613; x_wconf 87' lang='lat' dir='ltr'>ut</span> <span class='ocrx_word' id='word_1_198' title='bbox 2010 1572 2124 1613; x_wconf 80' lang='lat' dir='ltr'>suae</span> <span class='ocrx_word' id='word_1_199' title='bbox 2154 1552 2716 1612; x_wconf 84' lang='lat' dir='ltr'>ditioniuniversum</span> <span class='ocrx_word' id='word_1_200' title='bbox 2733 1553 3021 1611; x_wconf 84' lang='lat' dir='ltr'>violenter</span> <span class='ocrx_word' id='word_1_201' title='bbox 3034 1551 3556 1626; x_wconf 75' lang='lat' dir='ltr'>subjiciantOrien·</span> 
     </span>
     <span class='ocr_line' id='line_1_30' title="bbox 1912 1641 3555 1717; baseline -0.002 -16"><span class='ocrx_word' id='word_1_202' title='bbox 1912 1649 2055 1702; x_wconf 87' lang='lat' dir='ltr'>tem.</span> <span class='ocrx_word' id='word_1_203' title='bbox 2086 1646 2168 1700; x_wconf 83' lang='lat' dir='ltr'>Ex</span> <span class='ocrx_word' id='word_1_204' title='bbox 2198 1650 2448 1716; x_wconf 91' lang='lat' dir='ltr'>utraque</span> <span class='ocrx_word' id='word_1_205' title='bbox 2477 1643 2657 1717; x_wconf 88' lang='lat' dir='ltr'>igitur</span> <span class='ocrx_word' id='word_1_206' title='bbox 2686 1643 2978 1710; x_wconf 79' lang='lat' dir='ltr'>Armenia,</span> <span class='ocrx_word' id='word_1_207' title='bbox 3000 1641 3555 1716; x_wconf 86' lang='lat' dir='ltr'>Cappadocia,lseu·</span> 
     </span>
    </p>
   </div>
   <div class='ocr_carea' id='block_1_10' title="bbox 153 1730 3551 1828">
    <p class='ocr_par' dir='ltr' id='par_1_10' title="bbox 153 1730 3551 1828">
     <span class='ocr_line' id='line_1_31' title="bbox 153 1730 3551 1828; baseline 0 -43"><span class='ocrx_word' id='word_1_208' title='bbox 153 1734 267 1799; x_wconf 82' lang='lat' dir='ltr'>rat,</span> <span class='ocrx_word' id='word_1_209' title='bbox 292 1730 657 1801; x_wconf 79' lang='lat' dir='ltr'>praestolatur</span> <span class='ocrx_word' id='word_1_210' title='bbox 686 1731 1025 1799; x_wconf 89' lang='lat' dir='ltr'>adventum,</span> <span class='ocrx_word' id='word_1_211' title='bbox 1055 1734 1125 1788; x_wconf 87' lang='lat' dir='ltr'>de</span> <span class='ocrx_word' id='word_1_212' title='bbox 1167 1730 1259 1788; x_wconf 89' lang='lat' dir='ltr'>die</span> <span class='ocrx_word' id='word_1_213' title='bbox 1313 1730 1374 1787; x_wconf 89' lang='lat' dir='ltr'>in</span> <span class='ocrx_word' id='word_1_214' title='bbox 1407 1730 1557 1788; x_wconf 90' lang='lat' dir='ltr'>diem</span> <span class='ocrx_word' id='word_1_215' title='bbox 1588 1746 1797 1803; x_wconf 86' lang='lat' dir='ltr'>exspe-</span> <span class='ocrx_word' id='word_1_216' title='bbox 1827 1758 1875 1828; x_wconf 78' lang='lat' dir='ltr'>B</span> <span class='ocrx_word' id='word_1_217' title='bbox 1911 1734 2014 1802; x_wconf 91' lang='lat' dir='ltr'>ria,</span> <span class='ocrx_word' id='word_1_218' title='bbox 2046 1732 2267 1803; x_wconf 86' lang='lat' dir='ltr'>Cilicia,</span> <span class='ocrx_word' id='word_1_219' title='bbox 2318 1732 2526 1800; x_wconf 87' lang='lat' dir='ltr'>Media,</span> <span class='ocrx_word' id='word_1_220' title='bbox 2587 1732 2841 1803; x_wconf 86' lang='lat' dir='ltr'>Parthia,</span> <span class='ocrx_word' id='word_1_221' title='bbox 2887 1732 2958 1787; x_wconf 88' lang='lat' dir='ltr'>ad</span> <span class='ocrx_word' id='word_1_222' title='bbox 3007 1732 3135 1803; x_wconf 86' lang='lat' dir='ltr'>ejus</span> <span class='ocrx_word' id='word_1_223' title='bbox 3189 1730 3551 1788; x_wconf 83' lang='lat' dir='ltr'>vocationem</span> 
     </span>
    </p>
   </div>
   <div class='ocr_carea' id='block_1_11' title="bbox 139 1817 1801 3138">
    <p class='ocr_par' dir='ltr' id='par_1_11' title="bbox 139 1817 1801 3138">
     <span class='ocr_line' id='line_1_32' title="bbox 153 1817 1798 1890; baseline -0.001 -14"><span class='ocrx_word' id='word_1_224' title='bbox 153 1823 320 1876; x_wconf 84' lang='lat' dir='ltr'>ctans</span> <span class='ocrx_word' id='word_1_225' title='bbox 349 1835 591 1876; x_wconf 88' lang='lat' dir='ltr'>suorum</span> <span class='ocrx_word' id='word_1_226' title='bbox 629 1819 952 1889; x_wconf 87' lang='lat' dir='ltr'>interitum,</span> <span class='ocrx_word' id='word_1_227' title='bbox 986 1820 1186 1890; x_wconf 74' lang='lat' dir='ltr'>patriae</span> <span class='ocrx_word' id='word_1_228' title='bbox 1218 1817 1660 1876; x_wconf 75' lang='lat' dir='ltr'>desolationem.</span> <span class='ocrx_word' id='word_1_229' title='bbox 1699 1819 1798 1875; x_wconf 91' lang='lat' dir='ltr'>Di-</span> 
     </span>
     <span class='ocr_line' id='line_1_33' title="bbox 148 1906 1798 1974; baseline -0.001 -10"><span class='ocrx_word' id='word_1_230' title='bbox 148 1907 584 1974; x_wconf 86' lang='lat' dir='ltr'>cebaturenim,</span> <span class='ocrx_word' id='word_1_231' title='bbox 610 1907 1167 1965; x_wconf 82' lang='lat' dir='ltr'>asaeculisinaudita</span> <span class='ocrx_word' id='word_1_232' title='bbox 1182 1908 1454 1964; x_wconf 88' lang='lat' dir='ltr'>advenire</span> <span class='ocrx_word' id='word_1_233' title='bbox 1482 1906 1798 1965; x_wconf 89' lang='lat' dir='ltr'>multitudo</span> 
     </span>
     <span class='ocr_line' id='line_1_34' title="bbox 148 1995 1801 2068; baseline -0.001 -15"><span class='ocrx_word' id='word_1_234' title='bbox 148 2005 202 2053; x_wconf 92' lang='lat' dir='ltr'>et</span> <span class='ocrx_word' id='word_1_235' title='bbox 236 1995 568 2054; x_wconf 88' lang='lat' dir='ltr'>universam</span> <span class='ocrx_word' id='word_1_236' title='bbox 602 2001 767 2053; x_wconf 77' lang='lat' dir='ltr'>terrae</span> <span class='ocrx_word' id='word_1_237' title='bbox 826 1997 1197 2068; x_wconf 80' lang='lat' dir='ltr'>superficiem</span> <span class='ocrx_word' id='word_1_238' title='bbox 1256 2013 1455 2054; x_wconf 90' lang='lat' dir='ltr'>eorum</span> <span class='ocrx_word' id='word_1_239' title='bbox 1498 1995 1801 2053; x_wconf 88' lang='lat' dir='ltr'>dicebatur</span> 
     </span>
     <span class='ocr_line' id='line_1_35' title="bbox 149 2083 1797 2159; baseline 0 -17"><span class='ocrx_word' id='word_1_240' title='bbox 149 2086 450 2159; x_wconf 78' lang='lat' dir='ltr'>equitatus</span> <span class='ocrx_word' id='word_1_241' title='bbox 480 2086 705 2158; x_wconf 88' lang='lat' dir='ltr'>operire</span> <span class='ocrx_word' id='word_1_242' title='bbox 729 2103 744 2156; x_wconf 72' lang='grc' dir='ltr'>ς</span> <span class='ocrx_word' id='word_1_243' title='bbox 771 2086 1024 2142; x_wconf 84' lang='lat' dir='ltr'>maxima</span> <span class='ocrx_word' id='word_1_244' title='bbox 1053 2085 1138 2142; x_wconf 89' lang='lat' dir='ltr'>eis</span> <span class='ocrx_word' id='word_1_245' title='bbox 1168 2087 1240 2142; x_wconf 89' lang='lat' dir='ltr'>ad</span> <span class='ocrx_word' id='word_1_246' title='bbox 1265 2091 1467 2158; x_wconf 88' lang='lat' dir='ltr'>potum</span> <span class='ocrx_word' id='word_1_247' title='bbox 1500 2102 1615 2142; x_wconf 91' lang='lat' dir='ltr'>non</span> <span class='ocrx_word' id='word_1_248' title='bbox 1639 2083 1797 2142; x_wconf 78' lang='lat' dir='ltr'>suffi·</span> 
     </span>
     <span class='ocr_line' id='line_1_36' title="bbox 146 2174 1797 2249; baseline -0.001 -17"><span class='ocrx_word' id='word_1_249' title='bbox 146 2191 276 2232; x_wconf 89' lang='lat' dir='ltr'>cere</span> <span class='ocrx_word' id='word_1_250' title='bbox 309 2175 553 2231; x_wconf 81' lang='lat' dir='ltr'>flumina</span> <span class='ocrx_word' id='word_1_251' title='bbox 583 2183 633 2232; x_wconf 89' lang='lat' dir='ltr'>et</span> <span class='ocrx_word' id='word_1_252' title='bbox 667 2176 931 2249; x_wconf 81' lang='lat' dir='ltr'>regiones</span> <span class='ocrx_word' id='word_1_253' title='bbox 962 2176 1169 2232; x_wconf 89' lang='lat' dir='ltr'>uberes</span> <span class='ocrx_word' id='word_1_254' title='bbox 1183 2175 1344 2232; x_wconf 89' lang='lat' dir='ltr'>cibos</span> <span class='ocrx_word' id='word_1_255' title='bbox 1375 2174 1461 2232; x_wconf 89' lang='lat' dir='ltr'>eis</span> <span class='ocrx_word' id='word_1_256' title='bbox 1491 2191 1608 2231; x_wconf 92' lang='lat' dir='ltr'>non</span> <span class='ocrx_word' id='word_1_257' title='bbox 1633 2189 1797 2246; x_wconf 87' lang='lat' dir='ltr'>posse</span> 
     </span>
     <span class='ocr_line' id='line_1_37' title="bbox 147 2262 1799 2335; baseline -0.002 -15"><span class='ocrx_word' id='word_1_258' title='bbox 147 2263 479 2320; x_wconf 88' lang='lat' dir='ltr'>ministrare</span> <span class='ocrx_word' id='word_1_259' title='bbox 501 2264 569 2319; x_wconf 90' lang='lat' dir='ltr'>ad</span> <span class='ocrx_word' id='word_1_260' title='bbox 604 2263 1034 2321; x_wconf 78' lang='lat' dir='ltr'>sufficientiam.</span> <span class='ocrx_word' id='word_1_261' title='bbox 1056 2263 1269 2320; x_wconf 82' lang='lat' dir='ltr'>Etlicet</span> <span class='ocrx_word' id='word_1_262' title='bbox 1284 2264 1469 2335; x_wconf 89' lang='lat' dir='ltr'>major</span> <span class='ocrx_word' id='word_1_263' title='bbox 1490 2278 1620 2319; x_wconf 88' lang='lat' dir='ltr'>vero</span> <span class='ocrx_word' id='word_1_264' title='bbox 1644 2262 1799 2318; x_wconf 82' lang='lat' dir='ltr'>fama</span> 
     </span>
     <span class='ocr_line' id='line_1_38' title="bbox 146 2351 1797 2426; baseline 0 -18"><span class='ocrx_word' id='word_1_265' title='bbox 146 2368 509 2426; x_wconf 76' lang='lat' dir='ltr'>praecurrens</span> <span class='ocrx_word' id='word_1_266' title='bbox 538 2353 649 2410; x_wconf 90' lang='lat' dir='ltr'>hoc</span> <span class='ocrx_word' id='word_1_267' title='bbox 679 2354 1002 2421; x_wconf 80' lang='lat' dir='ltr'>nuntiaret,</span> <span class='ocrx_word' id='word_1_268' title='bbox 1021 2353 1304 2410; x_wconf 86' lang='lat' dir='ltr'>reitamen</span> <span class='ocrx_word' id='word_1_269' title='bbox 1336 2352 1543 2408; x_wconf 82' lang='lat' dir='ltr'>veritas</span> <span class='ocrx_word' id='word_1_270' title='bbox 1565 2351 1797 2424; x_wconf 88' lang='lat' dir='ltr'>magnis</span> 
     </span>
     <span class='ocr_line' id='line_1_39' title="bbox 143 2442 1798 2515; baseline 0 -17"><span class='ocrx_word' id='word_1_271' title='bbox 143 2442 510 2515; x_wconf 88' lang='lat' dir='ltr'>principibus</span> <span class='ocrx_word' id='word_1_272' title='bbox 524 2460 556 2498; x_wconf 90' lang='lat' dir='ltr'>a</span> <span class='ocrx_word' id='word_1_273' title='bbox 570 2443 679 2499; x_wconf 82' lang='lat' dir='ltr'>fide</span> <span class='ocrx_word' id='word_1_274' title='bbox 695 2443 902 2499; x_wconf 87' lang='lat' dir='ltr'>alienis</span> <span class='ocrx_word' id='word_1_275' title='bbox 936 2442 1289 2511; x_wconf 88' lang='lat' dir='ltr'>Christiana,</span> <span class='ocrx_word' id='word_1_276' title='bbox 1306 2442 1556 2498; x_wconf 91' lang='lat' dir='ltr'>multum</span> <span class='ocrx_word' id='word_1_277' title='bbox 1574 2444 1798 2511; x_wconf 89' lang='lat' dir='ltr'>poterat</span> 
     </span>
     <span class='ocr_line' id='line_1_40' title="bbox 140 2531 1794 2600; baseline -0.002 -12"><span class='ocrx_word' id='word_1_278' title='bbox 140 2536 198 2588; x_wconf 90' lang='lat' dir='ltr'>et</span> <span class='ocrx_word' id='word_1_279' title='bbox 226 2531 434 2588; x_wconf 88' lang='lat' dir='ltr'>merito</span> <span class='ocrx_word' id='word_1_280' title='bbox 464 2535 743 2588; x_wconf 89' lang='lat' dir='ltr'>terrorem</span> <span class='ocrx_word' id='word_1_281' title='bbox 795 2531 1074 2588; x_wconf 90' lang='lat' dir='ltr'>incutere.</span> <span class='ocrx_word' id='word_1_282' title='bbox 1135 2531 1305 2600; x_wconf 89' lang='lat' dir='ltr'>Nam,</span> <span class='ocrx_word' id='word_1_283' title='bbox 1340 2538 1402 2587; x_wconf 90' lang='lat' dir='ltr'>ut</span> <span class='ocrx_word' id='word_1_284' title='bbox 1457 2533 1794 2587; x_wconf 87' lang='lat' dir='ltr'>constanter</span> 
     </span>
     <span class='ocr_line' id='line_1_41' title="bbox 140 2617 1799 2693; baseline -0.001 -16"><span class='ocrx_word' id='word_1_285' title='bbox 140 2624 419 2678; x_wconf 87' lang='lat' dir='ltr'>asserunt</span> <span class='ocrx_word' id='word_1_286' title='bbox 447 2619 548 2693; x_wconf 91' lang='lat' dir='ltr'>qui</span> <span class='ocrx_word' id='word_1_287' title='bbox 580 2620 638 2677; x_wconf 90' lang='lat' dir='ltr'>in</span> <span class='ocrx_word' id='word_1_288' title='bbox 670 2621 873 2677; x_wconf 87' lang='lat' dir='ltr'>eadem</span> <span class='ocrx_word' id='word_1_289' title='bbox 905 2619 1269 2692; x_wconf 85' lang='lat' dir='ltr'>expeditione</span> <span class='ocrx_word' id='word_1_290' title='bbox 1326 2622 1640 2692; x_wconf 76' lang='lat' dir='ltr'>praesentes</span> <span class='ocrx_word' id='word_1_291' title='bbox 1672 2617 1799 2676; x_wconf 79' lang='lat' dir='ltr'>fue·</span> 
     </span>
     <span class='ocr_line' id='line_1_42' title="bbox 139 2707 1793 2781; baseline -0.001 -15"><span class='ocrx_word' id='word_1_292' title='bbox 139 2713 307 2779; x_wconf 89' lang='lat' dir='ltr'>runt,</span> <span class='ocrx_word' id='word_1_293' title='bbox 338 2708 400 2765; x_wconf 92' lang='lat' dir='ltr'>in</span> <span class='ocrx_word' id='word_1_294' title='bbox 428 2707 545 2766; x_wconf 87' lang='lat' dir='ltr'>solo</span> <span class='ocrx_word' id='word_1_295' title='bbox 576 2709 801 2765; x_wconf 91' lang='lat' dir='ltr'>domini</span> <span class='ocrx_word' id='word_1_296' title='bbox 822 2709 1190 2781; x_wconf 88' lang='lat' dir='ltr'>imperatoris</span> <span class='ocrx_word' id='word_1_297' title='bbox 1232 2708 1535 2777; x_wconf 87' lang='lat' dir='ltr'>comitatu,</span> <span class='ocrx_word' id='word_1_298' title='bbox 1591 2708 1662 2763; x_wconf 87' lang='lat' dir='ltr'>ad</span> <span class='ocrx_word' id='word_1_299' title='bbox 1691 2723 1793 2764; x_wconf 88' lang='lat' dir='ltr'>se-</span> 
     </span>
     <span class='ocr_line' id='line_1_43' title="bbox 139 2797 1792 2872; baseline 0.001 -19"><span class='ocrx_word' id='word_1_300' title='bbox 139 2797 456 2872; x_wconf 89' lang='lat' dir='ltr'>ptuaginta</span> <span class='ocrx_word' id='word_1_301' title='bbox 483 2797 667 2854; x_wconf 89' lang='lat' dir='ltr'>millia</span> <span class='ocrx_word' id='word_1_302' title='bbox 698 2799 936 2855; x_wconf 78' lang='lat' dir='ltr'>fuerunt</span> <span class='ocrx_word' id='word_1_303' title='bbox 965 2797 1364 2866; x_wconf 82' lang='lat' dir='ltr'>loricatorum,</span> <span class='ocrx_word' id='word_1_304' title='bbox 1404 2797 1662 2869; x_wconf 85' lang='lat' dir='ltr'>exceptis</span> <span class='ocrx_word' id='word_1_305' title='bbox 1691 2813 1792 2868; x_wconf 88' lang='lat' dir='ltr'>pe·</span> 
     </span>
     <span class='ocr_line' id='line_1_44' title="bbox 142 2885 1793 2959; baseline 0 -15"><span class='ocrx_word' id='word_1_306' title='bbox 142 2887 391 2957; x_wconf 87' lang='lat' dir='ltr'>ditibus,</span> <span class='ocrx_word' id='word_1_307' title='bbox 422 2887 681 2959; x_wconf 87' lang='lat' dir='ltr'>parvulis</span> <span class='ocrx_word' id='word_1_308' title='bbox 710 2892 767 2944; x_wconf 91' lang='lat' dir='ltr'>et</span> <span class='ocrx_word' id='word_1_309' title='bbox 797 2887 1164 2958; x_wconf 89' lang='lat' dir='ltr'>mulieribus,</span> <span class='ocrx_word' id='word_1_310' title='bbox 1198 2889 1268 2945; x_wconf 91' lang='lat' dir='ltr'>de</span> <span class='ocrx_word' id='word_1_311' title='bbox 1325 2886 1623 2958; x_wconf 89' lang='lat' dir='ltr'>equitibus</span> <span class='ocrx_word' id='word_1_312' title='bbox 1649 2885 1793 2944; x_wconf 89' lang='lat' dir='ltr'>levis</span> 
     </span>
     <span class='ocr_line' id='line_1_45' title="bbox 140 2977 1792 3050; baseline 0.001 -15"><span class='ocrx_word' id='word_1_313' title='bbox 140 2980 473 3037; x_wconf 66' lang='lat' dir='ltr'>armaturas.</span> <span class='ocrx_word' id='word_1_314' title='bbox 506 2978 570 3036; x_wconf 90' lang='lat' dir='ltr'>In</span> <span class='ocrx_word' id='word_1_315' title='bbox 617 2979 865 3036; x_wconf 86' lang='lat' dir='ltr'>exercitu</span> <span class='ocrx_word' id='word_1_316' title='bbox 918 2994 1051 3036; x_wconf 89' lang='lat' dir='ltr'>vero</span> <span class='ocrx_word' id='word_1_317' title='bbox 1104 2977 1325 3035; x_wconf 86' lang='lat' dir='ltr'>domini</span> <span class='ocrx_word' id='word_1_318' title='bbox 1356 2978 1509 3050; x_wconf 88' lang='lat' dir='ltr'>regis</span> <span class='ocrx_word' id='word_1_319' title='bbox 1539 2977 1792 3036; x_wconf 84' lang='lat' dir='ltr'>Franco-</span> 
     </span>
     <span class='ocr_line' id='line_1_46' title="bbox 142 3068 1785 3138; baseline -0.001 -13"><span class='ocrx_word' id='word_1_320' title='bbox 142 3084 300 3138; x_wconf 84' lang='lat' dir='ltr'>rum,</span> <span class='ocrx_word' id='word_1_321' title='bbox 333 3068 591 3125; x_wconf 87' lang='lat' dir='ltr'>virorum</span> <span class='ocrx_word' id='word_1_322' title='bbox 627 3069 864 3125; x_wconf 73' lang='lat' dir='ltr'>fortium</span> <span class='ocrx_word' id='word_1_323' title='bbox 896 3068 1090 3126; x_wconf 87' lang='lat' dir='ltr'>loricis</span> <span class='ocrx_word' id='word_1_324' title='bbox 1106 3069 1392 3125; x_wconf 90' lang='lat' dir='ltr'>utentium</span> <span class='ocrx_word' id='word_1_325' title='bbox 1415 3084 1696 3124; x_wconf 87' lang='lat' dir='ltr'>numerus</span> <span class='ocrx_word' id='word_1_326' title='bbox 1717 3068 1785 3124; x_wconf 88' lang='lat' dir='ltr'>ad</span> 
     </span>
    </p>
   </div>
   <div class='ocr_carea' id='block_1_12' title="bbox 1901 1819 3628 3154">
    <p class='ocr_par' dir='ltr' id='par_1_12' title="bbox 1901 1819 3628 3154">
     <span class='ocr_line' id='line_1_47' title="bbox 1910 1819 3553 1892; baseline -0.005 -12"><span class='ocrx_word' id='word_1_327' title='bbox 1910 1822 2171 1880; x_wconf 87' lang='lat' dir='ltr'>convolat</span> <span class='ocrx_word' id='word_1_328' title='bbox 2202 1821 2460 1892; x_wconf 84' lang='lat' dir='ltr'>gentium</span> <span class='ocrx_word' id='word_1_329' title='bbox 2484 1821 2752 1877; x_wconf 77' lang='lat' dir='ltr'>infinitus</span> <span class='ocrx_word' id='word_1_330' title='bbox 2776 1836 3078 1890; x_wconf 90' lang='lat' dir='ltr'>numerus,</span> <span class='ocrx_word' id='word_1_331' title='bbox 3140 1823 3198 1876; x_wconf 87' lang='lat' dir='ltr'>et</span> <span class='ocrx_word' id='word_1_332' title='bbox 3253 1819 3553 1891; x_wconf 82' lang='lat' dir='ltr'>colligitur</span> 
     </span>
     <span class='ocr_line' id='line_1_48' title="bbox 1910 1908 3550 1983; baseline -0.006 -13"><span class='ocrx_word' id='word_1_333' title='bbox 1910 1912 2299 1970; x_wconf 87' lang='lat' dir='ltr'>numerositas</span> <span class='ocrx_word' id='word_1_334' title='bbox 2357 1911 2655 1977; x_wconf 76' lang='lat' dir='ltr'>inaudita3</span> <span class='ocrx_word' id='word_1_335' title='bbox 2714 1927 2967 1983; x_wconf 88' lang='lat' dir='ltr'>quorum</span> <span class='ocrx_word' id='word_1_336' title='bbox 3051 1909 3314 1965; x_wconf 88' lang='lat' dir='ltr'>omnium</span> <span class='ocrx_word' id='word_1_337' title='bbox 3366 1908 3550 1964; x_wconf 81' lang='lat' dir='ltr'>fretus</span> 
     </span>
     <span class='ocr_line' id='line_1_49' title="bbox 1910 1995 3541 2073; baseline -0.007 -12"><span class='ocrx_word' id='word_1_338' title='bbox 1910 2002 2147 2072; x_wconf 85' lang='lat' dir='ltr'>auxilio,</span> <span class='ocrx_word' id='word_1_339' title='bbox 2188 2018 2351 2073; x_wconf 87' lang='lat' dir='ltr'>spem</span> <span class='ocrx_word' id='word_1_340' title='bbox 2392 2000 2662 2071; x_wconf 87' lang='lat' dir='ltr'>concipit,</span> <span class='ocrx_word' id='word_1_341' title='bbox 2694 2004 2756 2056; x_wconf 93' lang='lat' dir='ltr'>ut</span> <span class='ocrx_word' id='word_1_342' title='bbox 2788 1999 3027 2070; x_wconf 85' lang='lat' dir='ltr'>paribus</span> <span class='ocrx_word' id='word_1_343' title='bbox 3061 1999 3243 2070; x_wconf 87' lang='lat' dir='ltr'>possit</span> <span class='ocrx_word' id='word_1_344' title='bbox 3271 1995 3541 2052; x_wconf 87' lang='lat' dir='ltr'>resistere</span> 
     </span>
     <span class='ocr_line' id='line_1_50' title="bbox 1907 2084 3550 2165; baseline -0.007 -14"><span class='ocrx_word' id='word_1_345' title='bbox 1907 2093 2109 2165; x_wconf 91' lang='lat' dir='ltr'>copiis,</span> <span class='ocrx_word' id='word_1_346' title='bbox 2140 2093 2434 2149; x_wconf 72' lang='lat' dir='ltr'>immensae</span> <span class='ocrx_word' id='word_1_347' title='bbox 2464 2105 2643 2162; x_wconf 86' lang='lat' dir='ltr'>quam</span> <span class='ocrx_word' id='word_1_348' title='bbox 2674 2089 2939 2145; x_wconf 78' lang='lat' dir='ltr'>audierat</span> <span class='ocrx_word' id='word_1_349' title='bbox 2974 2088 3243 2143; x_wconf 86' lang='lat' dir='ltr'>advenire</span> <span class='ocrx_word' id='word_1_350' title='bbox 3286 2084 3550 2143; x_wconf 87' lang='lat' dir='ltr'>multitu·-</span> 
     </span>
     <span class='ocr_line' id='line_1_51' title="bbox 1908 2173 3546 2248; baseline -0.005 -10"><span class='ocrx_word' id='word_1_351' title='bbox 1908 2181 2051 2238; x_wconf 91' lang='lat' dir='ltr'>dini.</span> <span class='ocrx_word' id='word_1_352' title='bbox 2082 2182 2419 2238; x_wconf 86' lang='lat' dir='ltr'>Tradiderat</span> <span class='ocrx_word' id='word_1_353' title='bbox 2438 2184 2632 2236; x_wconf 86' lang='lat' dir='ltr'>autem</span> <span class='ocrx_word' id='word_1_354' title='bbox 2654 2175 3331 2248; x_wconf 78' lang='lat' dir='ltr'>constantinopolitanus</span> <span class='ocrx_word' id='word_1_355' title='bbox 3356 2173 3546 2231; x_wconf 88' lang='lat' dir='ltr'>disce-</span> 
     </span>
     <span class='ocr_line' id='line_1_52' title="bbox 1908 2262 3548 2343; baseline -0.005 -16"><span class='ocrx_word' id='word_1_356' title='bbox 1908 2271 2068 2329; x_wconf 90' lang='lat' dir='ltr'>denti</span> <span class='ocrx_word' id='word_1_357' title='bbox 2100 2272 2169 2329; x_wconf 88' lang='lat' dir='ltr'>ab</span> <span class='ocrx_word' id='word_1_358' title='bbox 2199 2287 2287 2337; x_wconf 85' lang='lat' dir='ltr'>ec,</span> <span class='ocrx_word' id='word_1_359' title='bbox 2306 2270 2427 2329; x_wconf 89' lang='lat' dir='ltr'>etid</span> <span class='ocrx_word' id='word_1_360' title='bbox 2452 2271 2645 2343; x_wconf 89' lang='lat' dir='ltr'>ipsum</span> <span class='ocrx_word' id='word_1_361' title='bbox 2664 2267 2904 2341; x_wconf 86' lang='lat' dir='ltr'>potenti,</span> <span class='ocrx_word' id='word_1_362' title='bbox 2928 2267 3167 2324; x_wconf 89' lang='lat' dir='ltr'>domino</span> <span class='ocrx_word' id='word_1_363' title='bbox 3190 2262 3548 2337; x_wconf 85' lang='lat' dir='ltr'>imperatori,</span> 
     </span>
     <span class='ocr_line' id='line_1_53' title="bbox 1905 2354 3628 2432; baseline -0.005 -12"><span class='ocrx_word' id='word_1_364' title='bbox 1905 2364 2009 2420; x_wconf 80' lang='lat' dir='ltr'>vise</span> <span class='ocrx_word' id='word_1_365' title='bbox 2040 2363 2243 2430; x_wconf 90' lang='lat' dir='ltr'>duces,</span> <span class='ocrx_word' id='word_1_366' title='bbox 2273 2361 2534 2419; x_wconf 92' lang='lat' dir='ltr'>locorum</span> <span class='ocrx_word' id='word_1_367' title='bbox 2569 2358 2804 2432; x_wconf 86' lang='lat' dir='ltr'>peritos,</span> <span class='ocrx_word' id='word_1_368' title='bbox 2828 2357 3257 2431; x_wconf 86' lang='lat' dir='ltr'>provinciarum</span> <span class='ocrx_word' id='word_1_369' title='bbox 3275 2354 3551 2412; x_wconf 84' lang='lat' dir='ltr'>finitima·</span> <span class='ocrx_word' id='word_1_370' title='bbox 3623 2372 3628 2377; x_wconf 92' lang='lat'>·</span> 
     </span>
     <span class='ocr_line' id='line_1_54' title="bbox 1908 2440 3548 2522; baseline -0.007 -12"><span class='ocrx_word' id='word_1_371' title='bbox 1908 2469 2040 2510; x_wconf 90' lang='lat' dir='ltr'>rum</span> <span class='ocrx_word' id='word_1_372' title='bbox 2070 2468 2307 2512; x_wconf 89' lang='lat' dir='ltr'>omnem</span> <span class='ocrx_word' id='word_1_373' title='bbox 2326 2450 2611 2507; x_wconf 87' lang='lat' dir='ltr'>habentes</span> <span class='ocrx_word' id='word_1_374' title='bbox 2638 2447 3011 2522; x_wconf 86' lang='lat' dir='ltr'>prudentiam</span> <span class='ocrx_word' id='word_1_375' title='bbox 3037 2464 3053 2514; x_wconf 75' lang='grc' dir='ltr'>ς</span> <span class='ocrx_word' id='word_1_376' title='bbox 3085 2446 3182 2503; x_wconf 88' lang='lat' dir='ltr'>sed</span> <span class='ocrx_word' id='word_1_377' title='bbox 3214 2440 3548 2500; x_wconf 82' lang='lat' dir='ltr'>fideimodi-</span> 
     </span>
     <span class='ocr_line' id='line_1_55' title="bbox 1905 2533 3547 2606; baseline -0.007 -7"><span class='ocrx_word' id='word_1_378' title='bbox 1905 2558 2006 2599; x_wconf 79' lang='lat' dir='ltr'>cae.</span> <span class='ocrx_word' id='word_1_379' title='bbox 2038 2542 2107 2599; x_wconf 86' lang='lat' dir='ltr'>Hi</span> <span class='ocrx_word' id='word_1_380' title='bbox 2139 2543 2210 2598; x_wconf 88' lang='lat' dir='ltr'>ad</span> <span class='ocrx_word' id='word_1_381' title='bbox 2242 2541 2351 2598; x_wconf 89' lang='lat' dir='ltr'>boc</span> <span class='ocrx_word' id='word_1_382' title='bbox 2382 2540 2502 2596; x_wconf 89' lang='lat' dir='ltr'>dati</span> <span class='ocrx_word' id='word_1_383' title='bbox 2533 2538 2941 2604; x_wconf 85' lang='lat' dir='ltr'>credebantur,</span> <span class='ocrx_word' id='word_1_384' title='bbox 2973 2538 3039 2592; x_wconf 92' lang='lat' dir='ltr'>ut</span> <span class='ocrx_word' id='word_1_385' title='bbox 3073 2535 3229 2591; x_wconf 90' lang='lat' dir='ltr'>bona</span> <span class='ocrx_word' id='word_1_386' title='bbox 3249 2533 3362 2589; x_wconf 87' lang='lat' dir='ltr'>ssde</span> <span class='ocrx_word' id='word_1_387' title='bbox 3394 2547 3547 2606; x_wconf 83' lang='lat' dir='ltr'>prae-</span> 
     </span>
     <span class='ocr_line' id='line_1_56' title="bbox 1906 2622 3543 2699; baseline -0.009 -11"><span class='ocrx_word' id='word_1_388' title='bbox 1906 2631 2059 2688; x_wconf 89' lang='lat' dir='ltr'>irent</span> <span class='ocrx_word' id='word_1_389' title='bbox 2086 2629 2395 2699; x_wconf 87' lang='lat' dir='ltr'>exercitus,</span> <span class='ocrx_word' id='word_1_390' title='bbox 2425 2645 2497 2685; x_wconf 88' lang='lat' dir='ltr'>ne</span> <span class='ocrx_word' id='word_1_391' title='bbox 2518 2625 2841 2699; x_wconf 83' lang='lat' dir='ltr'>periculose</span> <span class='ocrx_word' id='word_1_392' title='bbox 2890 2622 3142 2681; x_wconf 88' lang='lat' dir='ltr'>incautis</span> <span class='ocrx_word' id='word_1_393' title='bbox 3172 2623 3543 2677; x_wconf 91' lang='lat' dir='ltr'>occurrerent</span> 
     </span>
     <span class='ocr_line' id='line_1_57' title="bbox 1906 2709 3545 2791; baseline -0.009 -12"><span class='ocrx_word' id='word_1_394' title='bbox 1906 2723 2165 2779; x_wconf 81' lang='lat' dir='ltr'>locorum</span> <span class='ocrx_word' id='word_1_395' title='bbox 2199 2718 2499 2791; x_wconf 63' lang='lat' dir='ltr'>angustiae,</span> <span class='ocrx_word' id='word_1_396' title='bbox 2532 2721 2631 2773; x_wconf 90' lang='lat' dir='ltr'>aut</span> <span class='ocrx_word' id='word_1_397' title='bbox 2657 2715 2814 2771; x_wconf 83' lang='lat' dir='ltr'>invia</span> <span class='ocrx_word' id='word_1_398' title='bbox 2835 2713 3054 2771; x_wconf 89' lang='lat' dir='ltr'>secutis</span> <span class='ocrx_word' id='word_1_399' title='bbox 3083 2712 3270 2768; x_wconf 84' lang='lat' dir='ltr'>victus</span> <span class='ocrx_word' id='word_1_400' title='bbox 3318 2709 3545 2766; x_wconf 82' lang='lat' dir='ltr'>deesset</span> 
     </span>
     <span class='ocr_line' id='line_1_58' title="bbox 1903 2799 3543 2882; baseline -0.009 -15"><span class='ocrx_word' id='word_1_401' title='bbox 1903 2808 2252 2882; x_wconf 89' lang='lat' dir='ltr'>legionibus.</span> <span class='ocrx_word' id='word_1_402' title='bbox 2286 2806 2376 2876; x_wconf 86' lang='lat' dir='ltr'>Hi,</span> <span class='ocrx_word' id='word_1_403' title='bbox 2410 2810 2716 2878; x_wconf 87' lang='lat' dir='ltr'>postquam</span> <span class='ocrx_word' id='word_1_404' title='bbox 2747 2804 3039 2860; x_wconf 88' lang='lat' dir='ltr'>interram</span> <span class='ocrx_word' id='word_1_405' title='bbox 3072 2799 3328 2857; x_wconf 86' lang='lat' dir='ltr'>bostium</span> <span class='ocrx_word' id='word_1_406' title='bbox 3362 2799 3543 2854; x_wconf 88' lang='lat' dir='ltr'>intro-</span> 
     </span>
     <span class='ocr_line' id='line_1_59' title="bbox 1903 2890 3542 2965; baseline -0.009 -9"><span class='ocrx_word' id='word_1_407' title='bbox 1903 2900 2193 2956; x_wconf 86' lang='lat' dir='ltr'>duxerunt</span> <span class='ocrx_word' id='word_1_408' title='bbox 2220 2896 2508 2963; x_wconf 88' lang='lat' dir='ltr'>cohortes,</span> <span class='ocrx_word' id='word_1_409' title='bbox 2539 2891 2891 2965; x_wconf 87' lang='lat' dir='ltr'>primiceriis</span> <span class='ocrx_word' id='word_1_410' title='bbox 2920 2890 3208 2949; x_wconf 86' lang='lat' dir='ltr'>exercitus</span> <span class='ocrx_word' id='word_1_411' title='bbox 3259 2902 3542 2962; x_wconf 68' lang='lat' dir='ltr'>precepe-</span> 
     </span>
     <span class='ocr_line' id='line_1_60' title="bbox 1902 2978 3542 3057; baseline -0.008 -11"><span class='ocrx_word' id='word_1_412' title='bbox 1902 2991 2059 3057; x_wconf 90' lang='lat' dir='ltr'>runt,</span> <span class='ocrx_word' id='word_1_413' title='bbox 2091 2991 2158 3045; x_wconf 90' lang='lat' dir='ltr'>ut</span> <span class='ocrx_word' id='word_1_414' title='bbox 2185 2986 2255 3043; x_wconf 88' lang='lat' dir='ltr'>ad</span> <span class='ocrx_word' id='word_1_415' title='bbox 2287 2988 2477 3042; x_wconf 82' lang='lat' dir='ltr'>certos</span> <span class='ocrx_word' id='word_1_416' title='bbox 2508 2982 2651 3051; x_wconf 88' lang='lat' dir='ltr'>dies,</span> <span class='ocrx_word' id='word_1_417' title='bbox 2706 2981 2922 3055; x_wconf 86' lang='lat' dir='ltr'>quibus</span> <span class='ocrx_word' id='word_1_418' title='bbox 2980 2995 3081 3052; x_wconf 91' lang='lat' dir='ltr'>per</span> <span class='ocrx_word' id='word_1_419' title='bbox 3129 2979 3255 3035; x_wconf 89' lang='lat' dir='ltr'>loca</span> <span class='ocrx_word' id='word_1_420' title='bbox 3310 2978 3542 3034; x_wconf 86' lang='lat' dir='ltr'>deserta</span> 
     </span>
     <span class='ocr_line' id='line_1_61' title="bbox 1901 3069 3538 3154; baseline -0.007 -19"><span class='ocrx_word' id='word_1_421' title='bbox 1901 3079 2089 3154; x_wconf 89' lang='lat' dir='ltr'>gratia</span> <span class='ocrx_word' id='word_1_422' title='bbox 2100 3075 2426 3149; x_wconf 90' lang='lat' dir='ltr'>compendii</span> <span class='ocrx_word' id='word_1_423' title='bbox 2439 3091 2535 3131; x_wconf 90' lang='lat' dir='ltr'>eos</span> <span class='ocrx_word' id='word_1_424' title='bbox 2546 3073 2793 3130; x_wconf 85' lang='lat' dir='ltr'>transire</span> <span class='ocrx_word' id='word_1_425' title='bbox 2804 3072 3123 3144; x_wconf 89' lang='lat' dir='ltr'>oportebat,</span> <span class='ocrx_word' id='word_1_426' title='bbox 3145 3069 3538 3127; x_wconf 84' lang='lat' dir='ltr'>necessariam</span> 
     </span>
    </p>
   </div>
   <div class='ocr_carea' id='block_1_13' title="bbox 140 3131 3539 3233">
    <p class='ocr_par' dir='ltr' id='par_1_13' title="bbox 140 3131 3539 3233">
     <span class='ocr_line' id='line_1_62' title="bbox 140 3131 3539 3233; baseline -0.006 -2"><span class='ocrx_word' id='word_1_427' title='bbox 140 3156 517 3231; x_wconf 63' lang='lat' dir='ltr'>⁸⁶P¹¹¹⁸83¹¹²⁸</span> <span class='ocrx_word' id='word_1_428' title='bbox 545 3156 751 3226; x_wconf 51' lang='lat' dir='ltr'>milli&amp;</span> <span class='ocrx_word' id='word_1_429' title='bbox 783 3162 1017 3229; x_wconf 62' lang='grc' dir='ltr'>81069ῑῦ</span> <span class='ocrx_word' id='word_1_430' title='bbox 1037 3156 1223 3216; x_wconf 68' lang='grc'><strong>018888</strong></span> <span class='ocrx_word' id='word_1_431' title='bbox 1236 3157 1514 3226; x_wconf 60' lang='lat' dir='ltr'>Secunda,</span> <span class='ocrx_word' id='word_1_432' title='bbox 1538 3155 1790 3212; x_wconf 52' lang='lat' dir='ltr'>&amp;sihm-</span> <span class='ocrx_word' id='word_1_433' title='bbox 1819 3131 1869 3202; x_wconf 82' lang='lat' dir='ltr'>C</span> <span class='ocrx_word' id='word_1_434' title='bbox 1899 3171 2196 3226; x_wconf 87' lang='lat' dir='ltr'>sumerent</span> <span class='ocrx_word' id='word_1_435' title='bbox 2225 3167 2487 3223; x_wconf 91' lang='lat' dir='ltr'>ciborum</span> <span class='ocrx_word' id='word_1_436' title='bbox 2510 3163 2869 3229; x_wconf 88' lang='lat' dir='ltr'>alimoniam,</span> <span class='ocrx_word' id='word_1_437' title='bbox 2896 3161 3247 3233; x_wconf 87' lang='lat' dir='ltr'>spondentes</span> <span class='ocrx_word' id='word_1_438' title='bbox 3278 3156 3539 3214; x_wconf 81' lang='lat' dir='ltr'>firmissi-</span> 
     </span>
    </p>
   </div>
   <div class='ocr_carea' id='block_1_14' title="bbox 130 3245 1788 3933">
    <p class='ocr_par' dir='ltr' id='par_1_14' title="bbox 130 3245 1788 3933">
     <span class='ocr_line' id='line_1_63' title="bbox 137 3245 1788 3321; baseline -0.001 -17"><span class='ocrx_word' id='word_1_439' title='bbox 137 3246 321 3304; x_wconf 89' lang='lat' dir='ltr'>batur</span> <span class='ocrx_word' id='word_1_440' title='bbox 351 3262 367 3315; x_wconf 75' lang='grc' dir='ltr'><strong>ς</strong></span> <span class='ocrx_word' id='word_1_441' title='bbox 396 3247 610 3321; x_wconf 90' lang='lat' dir='ltr'>quibus</span> <span class='ocrx_word' id='word_1_442' title='bbox 662 3246 709 3303; x_wconf 84' lang='lat' dir='ltr'>si</span> <span class='ocrx_word' id='word_1_443' title='bbox 767 3246 1019 3305; x_wconf 87' lang='lat' dir='ltr'>clemens</span> <span class='ocrx_word' id='word_1_444' title='bbox 1067 3255 1121 3303; x_wconf 91' lang='lat' dir='ltr'>et</span> <span class='ocrx_word' id='word_1_445' title='bbox 1166 3245 1416 3318; x_wconf 87' lang='lat' dir='ltr'>propitia</span> <span class='ocrx_word' id='word_1_446' title='bbox 1471 3260 1788 3319; x_wconf 86' lang='lat' dir='ltr'>comesque</span> 
     </span>
     <span class='ocr_line' id='line_1_64' title="bbox 144 3332 1786 3410; baseline 0 -18"><span class='ocrx_word' id='word_1_447' title='bbox 144 3337 358 3393; x_wconf 76' lang='lat' dir='ltr'>fuisset</span> <span class='ocrx_word' id='word_1_448' title='bbox 419 3336 647 3395; x_wconf 89' lang='lat' dir='ltr'>Domini</span> <span class='ocrx_word' id='word_1_449' title='bbox 703 3336 890 3410; x_wconf 88' lang='lat' dir='ltr'>gratia</span> <span class='ocrx_word' id='word_1_450' title='bbox 946 3341 1004 3394; x_wconf 87' lang='lat' dir='ltr'>et</span> <span class='ocrx_word' id='word_1_451' title='bbox 1060 3352 1158 3393; x_wconf 89' lang='lat' dir='ltr'>eos</span> <span class='ocrx_word' id='word_1_452' title='bbox 1188 3336 1246 3392; x_wconf 91' lang='lat' dir='ltr'>in</span> <span class='ocrx_word' id='word_1_453' title='bbox 1280 3332 1636 3407; x_wconf 90' lang='lat' dir='ltr'>beneplacito</span> <span class='ocrx_word' id='word_1_454' title='bbox 1679 3351 1786 3392; x_wconf 90' lang='lat' dir='ltr'>suo</span> 
     </span>
     <span class='ocr_line' id='line_1_65' title="bbox 138 3423 1787 3500; baseline -0.001 -19"><span class='ocrx_word' id='word_1_455' title='bbox 138 3425 382 3483; x_wconf 84' lang='lat' dir='ltr'>visitare</span> <span class='ocrx_word' id='word_1_456' title='bbox 413 3426 689 3500; x_wconf 87' lang='lat' dir='ltr'>dignatus</span> <span class='ocrx_word' id='word_1_457' title='bbox 719 3430 869 3483; x_wconf 86' lang='lat' dir='ltr'>esset</span> <span class='ocrx_word' id='word_1_458' title='bbox 892 3426 1202 3494; x_wconf 87' lang='lat' dir='ltr'>Dominus,</span> <span class='ocrx_word' id='word_1_459' title='bbox 1237 3442 1351 3480; x_wconf 90' lang='lat' dir='ltr'>non</span> <span class='ocrx_word' id='word_1_460' title='bbox 1383 3423 1573 3480; x_wconf 91' lang='lat' dir='ltr'>solum</span> <span class='ocrx_word' id='word_1_461' title='bbox 1588 3423 1787 3480; x_wconf 91' lang='lat' dir='ltr'>Solda-</span> 
     </span>
     <span class='ocr_line' id='line_1_66' title="bbox 143 3512 1783 3587; baseline -0.004 -14"><span class='ocrx_word' id='word_1_462' title='bbox 143 3533 314 3582; x_wconf 90' lang='lat' dir='ltr'>num,</span> <span class='ocrx_word' id='word_1_463' title='bbox 345 3532 548 3572; x_wconf 87' lang='lat' dir='ltr'>verum</span> <span class='ocrx_word' id='word_1_464' title='bbox 570 3515 871 3572; x_wconf 87' lang='lat' dir='ltr'>universas</span> <span class='ocrx_word' id='word_1_465' title='bbox 902 3516 1154 3573; x_wconf 87' lang='lat' dir='ltr'>Orientis</span> <span class='ocrx_word' id='word_1_466' title='bbox 1178 3514 1526 3587; x_wconf 83' lang='lat' dir='ltr'>provincias,</span> <span class='ocrx_word' id='word_1_467' title='bbox 1559 3512 1783 3569; x_wconf 84' lang='lat' dir='ltr'>nomini</span> 
     </span>
     <span class='ocr_line' id='line_1_67' title="bbox 140 3604 1785 3679; baseline -0.002 -17"><span class='ocrx_word' id='word_1_468' title='bbox 140 3605 476 3679; x_wconf 87' lang='lat' dir='ltr'>potuissent</span> <span class='ocrx_word' id='word_1_469' title='bbox 503 3605 828 3663; x_wconf 88' lang='lat' dir='ltr'>Christiano</span> <span class='ocrx_word' id='word_1_470' title='bbox 859 3606 1215 3678; x_wconf 85' lang='lat' dir='ltr'>subjecisse;</span> <span class='ocrx_word' id='word_1_471' title='bbox 1250 3604 1349 3660; x_wconf 91' lang='lat' dir='ltr'>sed</span> <span class='ocrx_word' id='word_1_472' title='bbox 1368 3620 1570 3660; x_wconf 90' lang='lat' dir='ltr'>eorum</span> <span class='ocrx_word' id='word_1_473' title='bbox 1591 3619 1659 3658; x_wconf 86' lang='lat' dir='ltr'>ex</span> <span class='ocrx_word' id='word_1_474' title='bbox 1689 3619 1785 3659; x_wconf 92' lang='lat' dir='ltr'>oc-</span> 
     </span>
     <span class='ocr_line' id='line_1_68' title="bbox 142 3691 1784 3768; baseline -0.002 -16"><span class='ocrx_word' id='word_1_475' title='bbox 142 3695 502 3767; x_wconf 84' lang='lat' dir='ltr'>culto,justo</span> <span class='ocrx_word' id='word_1_476' title='bbox 533 3699 726 3752; x_wconf 91' lang='lat' dir='ltr'>tamen</span> <span class='ocrx_word' id='word_1_477' title='bbox 753 3694 998 3768; x_wconf 85' lang='lat' dir='ltr'>judicio,</span> <span class='ocrx_word' id='word_1_478' title='bbox 1031 3693 1249 3767; x_wconf 84' lang='lat' dir='ltr'>sprevit</span> <span class='ocrx_word' id='word_1_479' title='bbox 1296 3692 1637 3750; x_wconf 81' lang='lat' dir='ltr'>famulatum</span> <span class='ocrx_word' id='word_1_480' title='bbox 1670 3691 1784 3749; x_wconf 91' lang='lat' dir='ltr'>Do-</span> 
     </span>
     <span class='ocr_line' id='line_1_69' title="bbox 137 3783 1784 3859; baseline -0.001 -15"><span class='ocrx_word' id='word_1_481' title='bbox 137 3786 360 3855; x_wconf 84' lang='lat' dir='ltr'>minus,</span> <span class='ocrx_word' id='word_1_482' title='bbox 393 3802 496 3842; x_wconf 89' lang='lat' dir='ltr'>nec</span> <span class='ocrx_word' id='word_1_483' title='bbox 537 3785 1059 3859; x_wconf 89' lang='lat' dir='ltr'>babuitacceptum</span> <span class='ocrx_word' id='word_1_484' title='bbox 1083 3802 1325 3856; x_wconf 89' lang='lat' dir='ltr'>munus,</span> <span class='ocrx_word' id='word_1_485' title='bbox 1349 3785 1503 3858; x_wconf 90' lang='lat' dir='ltr'>quod</span> <span class='ocrx_word' id='word_1_486' title='bbox 1527 3783 1784 3858; x_wconf 83' lang='lat' dir='ltr'>indignis</span> 
     </span>
     <span class='ocr_line' id='line_1_70' title="bbox 130 3874 1051 3933; baseline -0.003 0"><span class='ocrx_word' id='word_1_487' title='bbox 130 3876 384 3933; x_wconf 78' lang='lat' dir='ltr'>sortasse</span> <span class='ocrx_word' id='word_1_488' title='bbox 413 3874 729 3933; x_wconf 78' lang='lat' dir='ltr'>offerebant</span> <span class='ocrx_word' id='word_1_489' title='bbox 761 3875 1051 3931; x_wconf 87' lang='lat' dir='ltr'>manibus.</span> 
     </span>
    </p>
   </div>
   <div class='ocr_carea' id='block_1_15' title="bbox 761 3982 1143 4040">
    <p class='ocr_par' dir='ltr' id='par_1_15' title="bbox 761 3982 1143 4040">
     <span class='ocr_line' id='line_1_71' title="bbox 761 3982 1143 4040; baseline 0.003 -1"><span class='ocrx_word' id='word_1_490' title='bbox 761 3982 997 4039; x_wconf 82' lang='lat' dir='ltr'>CAPUT</span> <span class='ocrx_word' id='word_1_491' title='bbox 1027 3982 1143 4040; x_wconf 85' lang='lat' dir='ltr'>XX.</span> 
     </span>
    </p>
   </div>
   <div class='ocr_carea' id='block_1_16' title="bbox 121 4070 1771 4396">
    <p class='ocr_par' dir='ltr' id='par_1_16' title="bbox 121 4070 1767 4289">
     <span class='ocr_line' id='line_1_72' title="bbox 121 4070 1767 4144; baseline -0.002 -14"><span class='ocrx_word' id='word_1_492' title='bbox 121 4074 368 4130; x_wconf 80' lang='lat' dir='ltr'>Transito</span> <span class='ocrx_word' id='word_1_493' title='bbox 414 4072 769 4144; x_wconf 80' lang='lat' dir='ltr'>Hellesponto,</span> <span class='ocrx_word' id='word_1_494' title='bbox 817 4072 1097 4129; x_wconf 75' lang='lat' dir='ltr'>seducitur</span> <span class='ocrx_word' id='word_1_495' title='bbox 1133 4070 1434 4142; x_wconf 79' lang='lat' dir='ltr'>imperator</span> <span class='ocrx_word' id='word_1_496' title='bbox 1458 4070 1767 4139; x_wconf 73' lang='lat' dir='ltr'>conradus,</span> 
     </span>
     <span class='ocr_line' id='line_1_73' title="bbox 194 4142 1761 4215; baseline -0.002 -14"><span class='ocrx_word' id='word_1_497' title='bbox 194 4144 506 4201; x_wconf 77' lang='lat' dir='ltr'>Graecorum</span> <span class='ocrx_word' id='word_1_498' title='bbox 551 4144 773 4199; x_wconf 79' lang='lat' dir='ltr'>malitia</span> <span class='ocrx_word' id='word_1_499' title='bbox 795 4149 888 4209; x_wconf 77' lang='lat' dir='ltr'>:et</span> <span class='ocrx_word' id='word_1_500' title='bbox 935 4144 1006 4199; x_wconf 79' lang='lat' dir='ltr'>od</span> <span class='ocrx_word' id='word_1_501' title='bbox 1069 4142 1186 4200; x_wconf 86' lang='lat' dir='ltr'>loca</span> <span class='ocrx_word' id='word_1_502' title='bbox 1230 4143 1537 4215; x_wconf 74' lang='lat' dir='ltr'>periculosa</span> <span class='ocrx_word' id='word_1_503' title='bbox 1590 4143 1761 4198; x_wconf 78' lang='lat' dir='ltr'>nimis</span> 
     </span>
     <span class='ocr_line' id='line_1_74' title="bbox 195 4215 918 4289; baseline 0 -16"><span class='ocrx_word' id='word_1_504' title='bbox 195 4217 319 4289; x_wconf 74' lang='lat' dir='ltr'>ejus</span> <span class='ocrx_word' id='word_1_505' title='bbox 340 4215 593 4272; x_wconf 73' lang='lat' dir='ltr'>trahitur</span> <span class='ocrx_word' id='word_1_506' title='bbox 621 4219 918 4273; x_wconf 78' lang='lat' dir='ltr'>exercitus.</span> 
     </span>
    </p>

    <p class='ocr_par' dir='ltr' id='par_1_17' title="bbox 196 4320 1771 4396">
     <span class='ocr_line' id='line_1_75' title="bbox 196 4320 1771 4396; baseline -0.001 -15"><span class='ocrx_word' id='word_1_507' title='bbox 196 4324 425 4381; x_wconf 86' lang='lat' dir='ltr'>Interea</span> <span class='ocrx_word' id='word_1_508' title='bbox 449 4324 724 4381; x_wconf 90' lang='lat' dir='ltr'>dominus</span> <span class='ocrx_word' id='word_1_509' title='bbox 755 4323 1071 4396; x_wconf 88' lang='lat' dir='ltr'>imperator</span> <span class='ocrx_word' id='word_1_510' title='bbox 1098 4322 1418 4391; x_wconf 90' lang='lat' dir='ltr'>Conradus,</span> <span class='ocrx_word' id='word_1_511' title='bbox 1438 4320 1771 4394; x_wconf 86' lang='lat' dir='ltr'>transjectis</span> 
     </span>
    </p>
   </div>
   <div class='ocr_carea' id='block_1_17' title="bbox 119 4411 1771 4486">
    <p class='ocr_par' dir='ltr' id='par_1_18' title="bbox 119 4411 1771 4486">
     <span class='ocr_line' id='line_1_76' title="bbox 119 4411 1771 4486; baseline -0.002 -15"><span class='ocrx_word' id='word_1_512' title='bbox 119 4412 591 4471; x_wconf 83' lang='lat' dir='ltr'>universistrans</span> <span class='ocrx_word' id='word_1_513' title='bbox 613 4412 1345 4486; x_wconf 88' lang='lat' dir='ltr'>Bosphorumlegionibus,</span> <span class='ocrx_word' id='word_1_514' title='bbox 1396 4427 1530 4469; x_wconf 90' lang='lat' dir='ltr'>cum</span> <span class='ocrx_word' id='word_1_515' title='bbox 1572 4411 1771 4483; x_wconf 85' lang='lat' dir='ltr'>paucis</span> 
     </span>
    </p>
   </div>
   <div class='ocr_carea' id='block_1_18' title="bbox 119 4502 1844 4576">
    <p class='ocr_par' dir='ltr' id='par_1_19' title="bbox 119 4502 1844 4576">
     <span class='ocr_line' id='line_1_77' title="bbox 119 4502 1844 4576; baseline -0.001 -15"><span class='ocrx_word' id='word_1_516' title='bbox 119 4509 179 4561; x_wconf 90' lang='lat' dir='ltr'>et</span> <span class='ocrx_word' id='word_1_517' title='bbox 212 4502 597 4561; x_wconf 75' lang='lat' dir='ltr'>familiaribus</span> <span class='ocrx_word' id='word_1_518' title='bbox 611 4504 919 4561; x_wconf 84' lang='lat' dir='ltr'>admodum</span> <span class='ocrx_word' id='word_1_519' title='bbox 953 4504 1337 4575; x_wconf 88' lang='lat' dir='ltr'>principibus,</span> <span class='ocrx_word' id='word_1_520' title='bbox 1363 4503 1764 4576; x_wconf 88' lang='lat' dir='ltr'>sumptaado·</span> <span class='ocrx_word' id='word_1_521' title='bbox 1794 4509 1844 4575; x_wconf 79' lang='lat' dir='ltr'>n</span> 
     </span>
    </p>
   </div>
   <div class='ocr_carea' id='block_1_19' title="bbox 114 4591 1767 5649">
    <p class='ocr_par' dir='ltr' id='par_1_20' title="bbox 114 4591 1767 5649">
     <span class='ocr_line' id='line_1_78' title="bbox 120 4591 1766 4665; baseline 0.001 -16"><span class='ocrx_word' id='word_1_522' title='bbox 120 4593 289 4649; x_wconf 81' lang='lat' dir='ltr'>mino</span> <span class='ocrx_word' id='word_1_523' title='bbox 316 4592 660 4665; x_wconf 89' lang='lat' dir='ltr'>imperatore</span> <span class='ocrx_word' id='word_1_524' title='bbox 679 4592 936 4661; x_wconf 88' lang='lat' dir='ltr'>licentia,</span> <span class='ocrx_word' id='word_1_525' title='bbox 956 4593 1185 4664; x_wconf 84' lang='lat' dir='ltr'>navigio</span> <span class='ocrx_word' id='word_1_526' title='bbox 1215 4592 1481 4650; x_wconf 90' lang='lat' dir='ltr'>eumdem</span> <span class='ocrx_word' id='word_1_527' title='bbox 1504 4591 1766 4664; x_wconf 86' lang='lat' dir='ltr'>Bospho-</span> 
     </span>
     <span class='ocr_line' id='line_1_79' title="bbox 118 4682 1766 4756; baseline 0 -15"><span class='ocrx_word' id='word_1_528' title='bbox 118 4699 256 4741; x_wconf 87' lang='lat' dir='ltr'>rum</span> <span class='ocrx_word' id='word_1_529' title='bbox 288 4698 589 4756; x_wconf 88' lang='lat' dir='ltr'>superans,</span> <span class='ocrx_word' id='word_1_530' title='bbox 621 4683 906 4740; x_wconf 86' lang='lat' dir='ltr'>exercitus</span> <span class='ocrx_word' id='word_1_531' title='bbox 936 4683 1228 4755; x_wconf 76' lang='lat' dir='ltr'>iterjubet</span> <span class='ocrx_word' id='word_1_532' title='bbox 1256 4682 1531 4755; x_wconf 87' lang='lat' dir='ltr'>arripere,</span> <span class='ocrx_word' id='word_1_533' title='bbox 1562 4683 1766 4741; x_wconf 87' lang='lat' dir='ltr'>consti-</span> 
     </span>
     <span class='ocr_line' id='line_1_80' title="bbox 117 4771 1759 4845; baseline 0.002 -16"><span class='ocrx_word' id='word_1_534' title='bbox 117 4773 264 4830; x_wconf 88' lang='lat' dir='ltr'>tutis</span> <span class='ocrx_word' id='word_1_535' title='bbox 295 4788 472 4842; x_wconf 87' lang='lat' dir='ltr'>super</span> <span class='ocrx_word' id='word_1_536' title='bbox 500 4771 766 4845; x_wconf 89' lang='lat' dir='ltr'>singulas</span> <span class='ocrx_word' id='word_1_537' title='bbox 796 4772 1049 4843; x_wconf 87' lang='lat' dir='ltr'>legiones</span> <span class='ocrx_word' id='word_1_538' title='bbox 1072 4771 1318 4845; x_wconf 88' lang='lat' dir='ltr'>singulis</span> <span class='ocrx_word' id='word_1_539' title='bbox 1350 4771 1710 4844; x_wconf 89' lang='lat' dir='ltr'>principibus</span> <span class='ocrx_word' id='word_1_540' title='bbox 1743 4790 1759 4832; x_wconf 72' lang='grc' dir='ltr'><strong>ε</strong></span> 
     </span>
     <span class='ocr_line' id='line_1_81' title="bbox 121 4860 1767 4935; baseline 0.002 -17"><span class='ocrx_word' id='word_1_541' title='bbox 121 4861 263 4918; x_wconf 89' lang='lat' dir='ltr'>inde</span> <span class='ocrx_word' id='word_1_542' title='bbox 275 4860 661 4932; x_wconf 88' lang='lat' dir='ltr'>relinquensa</span> <span class='ocrx_word' id='word_1_543' title='bbox 683 4862 822 4918; x_wconf 85' lang='lat' dir='ltr'>laeva</span> <span class='ocrx_word' id='word_1_544' title='bbox 837 4861 1117 4918; x_wconf 87' lang='lat' dir='ltr'>Galatiam</span> <span class='ocrx_word' id='word_1_545' title='bbox 1136 4866 1193 4918; x_wconf 89' lang='lat' dir='ltr'>et</span> <span class='ocrx_word' id='word_1_546' title='bbox 1219 4860 1767 4935; x_wconf 88' lang='lat' dir='ltr'>Paphlagoniam,et</span> 
     </span>
     <span class='ocr_line' id='line_1_82' title="bbox 120 4948 1765 5024; baseline 0.003 -19"><span class='ocrx_word' id='word_1_547' title='bbox 120 4953 438 5022; x_wconf 86' lang='lat' dir='ltr'>utrumque</span> <span class='ocrx_word' id='word_1_548' title='bbox 452 4950 723 5017; x_wconf 88' lang='lat' dir='ltr'>Pontum,</span> <span class='ocrx_word' id='word_1_549' title='bbox 749 4949 1011 5007; x_wconf 86' lang='lat' dir='ltr'>adextris</span> <span class='ocrx_word' id='word_1_550' title='bbox 1025 4965 1154 5006; x_wconf 89' lang='lat' dir='ltr'>vero</span> <span class='ocrx_word' id='word_1_551' title='bbox 1168 4948 1504 5023; x_wconf 73' lang='lat' dir='ltr'>Phrygiam,</span> <span class='ocrx_word' id='word_1_552' title='bbox 1525 4950 1765 5024; x_wconf 76' lang='lat' dir='ltr'>Lydiam</span> 
     </span>
     <span class='ocr_line' id='line_1_83' title="bbox 117 5037 1766 5113; baseline -0.002 -16"><span class='ocrx_word' id='word_1_553' title='bbox 117 5044 177 5097; x_wconf 88' lang='lat' dir='ltr'>et</span> <span class='ocrx_word' id='word_1_554' title='bbox 204 5038 402 5095; x_wconf 83' lang='lat' dir='ltr'>Asiam</span> <span class='ocrx_word' id='word_1_555' title='bbox 436 5039 745 5106; x_wconf 88' lang='lat' dir='ltr'>minorem,</span> <span class='ocrx_word' id='word_1_556' title='bbox 780 5055 882 5111; x_wconf 91' lang='lat' dir='ltr'>per</span> <span class='ocrx_word' id='word_1_557' title='bbox 912 5038 1166 5094; x_wconf 89' lang='lat' dir='ltr'>mediam</span> <span class='ocrx_word' id='word_1_558' title='bbox 1194 5037 1305 5094; x_wconf 89' lang='lat' dir='ltr'>iter</span> <span class='ocrx_word' id='word_1_559' title='bbox 1359 5054 1535 5111; x_wconf 86' lang='lat' dir='ltr'>agens</span> <span class='ocrx_word' id='word_1_560' title='bbox 1568 5039 1766 5113; x_wconf 76' lang='lat' dir='ltr'>Bithy-</span> 
     </span>
     <span class='ocr_line' id='line_1_84' title="bbox 116 5126 1765 5201; baseline -0.001 -14"><span class='ocrx_word' id='word_1_561' title='bbox 116 5130 301 5198; x_wconf 86' lang='lat' dir='ltr'>niam,</span> <span class='ocrx_word' id='word_1_562' title='bbox 326 5129 495 5200; x_wconf 81' lang='lat' dir='ltr'>juxta</span> <span class='ocrx_word' id='word_1_563' title='bbox 515 5129 780 5200; x_wconf 84' lang='lat' dir='ltr'>ejusdem</span> <span class='ocrx_word' id='word_1_564' title='bbox 814 5128 1068 5201; x_wconf 88' lang='lat' dir='ltr'>regionis</span> <span class='ocrx_word' id='word_1_565' title='bbox 1101 5126 1463 5197; x_wconf 86' lang='lat' dir='ltr'>metropolim</span> <span class='ocrx_word' id='word_1_566' title='bbox 1496 5126 1765 5185; x_wconf 85' lang='lat' dir='ltr'>Nicome-</span> 
     </span>
     <span class='ocr_line' id='line_1_85' title="bbox 116 5215 1765 5289; baseline 0 -14"><span class='ocrx_word' id='word_1_567' title='bbox 116 5220 302 5287; x_wconf 88' lang='lat' dir='ltr'>diam,</span> <span class='ocrx_word' id='word_1_568' title='bbox 364 5217 638 5289; x_wconf 81' lang='lat' dir='ltr'>Nicaeam,</span> <span class='ocrx_word' id='word_1_569' title='bbox 693 5217 791 5274; x_wconf 90' lang='lat' dir='ltr'>ubi</span> <span class='ocrx_word' id='word_1_570' title='bbox 848 5222 1236 5274; x_wconf 90' lang='lat' dir='ltr'>trecentorum</span> <span class='ocrx_word' id='word_1_571' title='bbox 1296 5215 1493 5271; x_wconf 89' lang='lat' dir='ltr'>decem</span> <span class='ocrx_word' id='word_1_572' title='bbox 1533 5220 1592 5273; x_wconf 90' lang='lat' dir='ltr'>et</span> <span class='ocrx_word' id='word_1_573' title='bbox 1637 5220 1765 5276; x_wconf 90' lang='lat' dir='ltr'>octo</span> 
     </span>
     <span class='ocr_line' id='line_1_86' title="bbox 115 5305 1764 5383; baseline -0.001 -16"><span class='ocrx_word' id='word_1_574' title='bbox 115 5314 453 5368; x_wconf 85' lang='lat' dir='ltr'>sanctorum</span> <span class='ocrx_word' id='word_1_575' title='bbox 487 5311 748 5379; x_wconf 78' lang='lat' dir='ltr'>Petrum,</span> <span class='ocrx_word' id='word_1_576' title='bbox 768 5310 1130 5383; x_wconf 88' lang='lat' dir='ltr'>temporibus</span> <span class='ocrx_word' id='word_1_577' title='bbox 1144 5305 1764 5380; x_wconf 85' lang='lat' dir='ltr'>dominiGonstantini,</span> 
     </span>
     <span class='ocr_line' id='line_1_87' title="bbox 114 5397 1766 5471; baseline -0.001 -14"><span class='ocrx_word' id='word_1_578' title='bbox 114 5400 396 5458; x_wconf 81' lang='lat' dir='ltr'>adversus</span> <span class='ocrx_word' id='word_1_579' title='bbox 427 5397 678 5454; x_wconf 77' lang='lat' dir='ltr'>infelicis</span> <span class='ocrx_word' id='word_1_580' title='bbox 729 5398 849 5456; x_wconf 83' lang='lat' dir='ltr'>Arii</span> <span class='ocrx_word' id='word_1_581' title='bbox 910 5398 1092 5471; x_wconf 89' lang='lat' dir='ltr'>impia</span> <span class='ocrx_word' id='word_1_582' title='bbox 1142 5399 1439 5470; x_wconf 85' lang='lat' dir='ltr'>dogmata,</span> <span class='ocrx_word' id='word_1_583' title='bbox 1496 5398 1766 5456; x_wconf 87' lang='lat' dir='ltr'>convenit</span> 
     </span>
     <span class='ocr_line' id='line_1_88' title="bbox 115 5483 1763 5564; baseline 0 -18"><span class='ocrx_word' id='word_1_584' title='bbox 115 5488 403 5564; x_wconf 77' lang='lat' dir='ltr'>synodus,</span> <span class='ocrx_word' id='word_1_585' title='bbox 435 5502 470 5543; x_wconf 90' lang='lat' dir='ltr'>a</span> <span class='ocrx_word' id='word_1_586' title='bbox 499 5486 716 5545; x_wconf 82' lang='lat' dir='ltr'>dextris</span> <span class='ocrx_word' id='word_1_587' title='bbox 745 5490 1035 5559; x_wconf 85' lang='lat' dir='ltr'>deserens,</span> <span class='ocrx_word' id='word_1_588' title='bbox 1060 5490 1239 5544; x_wconf 90' lang='lat' dir='ltr'>totam</span> <span class='ocrx_word' id='word_1_589' title='bbox 1269 5483 1425 5543; x_wconf 89' lang='lat' dir='ltr'>illam</span> <span class='ocrx_word' id='word_1_590' title='bbox 1455 5488 1763 5546; x_wconf 86' lang='lat' dir='ltr'>transcur-</span> 
     </span>
     <span class='ocr_line' id='line_1_89' title="bbox 115 5573 1763 5649; baseline 0.001 -13"><span class='ocrx_word' id='word_1_591' title='bbox 115 5578 197 5636; x_wconf 86' lang='lat' dir='ltr'>rit</span> <span class='ocrx_word' id='word_1_592' title='bbox 218 5576 542 5649; x_wconf 83' lang='lat' dir='ltr'>regionem.</span> <span class='ocrx_word' id='word_1_593' title='bbox 565 5576 708 5635; x_wconf 88' lang='lat' dir='ltr'>Inde</span> <span class='ocrx_word' id='word_1_594' title='bbox 736 5576 1089 5648; x_wconf 86' lang='lat' dir='ltr'>Lieaoniam,</span> <span class='ocrx_word' id='word_1_595' title='bbox 1110 5573 1284 5648; x_wconf 76' lang='lat' dir='ltr'>cujus</span> <span class='ocrx_word' id='word_1_596' title='bbox 1312 5573 1648 5649; x_wconf 83' lang='lat' dir='ltr'>metropolis</span> <span class='ocrx_word' id='word_1_597' title='bbox 1672 5581 1763 5637; x_wconf 83' lang='lat' dir='ltr'>est</span> 
     </span>
    </p>
   </div>
   <div class='ocr_carea' id='block_1_20' title="bbox 1893 3247 3539 3416">
    <p class='ocr_par' dir='ltr' id='par_1_21' title="bbox 1893 3247 3539 3416">
     <span class='ocr_line' id='line_1_90' title="bbox 1893 3247 3538 3331; baseline -0.007 -16"><span class='ocrx_word' id='word_1_598' title='bbox 1893 3274 1984 3315; x_wconf 90' lang='lat' dir='ltr'>me</span> <span class='ocrx_word' id='word_1_599' title='bbox 2012 3257 2190 3331; x_wconf 86' lang='lat' dir='ltr'>quod.</span> <span class='ocrx_word' id='word_1_600' title='bbox 2222 3260 2535 3328; x_wconf 80' lang='lat' dir='ltr'>praetaxato</span> <span class='ocrx_word' id='word_1_601' title='bbox 2558 3268 2878 3326; x_wconf 88' lang='lat' dir='ltr'>paucorum</span> <span class='ocrx_word' id='word_1_602' title='bbox 2908 3250 3135 3309; x_wconf 90' lang='lat' dir='ltr'>dierum</span> <span class='ocrx_word' id='word_1_603' title='bbox 3193 3247 3405 3307; x_wconf 81' lang='lat' dir='ltr'>effluxo</span> <span class='ocrx_word' id='word_1_604' title='bbox 3428 3263 3538 3304; x_wconf 88' lang='lat' dir='ltr'>nu·</span> 
     </span>
     <span class='ocr_line' id='line_1_91' title="bbox 1893 3340 3539 3416; baseline -0.008 -10"><span class='ocrx_word' id='word_1_605' title='bbox 1893 3364 2075 3416; x_wconf 87' lang='lat' dir='ltr'>merc,</span> <span class='ocrx_word' id='word_1_606' title='bbox 2105 3347 2178 3404; x_wconf 90' lang='lat' dir='ltr'>ad</span> <span class='ocrx_word' id='word_1_607' title='bbox 2201 3345 2462 3402; x_wconf 90' lang='lat' dir='ltr'>Iconium</span> <span class='ocrx_word' id='word_1_608' title='bbox 2495 3344 2699 3402; x_wconf 88' lang='lat' dir='ltr'>urbem</span> <span class='ocrx_word' id='word_1_609' title='bbox 2724 3340 3264 3398; x_wconf 86' lang='lat' dir='ltr'>nominatissimam</span> <span class='ocrx_word' id='word_1_610' title='bbox 3299 3353 3539 3409; x_wconf 89' lang='lat' dir='ltr'>perven-</span> 
     </span>
    </p>
   </div>
   <div class='ocr_carea' id='block_1_21' title="bbox 1877 3429 3538 4490">
    <p class='ocr_par' dir='ltr' id='par_1_22' title="bbox 1877 3429 3538 4490">
     <span class='ocr_line' id='line_1_92' title="bbox 1890 3429 3538 3502; baseline -0.007 -8"><span class='ocrx_word' id='word_1_611' title='bbox 1890 3442 2061 3494; x_wconf 89' lang='lat' dir='ltr'>turus</span> <span class='ocrx_word' id='word_1_612' title='bbox 2083 3441 2233 3494; x_wconf 88' lang='lat' dir='ltr'>esset</span> <span class='ocrx_word' id='word_1_613' title='bbox 2262 3433 2571 3500; x_wconf 81' lang='lat' dir='ltr'>exercitus,</span> <span class='ocrx_word' id='word_1_614' title='bbox 2601 3438 2658 3488; x_wconf 88' lang='lat' dir='ltr'>et</span> <span class='ocrx_word' id='word_1_615' title='bbox 2688 3431 2747 3486; x_wconf 91' lang='lat' dir='ltr'>in</span> <span class='ocrx_word' id='word_1_616' title='bbox 2784 3431 3080 3502; x_wconf 86' lang='lat' dir='ltr'>regionem</span> <span class='ocrx_word' id='word_1_617' title='bbox 3139 3429 3448 3501; x_wconf 89' lang='lat' dir='ltr'>optimam,</span> <span class='ocrx_word' id='word_1_618' title='bbox 3479 3430 3538 3483; x_wconf 90' lang='lat' dir='ltr'>et</span> 
     </span>
     <span class='ocr_line' id='line_1_93' title="bbox 1890 3515 3537 3584; baseline -0.007 -1"><span class='ocrx_word' id='word_1_619' title='bbox 1890 3523 2410 3584; x_wconf 85' lang='lat' dir='ltr'>commoditatibus</span> <span class='ocrx_word' id='word_1_620' title='bbox 2446 3521 3318 3578; x_wconf 79' lang='lat' dir='ltr'>redundantemconscensurus.</span> <span class='ocrx_word' id='word_1_621' title='bbox 3335 3515 3537 3572; x_wconf 86' lang='lat' dir='ltr'>llliau-</span> 
     </span>
     <span class='ocr_line' id='line_1_94' title="bbox 1889 3604 3535 3683; baseline -0.009 -9"><span class='ocrx_word' id='word_1_622' title='bbox 1889 3619 2008 3674; x_wconf 84' lang='lat' dir='ltr'>tem</span> <span class='ocrx_word' id='word_1_623' title='bbox 2040 3615 2194 3670; x_wconf 89' lang='lat' dir='ltr'>dicto</span> <span class='ocrx_word' id='word_1_624' title='bbox 2227 3619 2517 3683; x_wconf 89' lang='lat' dir='ltr'>parentes,</span> <span class='ocrx_word' id='word_1_625' title='bbox 2550 3624 2777 3677; x_wconf 89' lang='lat' dir='ltr'>currus,</span> <span class='ocrx_word' id='word_1_626' title='bbox 2828 3608 3104 3677; x_wconf 89' lang='lat' dir='ltr'>jumenta</span> <span class='ocrx_word' id='word_1_627' title='bbox 3147 3610 3205 3661; x_wconf 92' lang='lat' dir='ltr'>et</span> <span class='ocrx_word' id='word_1_628' title='bbox 3259 3604 3535 3676; x_wconf 65' lang='lat' dir='ltr'>quaslibet</span> 
     </span>
     <span class='ocr_line' id='line_1_95' title="bbox 1886 3691 3529 3762; baseline -0.01 -1"><span class='ocrx_word' id='word_1_629' title='bbox 1886 3700 2154 3761; x_wconf 86' lang='lat' dir='ltr'>vehicula</span> <span class='ocrx_word' id='word_1_630' title='bbox 2167 3698 2523 3758; x_wconf 87' lang='lat' dir='ltr'>victualibus</span> <span class='ocrx_word' id='word_1_631' title='bbox 2535 3705 2864 3762; x_wconf 87' lang='lat' dir='ltr'>onerantes,</span> <span class='ocrx_word' id='word_1_632' title='bbox 2878 3695 2962 3751; x_wconf 89' lang='lat' dir='ltr'>eis</span> <span class='ocrx_word' id='word_1_633' title='bbox 2979 3695 3255 3750; x_wconf 87' lang='lat' dir='ltr'>habentes</span> <span class='ocrx_word' id='word_1_634' title='bbox 3269 3691 3529 3761; x_wconf 77' lang='lat' dir='ltr'>fldem,in</span> 
     </span>
     <span class='ocr_line' id='line_1_96' title="bbox 1886 3778 3529 3864; baseline -0.009 -14"><span class='ocrx_word' id='word_1_635' title='bbox 1886 3790 2258 3864; x_wconf 86' lang='lat' dir='ltr'>simplicitate</span> <span class='ocrx_word' id='word_1_636' title='bbox 2290 3786 2533 3860; x_wconf 89' lang='lat' dir='ltr'>spiritus</span> <span class='ocrx_word' id='word_1_637' title='bbox 2547 3785 2638 3842; x_wconf 86' lang='lat' dir='ltr'>sui</span> <span class='ocrx_word' id='word_1_638' title='bbox 2654 3778 3529 3855; x_wconf 80' lang='lat' dir='ltr'>secutisuntproecedentes.Ve-</span> 
     </span>
     <span class='ocr_line' id='line_1_97' title="bbox 1887 3870 3526 3939; baseline -0.009 0"><span class='ocrx_word' id='word_1_639' title='bbox 1887 3897 2020 3939; x_wconf 90' lang='lat' dir='ltr'>rum</span> <span class='ocrx_word' id='word_1_640' title='bbox 2054 3877 2450 3937; x_wconf 81' lang='lat' dir='ltr'>Graeciinnata</span> <span class='ocrx_word' id='word_1_641' title='bbox 2469 3873 2817 3936; x_wconf 81' lang='lat' dir='ltr'>nsimelitia.</span> <span class='ocrx_word' id='word_1_642' title='bbox 2844 3877 3193 3931; x_wconf 88' lang='lat' dir='ltr'>etconsueto</span> <span class='ocrx_word' id='word_1_643' title='bbox 3216 3870 3274 3926; x_wconf 88' lang='lat' dir='ltr'>in</span> <span class='ocrx_word' id='word_1_644' title='bbox 3298 3872 3526 3926; x_wconf 86' lang='lat' dir='ltr'>nostros</span> 
     </span>
     <span class='ocr_line' id='line_1_98' title="bbox 1885 3957 3523 4038; baseline -0.009 -9"><span class='ocrx_word' id='word_1_645' title='bbox 1885 3969 2041 4029; x_wconf 91' lang='lat' dir='ltr'>ducti</span> <span class='ocrx_word' id='word_1_646' title='bbox 2064 3968 2219 4038; x_wconf 90' lang='lat' dir='ltr'>odio,</span> <span class='ocrx_word' id='word_1_647' title='bbox 2237 3967 2361 4023; x_wconf 90' lang='lat' dir='ltr'>sive</span> <span class='ocrx_word' id='word_1_648' title='bbox 2389 3965 2747 4022; x_wconf 88' lang='lat' dir='ltr'>demandato</span> <span class='ocrx_word' id='word_1_649' title='bbox 2762 3958 3250 4030; x_wconf 80' lang='lat' dir='ltr'>dominisui,sive</span> <span class='ocrx_word' id='word_1_650' title='bbox 3265 3957 3523 4018; x_wconf 89' lang='lat' dir='ltr'>bostium</span> 
     </span>
     <span class='ocr_line' id='line_1_99' title="bbox 1882 4046 3526 4131; baseline -0.009 -14"><span class='ocrx_word' id='word_1_651' title='bbox 1882 4058 2140 4130; x_wconf 89' lang='lat' dir='ltr'>corrupti</span> <span class='ocrx_word' id='word_1_652' title='bbox 2172 4055 2441 4131; x_wconf 88' lang='lat' dir='ltr'>pecunia,</span> <span class='ocrx_word' id='word_1_653' title='bbox 2475 4053 2735 4111; x_wconf 87' lang='lat' dir='ltr'>studiose</span> <span class='ocrx_word' id='word_1_654' title='bbox 2763 4060 2817 4109; x_wconf 89' lang='lat' dir='ltr'>et</span> <span class='ocrx_word' id='word_1_655' title='bbox 2840 4067 2910 4108; x_wconf 82' lang='lat' dir='ltr'>ex</span> <span class='ocrx_word' id='word_1_656' title='bbox 2931 4050 3225 4108; x_wconf 87' lang='lat' dir='ltr'>industria</span> <span class='ocrx_word' id='word_1_657' title='bbox 3240 4064 3342 4121; x_wconf 87' lang='lat' dir='ltr'>per</span> <span class='ocrx_word' id='word_1_658' title='bbox 3361 4046 3526 4104; x_wconf 83' lang='lat' dir='ltr'>devia</span> 
     </span>
     <span class='ocr_line' id='line_1_100' title="bbox 1881 4137 3526 4223; baseline -0.008 -18"><span class='ocrx_word' id='word_1_659' title='bbox 1881 4151 2185 4223; x_wconf 82' lang='lat' dir='ltr'>coeperunt</span> <span class='ocrx_word' id='word_1_660' title='bbox 2211 4144 2440 4203; x_wconf 90' lang='lat' dir='ltr'>trahere</span> <span class='ocrx_word' id='word_1_661' title='bbox 2467 4143 2774 4215; x_wconf 81' lang='lat' dir='ltr'>legiones;</span> <span class='ocrx_word' id='word_1_662' title='bbox 2821 4147 2877 4199; x_wconf 90' lang='lat' dir='ltr'>et</span> <span class='ocrx_word' id='word_1_663' title='bbox 2929 4141 2988 4197; x_wconf 88' lang='lat' dir='ltr'>in</span> <span class='ocrx_word' id='word_1_664' title='bbox 3036 4156 3105 4197; x_wconf 86' lang='lat' dir='ltr'>ea</span> <span class='ocrx_word' id='word_1_665' title='bbox 3159 4137 3526 4195; x_wconf 85' lang='lat' dir='ltr'>introducere</span> 
     </span>
     <span class='ocr_line' id='line_1_101' title="bbox 1877 4226 3526 4311; baseline -0.008 -15"><span class='ocrx_word' id='word_1_666' title='bbox 1877 4238 2026 4307; x_wconf 87' lang='lat' dir='ltr'>loca,</span> <span class='ocrx_word' id='word_1_667' title='bbox 2050 4236 2265 4311; x_wconf 88' lang='lat' dir='ltr'>quibus</span> <span class='ocrx_word' id='word_1_668' title='bbox 2297 4233 2576 4309; x_wconf 89' lang='lat' dir='ltr'>populum</span> <span class='ocrx_word' id='word_1_669' title='bbox 2605 4231 2934 4302; x_wconf 89' lang='lat' dir='ltr'>simplicem</span> <span class='ocrx_word' id='word_1_670' title='bbox 2981 4231 3166 4301; x_wconf 87' lang='lat' dir='ltr'>major</span> <span class='ocrx_word' id='word_1_671' title='bbox 3222 4228 3386 4284; x_wconf 83' lang='lat' dir='ltr'>fieret</span> <span class='ocrx_word' id='word_1_672' title='bbox 3411 4226 3526 4283; x_wconf 88' lang='lat' dir='ltr'>ho-</span> 
     </span>
     <span class='ocr_line' id='line_1_102' title="bbox 1877 4317 3526 4398; baseline -0.008 -13"><span class='ocrx_word' id='word_1_673' title='bbox 1877 4328 2069 4384; x_wconf 88' lang='lat' dir='ltr'>stibus</span> <span class='ocrx_word' id='word_1_674' title='bbox 2098 4324 2466 4398; x_wconf 87' lang='lat' dir='ltr'>opprimendi</span> <span class='ocrx_word' id='word_1_675' title='bbox 2512 4327 2568 4380; x_wconf 90' lang='lat' dir='ltr'>et</span> <span class='ocrx_word' id='word_1_676' title='bbox 2621 4319 2994 4394; x_wconf 83' lang='lat' dir='ltr'>expugnandi</span> <span class='ocrx_word' id='word_1_677' title='bbox 3040 4318 3227 4393; x_wconf 89' lang='lat' dir='ltr'>copia,</span> <span class='ocrx_word' id='word_1_678' title='bbox 3258 4321 3316 4376; x_wconf 87' lang='lat' dir='ltr'>et</span> <span class='ocrx_word' id='word_1_679' title='bbox 3349 4317 3526 4390; x_wconf 88' lang='lat' dir='ltr'>longe</span> 
     </span>
     <span class='ocr_line' id='line_1_103' title="bbox 1877 4410 3056 4490; baseline -0.008 -14"><span class='ocrx_word' id='word_1_680' title='bbox 1877 4416 2126 4490; x_wconf 88' lang='lat' dir='ltr'>amplior</span> <span class='ocrx_word' id='word_1_681' title='bbox 2157 4413 2587 4474; x_wconf 86' lang='lat' dir='ltr'>ministraretur</span> <span class='ocrx_word' id='word_1_682' title='bbox 2634 4410 3056 4484; x_wconf 76' lang='lat' dir='ltr'>opportunitas.</span> 
     </span>
    </p>
   </div>
   <div class='ocr_carea' id='block_1_22' title="bbox 1869 4518 3519 5647">
    <p class='ocr_par' dir='ltr' id='par_1_23' title="bbox 1872 4518 3519 4816">
     <span class='ocr_line' id='line_1_104' title="bbox 2496 4518 2899 4578; baseline -0.015 0"><span class='ocrx_word' id='word_1_683' title='bbox 2496 4519 2731 4578; x_wconf 87' lang='lat' dir='ltr'>CAPUT</span> <span class='ocrx_word' id='word_1_684' title='bbox 2755 4518 2899 4576; x_wconf 86' lang='lat' dir='ltr'>xx1.</span> 
     </span>
     <span class='ocr_line' id='line_1_105' title="bbox 1872 4603 3519 4681; baseline -0.009 -6"><span class='ocrx_word' id='word_1_685' title='bbox 1872 4618 2174 4675; x_wconf 62' lang='lat' dir='ltr'>absentant</span> <span class='ocrx_word' id='word_1_686' title='bbox 2200 4628 2259 4669; x_wconf 73' lang='lat' dir='ltr'>se</span> <span class='ocrx_word' id='word_1_687' title='bbox 2280 4611 2578 4676; x_wconf 73' lang='lat' dir='ltr'>molitione,</span> <span class='ocrx_word' id='word_1_688' title='bbox 2613 4611 2715 4681; x_wconf 79' lang='lat' dir='ltr'>qui</span> <span class='ocrx_word' id='word_1_689' title='bbox 2759 4610 2878 4681; x_wconf 74' lang='lat' dir='ltr'>ejus</span> <span class='ocrx_word' id='word_1_690' title='bbox 2932 4605 3230 4674; x_wconf 69' lang='lat' dir='ltr'>ever-citui,</span> <span class='ocrx_word' id='word_1_691' title='bbox 3252 4622 3286 4660; x_wconf 85' lang='lat' dir='ltr'>a</span> <span class='ocrx_word' id='word_1_692' title='bbox 3334 4603 3519 4661; x_wconf 70' lang='lat' dir='ltr'>Graeco</span> 
     </span>
     <span class='ocr_line' id='line_1_106' title="bbox 1945 4677 3519 4759; baseline -0.011 -13"><span class='ocrx_word' id='word_1_693' title='bbox 1945 4690 2277 4759; x_wconf 79' lang='lat' dir='ltr'>imperatore</span> <span class='ocrx_word' id='word_1_694' title='bbox 2301 4683 2462 4740; x_wconf 72' lang='lat' dir='ltr'>duces</span> <span class='ocrx_word' id='word_1_695' title='bbox 2491 4687 2652 4738; x_wconf 81' lang='lat' dir='ltr'>erant</span> <span class='ocrx_word' id='word_1_696' title='bbox 2678 4681 2801 4737; x_wconf 77' lang='lat' dir='ltr'>dati</span> <span class='ocrx_word' id='word_1_697' title='bbox 2824 4694 2845 4735; x_wconf 94' lang='lat'>.·</span> <span class='ocrx_word' id='word_1_698' title='bbox 2874 4684 2926 4736; x_wconf 84' lang='lat' dir='ltr'>et</span> <span class='ocrx_word' id='word_1_699' title='bbox 2961 4677 3313 4750; x_wconf 75' lang='lat' dir='ltr'>periclitatur</span> <span class='ocrx_word' id='word_1_700' title='bbox 3339 4679 3519 4747; x_wconf 83' lang='lat' dir='ltr'>impe-</span> 
     </span>
     <span class='ocr_line' id='line_1_107' title="bbox 1951 4756 2508 4816; baseline -0.013 0"><span class='ocrx_word' id='word_1_701' title='bbox 1951 4759 2158 4816; x_wconf 74' lang='lat' dir='ltr'>ratoris</span> <span class='ocrx_word' id='word_1_702' title='bbox 2203 4756 2508 4813; x_wconf 74' lang='lat' dir='ltr'>exercilus.</span> 
     </span>
    </p>

    <p class='ocr_par' dir='ltr' id='par_1_24' title="bbox 1869 4854 3519 5647">
     <span class='ocr_line' id='line_1_108' title="bbox 1945 4854 3516 4937; baseline -0.006 -16"><span class='ocrx_word' id='word_1_703' title='bbox 1945 4864 2266 4937; x_wconf 87' lang='lat' dir='ltr'>Imperator</span> <span class='ocrx_word' id='word_1_704' title='bbox 2291 4876 2427 4917; x_wconf 81' lang='lat' dir='ltr'>vero</span> <span class='ocrx_word' id='word_1_705' title='bbox 2457 4858 2660 4916; x_wconf 86' lang='lat' dir='ltr'>videns</span> <span class='ocrx_word' id='word_1_706' title='bbox 2690 4856 2920 4914; x_wconf 89' lang='lat' dir='ltr'>dierum</span> <span class='ocrx_word' id='word_1_707' title='bbox 2982 4857 3360 4928; x_wconf 81' lang='lat' dir='ltr'>praetaxatum</span> <span class='ocrx_word' id='word_1_708' title='bbox 3390 4854 3516 4924; x_wconf 76' lang='lat' dir='ltr'>Jam</span> 
     </span>
     <span class='ocr_line' id='line_1_109' title="bbox 1873 4943 3519 5019; baseline -0.007 -9"><span class='ocrx_word' id='word_1_709' title='bbox 1873 4952 2535 5016; x_wconf 82' lang='lat' dir='ltr'>effluxissenumerum,</span> <span class='ocrx_word' id='word_1_710' title='bbox 2552 4945 3024 5019; x_wconf 85' lang='lat' dir='ltr'>etexpeditiones</span> <span class='ocrx_word' id='word_1_711' title='bbox 3048 4944 3309 5000; x_wconf 86' lang='lat' dir='ltr'>nondum</span> <span class='ocrx_word' id='word_1_712' title='bbox 3332 4943 3402 5000; x_wconf 85' lang='lat' dir='ltr'>ad</span> <span class='ocrx_word' id='word_1_713' title='bbox 3418 4960 3519 5017; x_wconf 91' lang='lat' dir='ltr'>op-</span> 
     </span>
     <span class='ocr_line' id='line_1_110' title="bbox 1873 5031 3519 5111; baseline -0.007 -12"><span class='ocrx_word' id='word_1_714' title='bbox 1873 5046 2062 5099; x_wconf 89' lang='lat' dir='ltr'>tatum</span> <span class='ocrx_word' id='word_1_715' title='bbox 2093 5042 2150 5096; x_wconf 87' lang='lat' dir='ltr'>et</span> <span class='ocrx_word' id='word_1_716' title='bbox 2180 5035 2535 5111; x_wconf 89' lang='lat' dir='ltr'>promissum</span> <span class='ocrx_word' id='word_1_717' title='bbox 2568 5033 2900 5107; x_wconf 88' lang='lat' dir='ltr'>pervenisse</span> <span class='ocrx_word' id='word_1_718' title='bbox 2928 5031 3144 5100; x_wconf 91' lang='lat' dir='ltr'>locum,</span> <span class='ocrx_word' id='word_1_719' title='bbox 3174 5031 3399 5088; x_wconf 86' lang='lat' dir='ltr'>viarum</span> <span class='ocrx_word' id='word_1_720' title='bbox 3413 5033 3519 5088; x_wconf 92' lang='lat' dir='ltr'>du-</span> 
     </span>
     <span class='ocr_line' id='line_1_111' title="bbox 1872 5109 3519 5197; baseline -0.005 -9"><span class='ocrx_word' id='word_1_721' title='bbox 1872 5147 1967 5188; x_wconf 87' lang='lat' dir='ltr'>ces</span> <span class='ocrx_word' id='word_1_722' title='bbox 1995 5130 2224 5188; x_wconf 78' lang='lat' dir='ltr'>Graecos</span> <span class='ocrx_word' id='word_1_723' title='bbox 2260 5125 2532 5183; x_wconf 87' lang='lat' dir='ltr'>accersiri</span> <span class='ocrx_word' id='word_1_724' title='bbox 2570 5125 2763 5197; x_wconf 86' lang='lat' dir='ltr'>jubet,</span> <span class='ocrx_word' id='word_1_725' title='bbox 2793 5109 2850 5180; x_wconf 84' lang='lat' dir='ltr'>et</span> <span class='ocrx_word' id='word_1_726' title='bbox 2906 5138 3102 5180; x_wconf 89' lang='lat' dir='ltr'>coram</span> <span class='ocrx_word' id='word_1_727' title='bbox 3159 5121 3519 5194; x_wconf 84' lang='lat' dir='ltr'>principibus</span> 
     </span>
     <span class='ocr_line' id='line_1_112' title="bbox 1872 5210 3518 5287; baseline -0.009 -9"><span class='ocrx_word' id='word_1_728' title='bbox 1872 5219 2000 5278; x_wconf 83' lang='lat' dir='ltr'>suis</span> <span class='ocrx_word' id='word_1_729' title='bbox 2058 5219 2415 5287; x_wconf 80' lang='lat' dir='ltr'>interrogare</span> <span class='ocrx_word' id='word_1_730' title='bbox 2474 5214 2649 5287; x_wconf 83' lang='lat' dir='ltr'>coepit</span> <span class='ocrx_word' id='word_1_731' title='bbox 2707 5211 3045 5285; x_wconf 88' lang='lat' dir='ltr'>diligentius</span> <span class='ocrx_word' id='word_1_732' title='bbox 3075 5228 3090 5268; x_wconf 71' lang='grc' dir='ltr'><strong>ε</strong></span> <span class='ocrx_word' id='word_1_733' title='bbox 3138 5210 3420 5280; x_wconf 80' lang='lat' dir='ltr'>Quidnam</span> <span class='ocrx_word' id='word_1_734' title='bbox 3446 5211 3518 5280; x_wconf 63' lang='lat' dir='ltr'>sig</span> 
     </span>
     <span class='ocr_line' id='line_1_113' title="bbox 1871 5299 3516 5384; baseline -0.007 -17"><span class='ocrx_word' id='word_1_735' title='bbox 1871 5307 2013 5384; x_wconf 80' lang='lat' dir='ltr'>quod</span> <span class='ocrx_word' id='word_1_736' title='bbox 2041 5303 2403 5378; x_wconf 81' lang='lat' dir='ltr'>amplioribus</span> <span class='ocrx_word' id='word_1_737' title='bbox 2415 5304 2539 5376; x_wconf 85' lang='lat' dir='ltr'>jam</span> <span class='ocrx_word' id='word_1_738' title='bbox 2560 5301 2749 5360; x_wconf 74' lang='lat' dir='ltr'>diebus</span> <span class='ocrx_word' id='word_1_739' title='bbox 2788 5318 2952 5375; x_wconf 80' lang='lat' dir='ltr'>quam</span> <span class='ocrx_word' id='word_1_740' title='bbox 2981 5302 3086 5373; x_wconf 80' lang='lat' dir='ltr'>ipsi</span> <span class='ocrx_word' id='word_1_741' title='bbox 3125 5300 3195 5355; x_wconf 84' lang='lat' dir='ltr'>ab</span> <span class='ocrx_word' id='word_1_742' title='bbox 3218 5300 3382 5355; x_wconf 78' lang='lat' dir='ltr'>initio</span> <span class='ocrx_word' id='word_1_743' title='bbox 3410 5299 3516 5355; x_wconf 84' lang='lat' dir='ltr'>de-</span> 
     </span>
     <span class='ocr_line' id='line_1_114' title="bbox 1869 5388 3517 5472; baseline -0.005 -17"><span class='ocrx_word' id='word_1_744' title='bbox 1869 5399 2170 5472; x_wconf 75' lang='lat' dir='ltr'>putassent,</span> <span class='ocrx_word' id='word_1_745' title='bbox 2199 5395 2345 5451; x_wconf 83' lang='lat' dir='ltr'>viam</span> <span class='ocrx_word' id='word_1_746' title='bbox 2382 5401 2618 5463; x_wconf 75' lang='lat' dir='ltr'>caeptam</span> <span class='ocrx_word' id='word_1_747' title='bbox 2672 5392 2928 5448; x_wconf 74' lang='lat' dir='ltr'>tenuisset</span> <span class='ocrx_word' id='word_1_748' title='bbox 2975 5391 3267 5458; x_wconf 75' lang='lat' dir='ltr'>exercitus,</span> <span class='ocrx_word' id='word_1_749' title='bbox 3310 5403 3410 5446; x_wconf 80' lang='lat' dir='ltr'>noc</span> <span class='ocrx_word' id='word_1_750' title='bbox 3435 5388 3517 5446; x_wconf 78' lang='lat' dir='ltr'>ad</span> 
     </span>
     <span class='ocr_line' id='line_1_115' title="bbox 1872 5477 3515 5559; baseline -0.006 -15"><span class='ocrx_word' id='word_1_751' title='bbox 1872 5488 2054 5546; x_wconf 75' lang='lat' dir='ltr'>locum</span> <span class='ocrx_word' id='word_1_752' title='bbox 2070 5485 2400 5559; x_wconf 71' lang='lat' dir='ltr'>pervenisset</span> <span class='ocrx_word' id='word_1_753' title='bbox 2426 5482 2758 5540; x_wconf 73' lang='lat' dir='ltr'>constituti?</span> <span class='ocrx_word' id='word_1_754' title='bbox 2784 5480 2874 5539; x_wconf 88' lang='lat' dir='ltr'>llli</span> <span class='ocrx_word' id='word_1_755' title='bbox 2901 5483 3095 5537; x_wconf 88' lang='lat' dir='ltr'>autem</span> <span class='ocrx_word' id='word_1_756' title='bbox 3126 5478 3200 5536; x_wconf 86' lang='lat' dir='ltr'>ad</span> <span class='ocrx_word' id='word_1_757' title='bbox 3230 5477 3405 5535; x_wconf 83' lang='lat' dir='ltr'>solita</span> <span class='ocrx_word' id='word_1_758' title='bbox 3424 5492 3515 5535; x_wconf 89' lang='lat' dir='ltr'>re-</span> 
     </span>
     <span class='ocr_line' id='line_1_116' title="bbox 1871 5567 3515 5647; baseline -0.006 -11"><span class='ocrx_word' id='word_1_759' title='bbox 1871 5578 2176 5636; x_wconf 83' lang='lat' dir='ltr'>currentes</span> <span class='ocrx_word' id='word_1_760' title='bbox 2205 5573 2506 5647; x_wconf 85' lang='lat' dir='ltr'>flgmenta,</span> <span class='ocrx_word' id='word_1_761' title='bbox 2537 5572 2800 5631; x_wconf 73' lang='lat' dir='ltr'>futurum</span> <span class='ocrx_word' id='word_1_762' title='bbox 2838 5584 2969 5628; x_wconf 86' lang='lat' dir='ltr'>esse</span> <span class='ocrx_word' id='word_1_763' title='bbox 3023 5567 3227 5626; x_wconf 83' lang='lat' dir='ltr'>dieunt</span> <span class='ocrx_word' id='word_1_764' title='bbox 3280 5571 3339 5626; x_wconf 89' lang='lat' dir='ltr'>et</span> <span class='ocrx_word' id='word_1_765' title='bbox 3364 5582 3515 5627; x_wconf 87' lang='lat' dir='ltr'>con-</span> 
     </span>
    </p>
   </div>
   <div class='ocr_carea' id='block_1_23' title="bbox 3451 254 3702 315">
    <p class='ocr_par' dir='ltr' id='par_1_25' title="bbox 3451 254 3702 315">
     <span class='ocr_line' id='line_1_117' title="bbox 3451 254 3702 315; baseline 0.004 -1"><span class='ocrx_word' id='word_1_766' title='bbox 3451 254 3607 315; x_wconf 78' lang='lat'>662-</span> <span class='ocrx_word' id='word_1_767' title='bbox 3697 296 3702 301; x_wconf 89' lang='lat'>-</span> 
     </span>
    </p>
   </div>
  </div>
 </body>
</html>
