3784 6000
262 243 365 303 823
1384 227 1769 292 GUILLELMI
1807 222 2163 283 TYRENSIS
2201 218 2541 280 AncfflEP.
3561 213 3671 272 824

262 371 350 426 tes
367 381 489 424 non
505 353 1908 436 esseabsqueemolumentoetcondignofructu,
1941 350 1984 403 Α
2018 349 2246 422 septem
2283 348 2555 404 vacasset
2579 342 2889 402 mensibus
2942 340 3266 406 continuis,
3299 344 3676 398 consonante

265 456 444 514 sisibi
466 449 1034 523 contrahujusmodi
1048 448 1417 521 pestilentem
1446 445 1756 503 hominem
1769 440 1913 498 sub-
2022 435 2160 493 cleri
2187 441 2245 492 et
2272 435 2481 508 populi
2510 439 2668 501 voto,
2726 433 2885 504 regis
2920 447 3185 504 quoque,
3247 435 3311 486 ut
3341 431 3529 486 moris
3564 434 3675 498 est,

266 544 420 602 sidia
453 542 875 598 ministrarent.
922 537 1104 594 Porro
1145 536 1378 593 domini
1404 534 1635 592 comitis
1672 529 1917 588 obsides
2026 524 2408 583 conveniente
2457 538 2732 591 assensu,
2766 522 2865 578 Dei
2917 520 3202 595 patientia
3241 520 3441 592 potius
3487 533 3678 591 quam

269 634 332 691 in
359 631 575 689 eodem
606 627 934 699 municipio
954 625 1364 691 servabantur,
1379 640 1534 698 quos
1573 637 1682 696 pro
1711 633 1919 676 suare—
2028 613 2254 672 meritis
2282 608 2528 679 nostris,
2551 611 2633 669 ad
2682 611 2952 684 regimen
2987 608 3147 665 illius
3178 606 3452 663 Ecclesiae
3486 606 3683 662 vocati
3745 616 3758 627 “

272 719 613 793 demptione
655 721 713 773 et
748 721 911 773 certa
949 715 1207 787 pecunia
1247 729 1443 787 usqne
1483 711 1562 769 ad
1610 708 1923 780 sexaginta
2031 718 2264 769 sumus,
2291 707 2348 759 et
2380 700 2537 758 infra
2581 701 2791 757 decem
2821 699 2952 756 dies
2988 698 3051 755 in
3097 695 3356 753 Ecclesia
3385 693 3685 752 Dominici

274 807 462 866 millia
491 821 832 871 aureorum,
861 803 1165 860 Noradino
1194 802 1350 876 patri
1386 799 1558 874 pueri
1583 799 1927 856 dumacar-
2036 789 2323 864 sepulcri,
2347 804 2455 863 per
2470 804 2687 846 manus
2719 785 2950 845 domini
2963 784 3238 842 Amalrici
3270 782 3686 855 Hierosolymi-

275 894 653 954 ceresolutus
681 891 1080 964 egrederetur,
1103 891 1496 963 obligaverat.
1537 891 1718 945 Erant
1745 886 1927 941 etiam
2036 880 2161 939 tani
2210 878 2584 952 patriarchen,
2631 891 2853 932 munus
2909 873 3395 943 consecrationis,
3437 888 3498 928 vr
3548 871 3690 929 ldus

275 983 501 1043 ibidem
530 987 587 1040 et
605 982 834 1038 domini
880 979 1152 1038 Rainaldi
1179 977 1569 1043 sidoniensis,
1601 991 1710 1051 pro
1751 974 1931 1031 fratre
2037 970 2068 1025 J
2076 969 2220 1034 unii,
2252 972 2492 1024 auctore
2521 965 2773 1023 Domino
2802 963 3205 1036 suscepimus,
3244 961 3380 1018 licet
3419 960 3682 1033 indigni.

281 1091 392 1132 suo
421 1071 740 1129 Eustachio
783 1067 1023 1126 obsides
1070 1068 1365 1126 nonnulli.
1421 1066 1740 1139 Sperantes
1764 1076 1929 1133 ergo,

281 1163 452 1236 quod
466 1161 670 1234 aliquo
708 1163 884 1232 pacto
903 1173 1008 1215 eos
1037 1173 1147 1231 pro
1173 1171 1282 1231 spe
1313 1155 1587 1222 subsidii,
1631 1152 1796 1227 quod
1831 1165 1932 1223 po-

284 1250 610 1316 stulabant,
652 1265 688 1305 a
715 1247 985 1321 principe
1010 1247 1185 1313 arcis,
1216 1245 1279 1302 in
1309 1261 1432 1318 qua
1465 1247 1654 1309 erant,
1686 1242 1935 1315 possent

283 1339 568 1410 recipere,
599 1337 738 1395 illuc
760 1335 1064 1393 celerrime
1093 1351 1232 1392 cum
1257 1334 1425 1391 omni
1458 1332 1667 1389 militia
1696 1334 1938 1386 conten-

286 1429 439 1486 dunt
464 1444 479 1495 ;
503 1427 606 1483 ubi
629 1441 771 1483 cum
808 1423 953 1481 nihil
981 1422 1266 1496 ponderis
1291 1423 1352 1479 in
1377 1437 1584 1479 eorum
1615 1419 1814 1477 verbis
1842 1431 1936 1473 re·

285 1517 602 1593 perissent,
658 1520 783 1571 erat
822 1513 984 1570 enim
1037 1528 1180 1586 spes
1240 1511 1344 1577 eis,
1376 1526 1483 1583 per
1525 1507 1937 1582 supradictum

287 1606 620 1681 principem
668 1617 846 1659 suum
924 1616 1108 1674 posse
1157 1600 1539 1658 obsidionem
1582 1597 1748 1665 solvi,
1802 1598 1942 1668 post

2707 1072 2931 1128 CAPUT
2968 1072 3028 1127 X.

2042 1182 2168 1238 Rex
2199 1181 2701 1237 Damascenorum
2728 1177 3023 1248 reqionem
3064 1174 3409 1245 inm-editur
3433 1192 3455 1229 .·
3481 1178 3539 1230 et
3563 1187 3695 1230 eam

2113 1249 2868 1321 depopulatur-,Heraeum
2900 1246 3277 1303 Caesam'ensis
3306 1244 3700 1315 archiepisco·

2114 1339 2227 1393 pus
2265 1322 2647 1392 defunqitur.

2115 1429 2226 1485 Per
2252 1429 2414 1486 idem
2438 1434 2677 1500 tempus
2696 1424 3063 1483 Salahadino
3093 1424 3252 1481 circa
3306 1426 3510 1496 partes
3563 1420 3700 1479 illas

2046 1519 2265 1577 arctius
2288 1522 2603 1589 occupato,
2631 1515 2971 1572 nuntiatum
3015 1518 3109 1570 est
3131 1513 3383 1570 domino
3412 1511 3554 1585 regi,
3585 1513 3699 1567 Da-

2049 1621 2471 1667 mascenorum
2503 1604 2674 1671 fines,
2703 1604 2937 1677 absque
2965 1601 3177 1659 militia
3197 1606 3255 1658 et
3283 1601 3415 1657 sine
3446 1606 3697 1664 rectore,

289 1694 511 1753 multas
559 1697 762 1749 tamen
819 1689 1263 1747 deliberationis
1289 1688 1626 1752 varietates,
1653 1686 1714 1741 in
1745 1689 1942 1740 castra
1973 1697 2019 1755 Β
2050 1705 2252 1771 patere
2281 1696 2423 1752 gaug
2452 1698 2655 1767 aperte
2701 1692 2779 1750 ad
2832 1691 3096 1764 praedam
3140 1696 3198 1748 et
3226 1689 3306 1746 ad
3327 1689 3446 1747 alia
3475 1689 3705 1759 incomf

291 1784 455 1842 unde
519 1782 685 1854 prius
723 1779 1007 1846 exierant,
1080 1782 1473 1836 revertuntur.
1538 1773 1940 1833 salahadinus

291 1874 517 1931 interea
544 1869 777 1936 videns,
806 1867 972 1941 quod
999 1867 1193 1925 nostri
1224 1866 1399 1941 quasi
1425 1864 1723 1935 indignati
1755 1877 1940 1919 reces-

290 1965 510 2026 serant,
544 1958 738 2017 factus
767 1956 909 2015 inde
937 1956 1187 2013 erectior
1215 1959 1275 2012 et
1301 1957 1378 2012 de
1409 1970 1619 2011 eorum
1662 1950 1944 2009 absentia

289 2062 666 2125 proesumens
693 2045 1043 2119 plurimum,
1093 2044 1352 2118 Halapiae
1380 2042 1634 2100 vicinius
1663 2038 1944 2114 approxi-

292 2152 495 2204 mans,
527 2135 852 2193 exercitum
890 2132 1157 2207 praedicti
1185 2133 1471 2206 principis
1500 2130 1680 2204 coepit
1718 2127 1797 2185 ad
1836 2143 1944 2200 pu-

295 2241 479 2300 gnam
508 2222 800 2282 lacessere
820 2222 1161 2296 crebrisque
1190 2222 1420 2279 irritare
1447 2217 1892 2276 incursionibus
1925 2232 1941 2284 ;

293 2331 412 2389 quo
441 2313 665 2388 saepius
695 2310 1448 2382 instigante,commissum
1480 2307 1859 2365 estcominus
1886 2310 1946 2362 et

293 2403 555 2477 graviter
583 2402 732 2458 inter
753 2415 883 2457 eos.
908 2397 1175 2456 Tandem
1197 2396 1613 2455 deficientibus
1648 2395 1941 2462 Ninivitis,

294 2491 632 2567 proditione
668 2504 917 2554 suorun,
967 2493 1032 2545 ut
1062 2487 1297 2553 dicitur,
1349 2485 1606 2559 pecunia
1635 2488 1945 2556 corrupto·

293 2598 455 2646 rum,
486 2579 797 2636 victoriam
825 2577 1084 2635 obtinuit
1121 2574 1542 2635 salahadinus.
1574 2573 1717 2631 Inde
1761 2572 1949 2628 Emis-

296 2685 425 2727 sam
457 2666 713 2734 rediens,
743 2666 898 2722 sicut
925 2666 1092 2737 prius
1127 2664 1448 2732 civitatem,
1480 2665 1565 2720 ita
1592 2662 1839 2719 demum
1891 2665 1949 2718 et

295 2757 548 2816 civitatis
573 2755 919 2829 praesidium
944 2753 1346 2825 recepit.lnde
1372 2752 1449 2809 ad
1483 2751 1762 2808 comitem
1789 2751 1952 2821 lega·

298 2847 524 2905 tionem
552 2845 833 2915 dirigens,
870 2844 1189 2900 dominum
1218 2842 1498 2899 comitem
1518 2845 1669 2906 orat,
1701 2855 1776 2896 nc
1823 2840 1949 2896 suis

299 2934 680 2992 successibus
709 2947 772 2988 se
796 2936 1086 3006 opponat,
1109 2930 1216 2988 sed
1245 2931 1542 3003 permittat
1570 2945 1632 2985 se
1657 2944 1796 2986 cum
1826 2928 1951 2985 filio

2049 1786 2237 1843 moda
2264 1782 2635 1847 sustinenda,
2666 1797 2805 1854 quas
2834 1780 3106 1838 hostibus
3121 1779 3255 1851 jure
3276 1777 3413 1834 belli
3443 1779 3704 1851 possunt

2050 1873 2272 1932 inferri.
2305 1874 2433 1939 Quo
2455 1875 2786 1944 comperto,
2812 1868 3191 1940 congregatis
3220 1866 3585 1925 militaribus
3610 1880 3708 1923 co-

2049 1963 2185 2038 piis,
2201 1962 2526 2019 Jordanem
2554 1960 2870 2024 transiens,
2918 1974 3028 2032 per
3058 1957 3271 2013 silvam
3306 1972 3447 2029 qum
3473 1956 3708 2013 Panea-

2051 2052 2222 2110 densi
2254 2051 2491 2123 adjacet
2517 2048 2759 2119 civitati,
2790 2051 2848 2104 et
2868 2046 2948 2104 ab
2982 2063 3054 2103 ea
3074 2059 3298 2102 nomen
3325 2044 3508 2113 ducit,
3532 2042 3705 2101 Liba-

2052 2156 2198 2199 num
2225 2138 2700 2198 t'amosissimnm
2729 2135 3205 2210 promontorium
3235 2133 3472 2191 habens
3501 2132 3584 2191 ad
3612 2130 3711 2189 lae·

2052 2246 2212 2301 vam,
2250 2243 2467 2299 agrum
2517 2227 2962 2283 Damascenum
3019 2223 3278 2293 attingit.
3320 2223 3460 2278 Erat
3502 2225 3708 2278 autem

2053 2324 2323 2391 tempore
2350 2316 2591 2374 messis.
2616 2314 3021 2371 Discurrentes
3038 2327 3182 2383 ergo
3212 2311 3419 2379 nostri,
3440 2317 3498 2368 et
3517 2314 3712 2367 totam

2052 2407 2361 2481 regionem
2386 2403 2849 2462 obambulantes
2872 2402 3077 2466 libere,
3105 2401 3305 2472 fruges
3320 2401 3445 2456 sive
3469 2399 3533 2456 in
3556 2398 3712 2456 arcis

2056 2499 2483 2566 comportatas,
2512 2492 2634 2549 sive
2664 2490 2790 2548 solo
2839 2491 3155 2555 haerentes,
3189 2488 3317 2546 sive
3370 2503 3480 2561 per
3527 2501 3712 2559 agros

2056 2581 2479 2657 manipulatim
2492 2584 2833 2652 congestas,
2851 2578 3144 2636 incendiis
3156 2576 3714 2635 tradunt.flomines

2058 2671 2661 2743 autem,praecognito
2683 2683 2893 2725 eorum
2925 2667 3209 2734 adventu,
3240 2664 3320 2722 ad
3350 2665 3485 2722 loca
3517 2666 3716 2721 muni-

2058 2761 2213 2819 tiora
2264 2774 2403 2816 cum
2443 2757 2734 2814 uxoribus
2774 2761 2833 2813 et
2878 2754 3146 2829 parvulis
3186 2771 3250 2811 se
3297 2754 3708 2812 contulerant.

2062 2850 2277 2921 sicque
2305 2862 2417 2921 pro
2440 2846 2684 2903 arbitrio
2701 2845 2888 2901 nostri
2913 2844 3220 2914 regionem
3243 2843 3559 2907 habentes,
3585 2857 3714 2916 per·

2058 2941 2353 2994 venerunt
2367 2951 2557 3010 usque
2586 2933 2847 2991 Dariam.
2870 2933 2921 2988 Is
2969 2933 3135 2989 locus
3177 2931 3573 2988 suburbanus
3603 2935 3713 2998 est,

299 3023 605 3090 NOPEdifliv
632 3027 690 3081 θῑ
717 3021 848 3078 85ῑὸ
894 3022 996 3094 (1οῑ
1042 3021 1106 3078 ῑΠ
1138 3020 1423 3078 auxilium
1473 3020 1603 3091 eju⁸
1641 3022 1947 3086 venerant,
1985 3042 2028 3100 C
2061 3028 2354 3084 Damasco
2383 3023 2811 3090 conterminus,
2838 3021 2937 3080 vix
2961 3022 3040 3080 ab
3087 3038 3159 3080 ea
3186 3022 3421 3078 distans
3451 3020 3719 3078 milliari-

302 3111 591 3185 expeririz
633 3126 708 3167 ne
737 3115 939 3167 autem
986 3113 1044 3166 et
1088 3108 1206 3166 hoc
1237 3110 1437 3181 ipsum
1489 3109 1618 3164 sine
1648 3106 1954 3176 condigna
2059 3117 2175 3173 bus
2199 3119 2493 3189 quatum-3
2527 3111 2667 3169 inde
2711 3112 2893 3169 etiam
2925 3110 3251 3182 Bedegene,
3281 3109 3386 3182 qui
3439 3109 3612 3166 locus
3640 3107 3716 3166 ad

301 3200 689 3260 retributione
727 3203 1087 3264 contemnat,
1138 3197 1385 3255 obsides
1437 3212 1580 3254 suos
1610 3201 1669 3253 et
1717 3195 1955 3252 domini

303 3287 577 3368 Bainaldi
625 3287 809 3357 gratis
859 3286 1028 3343 offert
1076 3286 1494 3344 restituendos.
1554 3284 1785 3341 Placuit
1838 3284 1954 3340 hoc

303 3376 814 3435 verbumdomino
839 3374 1063 3440 comiti,
1089 3373 1958 3447 receptisqueobsidibus,pro-

304 3470 375 3524 ut
397 3466 586 3538 pactis
614 3465 805 3523 fuerat
848 3464 1158 3536 insertum,
1190 3462 1417 3520 caeteris
1448 3478 1687 3536 quoque
1736 3459 1957 3519 nobili-

305 3554 427 3612 bus
455 3553 647 3628 quiin
676 3553 893 3611 eadem
913 3552 1289 3627 expeditione
1313 3556 1503 3622 erant,
1529 3567 1654 3609 non
1702 3551 1828 3607 sine
1861 3550 1962 3606 de-

310 3643 470 3702 centi
519 3643 930 3701 munificentia
975 3641 1259 3711 dimissis,
1319 3641 1532 3698 solutis
1585 3642 1819 3707 castris,
1881 3638 1962 3696 ad

307 3733 555 3807 propria
584 3736 946 3789 remearunt.
963 3730 1277 3789 Dicebatur
1295 3731 1513 3787 horum
1543 3729 1815 3787 omnium
1832 3743 1965 3786 ver-

308 3822 530 3880 borum
558 3820 846 3878 dominus
861 3820 1192 3877 flent'redus
1220 3820 1296 3875 de
1324 3822 1573 3886 Torono,
1602 3818 1801 3890 regius
1823 3832 1964 3874 con·

312 3910 696 3977 stabularius,
728 3909 1023 3968 mediator
1050 3908 1252 3973 fuisse,
1309 3908 1415 3981 qui
1466 3907 1748 3981 praedicto
1797 3906 1966 3964 Sala-

312 3999 542 4058 badino
592 3998 795 4056 nimiae
824 3997 1239 4055 familiaritatis
1285 3994 1501 4054 affectu
1531 3995 1844 4053 devinctus
1871 4011 1966 4053 ar-

313 4087 630 4161 guebatur.
678 4089 920 4144 Factum
964 4092 1056 4143 est
1113 4086 1293 4155 igitur
1339 4090 1549 4143 contra
1589 4086 1967 4157 propositum

315 4181 617 4241 nostrum,
636 4176 827 4246 utqui
844 4174 1295 4244 penitusfuerat
1316 4174 1700 4242 obviandum,
1730 4189 1805 4231 ne
1832 4189 1969 4231 con·

319 4272 417 4322 tra
444 4278 550 4319 nos
575 4264 1096 4334 factuspotentior,
1128 4262 1302 4319 solito
1333 4260 1733 4319 vehementius
1756 4262 1973 4320 insole-

2059 3205 2325 3263 radicem
2354 3201 2559 3259 Libani
2595 3201 2765 3267 situs,
2805 3199 3155 3274 perspicuas
3200 3204 3445 3255 emanat
3499 3213 3713 3271 aquas,

2063 3291 2226 3351 unde
2256 3293 2481 3348 Domus
2506 3289 2829 3362 voluptatis
2857 3289 3094 3354 dicitur,
3118 3285 3477 3359 perveniunt
3508 3303 3523 3354 ;
3558 3286 3715 3343 etin·

2063 3381 2214 3447 vitis,
2265 3385 2324 3437 et
2385 3377 2640 3435 multum
2693 3376 3081 3434 renitentibus
3138 3375 3366 3441 incolis,
3411 3379 3715 3447 occupant

2065 3471 2264 3527 locum
2295 3466 2611 3535 violenter-3
2640 3465 2848 3539 spoliis
2878 3464 3491 3537 indeditati,praedam
3510 3468 3570 3520 et
3592 3479 3719 3521 ma-

2067 3558 2287 3617 nubias
2308 3571 2517 3613 secum
2564 3554 2883 3622 trahentes,
2908 3553 3291 3611 cernentibus
3334 3567 3445 3609 nec
3484 3557 3718 3609 contra·

2070 3647 2264 3704 dicere
2303 3644 2635 3701 valentibus
2679 3643 3087 3710 Damascenis,
3133 3643 3265 3699 sani
3292 3647 3348 3698 et
3380 3640 3720 3698 incolumes

2070 3741 2208 3809 post
2246 3734 2376 3790 dies
2404 3734 2632 3806 aliquot
2654 3731 2907 3788 domum
2944 3731 3166 3788 reversi
3213 3735 3374 3788 sunt.
3405 3732 3517 3787 Per
3561 3730 3722 3786 idem

2069 3822 2633 3896 tempus,dominus
2663 3819 2981 3876 Hernesius
2998 3820 3173 3876 bonae
3188 3819 3514 3889 memoriae,
3531 3818 3725 3875 Caesa·

2070 3912 2285 3971 riensis
2333 3909 2819 3982 archiepiscopus
2847 3907 3171 3966 defunctus
3209 3912 3301 3964 est
3334 3923 3348 3973 ;
3375 3907 3561 3981 inque
3592 3908 3724 3964 loco

2071 4001 2203 4073 ejus
2227 3999 2511 4056 dominus
2523 3996 2799 4055 Eracleus
2821 3995 3401 4069 Hierosolymitanus
3427 3994 3726 4052 archidia-

2073 4104 2263 4147 conus
2286 4089 2505 4145 electus
2524 4091 2581 4143 et
2600 4089 2988 4145 consecratus
3010 4088 3126 4144 est.

2719 4190 2945 4249 CAPUT
2985 4192 3070 4247 xl.

2079 4303 2208 4360 Rex
2218 4301 2432 4359 iterum
2446 4302 2594 4371 fines
2613 4299 2868 4357 hostium
2888 4298 3390 4357 Damascenorum
3404 4298 3727 4370 inaressus,

314 4357 525 4418 sceret,
563 4351 748 4408 eidem
794 4351 977 4421 favor
1004 4359 1202 4407 noster
1227 4347 1582 4421 accederet',·
1609 4357 1662 4408 et
1705 4351 1780 4408 de
1802 4351 1971 4408 nobis
2002 4393 2049 4450 D
2156 4373 2372 4431 „auem
2401 4373 2498 4427 cm·
2532 4377 2968 4444 coquommwm
3003 4376 3088 4428 ρει
3113 4371 3381 4437 Βαςήαν,
3416 4370 3733 4439 deproeda,

317 4440 566 4499 auderet
593 4454 856 4510 sperare,
888 4441 994 4513 qui
1020 4440 1083 4496 in
1108 4446 1380 4496 nostrum
1409 4439 1684 4497 continue
1711 4442 1972 4511 amplia·

321 4529 502 4587 batur
522 4528 968 4586 detrimentum.
1022 4528 1255 4601 Egressi
1283 4529 1486 4602 itaque
1519 4543 1557 4585 a
1585 4528 1762 4585 nobis
1815 4530 1976 4587 circa

318 4617 449 4676 Kal.
474 4618 809 4685 lanuarias,
850 4618 982 4677 Kal.
1043 4617 1260 4674 iterum
1291 4617 1427 4675 Maii
1455 4616 1709 4674 domum
1741 4617 1975 4675 reversi

325 4712 488 4765 sunt.

972 4796 1201 4853 CAPUT
1223 4798 1313 4855 IX.

321 4902 678 4959 mainardus
731 4900 1116 4972 Berytltensis
1143 4900 1447 4972 episcopus
1475 4900 1750 4958 moritur.
1777 4902 1977 4969 Huius

393 4972 1038 5100 contempior-historiar
1062 4972 1146 5031 ad
1175 4973 1570 5043 Turonensem
1601 4971 1975 5043 metropolim

390 5058 673 5116 promove
701 5060 802 5104 ur.

396 5159 614 5217 Iisdem
627 5159 844 5215 diebus
856 5160 1141 5216 dominus
1161 5159 1529 5226 mainardus,
1553 5160 1729 5217 honae
1752 5175 1979 5217 memo·

331 5250 460 5319 riae,
484 5248 858 5322 Berythensis
901 5249 1245 5322 episcopus,
1271 5248 1419 5307 dum
1463 5248 1525 5305 in
1552 5248 1699 5306 urbe
1726 5247 1978 5322 Tyrensi

324 5337 617 5409 languore
629 5342 938 5409 correptus
950 5337 1392 5409 aliquantulum
1416 5341 1977 5409 aegrotasset,morte

321 5432 664 5499 praeventus
693 5432 780 5484 est
803 5425 1020 5483 vnKal.
1054 5427 1205 5494 Maii,
1227 5426 1618 5498 cnjusanima
1641 5426 1978 5500 requiescat

322 5512 386 5569 in
410 5528 580 5586 pace.
631 5514 855 5572 Eodem
914 5529 1146 5582 mense,
1202 5529 1343 5572 cum
1384 5516 1663 5588 Tyrensis
1716 5513 1977 5574 Ecclesia

2152 4452 2269 4500 tur.
2301 4443 2635 4500 Rainatdus
2658 4443 2732 4499 de
2769 4442 3123 4500 castellione
3146 4450 3202 4499 ee
3223 4442 3558 4499 lescelinus
3577 4443 3733 4513 reqis

2147 4524 2420 4589 patruus,
2452 4529 2492 4572 a
2511 4514 2764 4572 vinculis
2793 4514 3051 4571 nostium
3076 4513 3418 4570 solvuntur.

2152 4624 2323 4679 Anno
2352 4622 2620 4679 secundo
2639 4619 3049 4692 regnidomini
3078 4618 3348 4676 Balduini
3378 4618 3600 4690 quarti,
3633 4619 3739 4676 sa-

2079 4711 2369 4769 lahadino
2399 4710 2598 4768 adhuc
2613 4709 2774 4767 circa
2798 4714 2998 4782 partes
3011 4707 3273 4781 Halapiae
3289 4707 3544 4779 negotiis
3557 4723 3740 4766 occu-

2084 4800 2764 4873 pato,menseAugusto,
2788 4797 2982 4872 prima
2995 4796 3093 4853 die
3111 4796 3361 4863 mensis,
3387 4798 3740 4854 convocatis

2082 4889 2253 4959 regni
2272 4887 2659 4960 magnatibus
2675 4892 2736 4943 et
2763 4885 3014 4943 collecta
3043 4885 3276 4951 militia,
3299 4885 3517 4942 iterum
3544 4884 3742 4942 domi-

2084 4993 2200 5035 nus
2222 4993 2326 5034 rex
2366 4976 2627 5033 hostium
2656 4974 2807 5032 fines
2838 4973 3187 5045 ingreditur,
3209 4975 3740 5048 pertransiensque

2086 5081 2299 5140 agrum
2332 5064 2769 5130 sidoniensem,
2798 5067 3178 5135 etmontana‚
3205 5079 3341 5137 quoe
3372 5062 3575 5120 media
3601 5068 3743 5121 sunt

2084 5156 2238 5213 inter
2287 5158 2524 5212 nostros
2576 5158 2634 5210 et
2658 5152 2925 5209 hostium
2982 5151 3270 5208 terminos
3294 5152 3738 5220 conscendens,

2084 5245 2353 5319 pervenit
2372 5244 2452 5300 ad
2477 5243 2680 5301 locum
2703 5241 3319 5314 bonistemporalibus
3343 5243 3738 5299 commodum

2084 5349 2238 5408 pene
2253 5332 2553 5398 omnibns,
2569 5330 2811 5403 glebam
2843 5329 3110 5396 uberem,
3136 5329 3403 5386 fontibus
3417 5328 3740 5400 irriguum,

2085 5423 2178 5481 cui
2205 5436 2427 5480 nomen
2459 5423 2799 5488 Messaara3
2835 5418 2972 5476 inde
3000 5418 3063 5475 in
3091 5417 3311 5477 vallem
3352 5433 3492 5491 qum
3520 5419 3746 5477 dicitur

2084 5513 2288 5579 Bucar,
2317 5508 2709 5577 descendens,
2737 5514 2957 5568 terram
2969 5507 3208 5581 reperit,
3237 5510 3306 5566 ut
3326 5506 3563 5580 legitur,
3582 5506 3745 5568 lacto
