3784 6000
309 183 411 249 eit

1429 178 1825 246 GUILLELMI
1861 174 2223 240 TYRENSIS
2261 169 2605 235 ARcmEP.

3614 183 3726 244 012

311 328 449 387 gere
486 318 938 389 praeceptorem,
988 327 1172 386 quem
1205 313 1418 386 spretis
1457 312 1592 370 aliis
1621 312 1971 382 dignitatem
2006 308 2053 364 Α
2084 304 2354 363 oblatum
2370 304 2622 362 verbum
2642 304 2879 378 penitus
2908 303 3336 377 absolveretur,
3351 310 3599 366 remisit.
3625 312 3741 378 Qui

309 404 680 474 nominibus,
714 405 925 461 Senem
958 408 1178 459 vocant
1211 418 1225 470 ;
1257 404 1352 460 cui
1384 408 1564 459 tantae
1587 400 1975 474 subjectionis

311 499 370 551 et
398 494 754 550 obedientiae
790 491 1028 547 vinculo
1060 491 1252 548 solent
1283 492 1561 564 obligari,
1597 499 1660 546 ut
1710 489 1858 546 nihil
1903 488 1975 550 sii

308 587 435 640 tam
447 582 687 647 durum,
702 587 825 637 tam
842 580 1087 638 difficile
1101 585 1346 653 tamque
1367 581 1788 653 periculosum,
1806 577 1974 652 quod

309 670 390 727 ad
415 669 687 739 magistri
718 669 1063 740 imperium,
1095 669 1318 725 animis
1340 669 1691 726 ardentibus
1720 683 1841 724 non
1864 682 1974 736 ag-

306 756 1091 829 gredianturimplere.Nam
1104 758 1258 813 inter
1273 760 1507 825 caetera,
1523 757 1571 812 si
1583 755 1975 829 quoshabent

304 845 607 919 principes
634 844 879 901 odiosos
903 852 1007 902 aut
1032 847 1194 916 genti
1221 861 1344 902 suae
1375 850 1676 918 suspecto,
1708 847 1853 900 data
1869 845 1969 900 uni

305 933 383 991 de
438 934 586 1004 suis,
625 932 716 989 vel
768 932 1054 1005 pluribus,
1104 934 1246 1001 sica,
1296 948 1421 991 non
1465 934 1841 990 considerato
1885 933 1968 987 rei

306 1022 488 1089 exitu,
525 1026 726 1077 utrum
776 1021 1028 1078 evadere
1077 1024 1285 1095 possit,
1329 1022 1469 1080 illuc
1514 1022 1839 1089 contendit,
1869 1020 1966 1076 cui

304 1111 668 1169 mandatum
687 1119 776 1167 est
805 1127 819 1178 ;
864 1116 920 1167 et
945 1116 1067 1168 tam
1092 1111 1199 1168 diu
1232 1127 1341 1186 pro
1363 1111 1722 1183 complendo
1752 1111 1968 1167 anxius

302 1199 579 1272 imperio,
613 1199 820 1256 circuit
844 1205 900 1256 et
925 1200 1182 1266 laborat,
1213 1215 1532 1274 quousque
1582 1215 1726 1255 casu
1768 1200 1968 1269 iniun-

304 1292 466 1346 etum
485 1293 734 1361 peragat
753 1287 1043 1357 officium,
1063 1290 1446 1362 praeceptoris
1472 1288 1654 1344 mand
1665 1294 1762 1344 ato
1793 1287 1963 1342 satis·

301 1377 548 1435 faciens.
581 1377 698 1433 Hos
723 1381 844 1433 tam
867 1378 1050 1434 nostri
1083 1394 1266 1451 quam
1297 1379 1604 1436 Sarraceni
1638 1378 1964 1449 (nescimus

302 1466 464 1522 unde
492 1465 750 1522 deducto
776 1466 1041 1538 nomine)
1064 1467 1392 1524 Assissinos
1419 1475 1650 1523 vocant.
1682 1466 1752 1521 Hi
1781 1466 1963 1522 etiam

301 1555 476 1612 annis
487 1553 946 1628 quadringentis
987 1557 1451 1612 sarracenorum
1469 1554 1661 1627 legem
1680 1562 1959 1611 eteorum

2084 395 2230 451 dum
2257 411 2393 451 cum
2425 395 2649 450 itineris
2673 399 2950 450 consorte
2973 400 3030 449 et
3058 396 3199 452 dato
3242 396 3395 454 duce
3450 399 3738 470 Tripolim

2083 484 2521 558 pertransisset,
2550 483 2700 539 fines
2735 499 2878 540 suos
2904 485 3280 555 ingressurus
3334 485 3393 541 in
3425 489 3736 559 proxim0,

2082 573 2282 630 subito
2294 573 2368 630 de
2380 572 2661 631 fratribus
2684 571 3064 645 supradictis,
3083 574 3492 646 eximproviso
3513 577 3739 635 strictis

2080 663 2294 735 gladiis
2323 660 2956 727 irruentes,hominem
2983 661 3058 717 de
3083 662 3247 732 regio
3277 665 3521 731 ducatu,
3547 673 3606 723 et
3630 683 3739 723 no—

2080 759 2211 807 strae
2224 750 2417 821 gentis
2430 749 2568 805 fidei
2583 751 2914 806 sinceritate
2932 753 3735 822 proesumentem,incautum

2078 845 2135 896 et
2161 839 2305 896 nihil
2331 844 2630 895 verentem
2659 839 2794 904 tale,
2846 839 2998 895 laesae
3021 840 3354 911 majestatis
3384 843 3617 900 crImen
3653 845 3734 901 in·

2077 934 2403 994 currentes,
2427 928 2791 985 occiderunt.
2813 928 2986 994 Quod
3010 929 3265 985 audiens
3279 946 3400 997 rex,
3434 948 3561 1004 prae
3593 933 3733 991 sacti

2075 1019 2404 1084 atrocitate,
2419 1017 2508 1073 ira
2556 1017 3729 1090 etquasiinsaniasuccensusvehemen-

2075 1110 2181 1172 ter,
2197 1107 2540 1164 convocatis
2569 1106 2734 1177 regni
2758 1106 3213 1179 principibus,in
3236 1106 3520 1178 injuriam
3553 1127 3728 1168 suam

2071 1196 2370 1270 quidquid
2412 1195 2732 1261 acciderat,
2791 1211 3063 1252 asserens
3097 1198 3456 1265 redundare,
3516 1199 3729 1258 instrui

2071 1284 2305 1356 quaerit,
2344 1285 2490 1359 quid
2520 1301 2659 1342 eum
2690 1290 2956 1356 oporteat
2991 1284 3205 1340 facere.
3232 1286 3625 1361 Tandemque
3653 1290 3727 1346 de

2071 1374 2379 1429 communi
2407 1374 2743 1445 principum
2775 1372 3045 1439 consilio,
3076 1373 3426 1441 consulitur,
3468 1380 3724 1434 verbum

2068 1461 2236 1533 quod
2261 1461 2693 1518 accideratnon
2713 1477 2841 1517 esse
2865 1462 3311 1531 negligendum;
3328 1479 3468 1520 nam
3493 1467 3557 1521 in
3580 1482 3652 1523 eo
3670 1474 3726 1524 et

2069 1551 2392 1606 auctoritas
2444 1551 2605 1620 regia
2636 1550 2946 1608 videbatur
2971 1551 3227 1623 reperire
3261 1570 3274 1619 ;
3307 1557 3363 1609 et
3405 1553 3723 1613 Christiani

298 1643 650 1701 traditiones
674 1647 838 1699 tanto
854 1642 978 1699 zelo
1007 1642 1336 1710 coluerunt,
1364 1649 1425 1701 ut
1444 1650 1718 1716 respectu
1750 1658 1959 1700 eorum
1990 1658 2034 1714 Β
2068 1640 2329 1695 nominis
2358 1639 2506 1695 fides
2535 1645 2592 1695 et
2615 1639 2955 1696 constantia
2978 1639 3340 1696 immeritam
3364 1645 3721 1702 contrahere

298 1746 513 1790 omnes
537 1731 638 1788 alii
667 1731 843 1806 quasi
873 1732 1361 1804 praevaricatores
1382 1732 1818 1805 judicarentur,
1846 1730 1960 1803 ipsi

301 1824 505 1878 autem
533 1820 727 1891 legem
775 1820 1122 1877 viderentur
1159 1820 1427 1894 implere.
1461 1821 1715 1892 Contigit
1758 1825 1959 1877 autem

296 1909 513 1966 diebus
560 1909 801 1975 nostris,
835 1909 1000 1982 quod
1029 1910 1384 1981 magistrum
1417 1910 1535 1966 sibi
1563 1909 1959 1983 preefecerunt

294 1997 493 2054 virum
525 1997 1053 2066 facundissimum,
1080 1997 1384 2064 subtilem,
1406 2004 1462 2055 et
1486 1999 1640 2055 acris
1674 1997 1846 2056 valde
1871 1998 1959 2052 in-

295 2085 477 2158 genii.
512 2087 634 2157 Hic,
662 2090 878 2159 praeter
899 2102 1129 2143 morem
1154 2089 1457 2158 majorum
1481 2102 1753 2157 suorum,
1778 2086 1959 2158 coepit

290 2175 517 2232 habere
545 2189 731 2248 penes
770 2190 834 2230 se
866 2175 1322 2245 Evangeliorum
1368 2176 1548 2233 libros
1591 2180 1649 2232 et
1685 2174 1956 2231 codicem

293 2263 696 2336 apostolicum
717 2281 731 2333 ;
757 2263 981 2336 quibus
1002 2265 1347 2321 continuato
1365 2264 1717 2321 incumbens
1734 2263 1953 2328 studio,

288 2351 719 2410 miraculorum
743 2350 954 2408 Christi
977 2356 1034 2409 et
1058 2358 1496 2426 praeceptorum
1516 2353 1750 2418 seriem,
1773 2352 1876 2408 sed
1900 2357 1958 2408 et

290 2440 560 2514 Apostoli
601 2441 962 2506 doctrinam,
1011 2441 1200 2497 multo
1249 2441 1475 2507 labore,
1521 2440 1956 2514 aliquantisper

292 2533 605 2586 assecutus
636 2533 780 2585 erat.
828 2527 972 2585 Inde
1016 2529 1330 2586 conferens
1363 2529 1579 2587 Christi
1605 2535 1661 2586 et
1703 2545 1953 2586 suorum

292 2630 542 2673 suavem
562 2622 618 2673 et
636 2616 954 2673 honestam
985 2617 1346 2688 doctrinam,
1363 2633 1500 2675 eum
1519 2619 1591 2674 iis
1620 2633 1756 2690 quas
1774 2619 1953 2674 miser

291 2708 350 2762 et
387 2703 662 2761 seductor
696 2705 978 2762 mahemet
1006 2706 1399 2778 complicibus
1429 2707 1553 2761 suis
1595 2711 1650 2763 et
1687 2707 1951 2778 deceptis

289 2791 370 2852 ab
391 2807 462 2849 eo
485 2793 828 2861 tradiderat,
853 2794 1032 2866 coepit
1049 2794 1292 2851 sordere
1317 2793 1612 2868 quidquid
1640 2810 1778 2850 cum
1800 2794 1949 2850 lacte

285 2882 543 2949 biberat,
567 2887 624 2940 et
644 2882 910 2956 praedicti
933 2883 1264 2941 seductoris
1284 2883 1698 2941 immunditias
1719 2883 1948 2940 abomi-

283 2972 936 3047 nare.Eodemquoque
951 2971 1132 3030 modo
1145 2973 1435 3045 populum
1452 2990 1626 3030 suum
1645 2972 1944 3040 erudiens,
1979 3004 2020 3062 C

286 3058 367 3119 ab
395 3059 779 3118 observantia
823 3060 981 3117 illius
1031 3062 1467 3135 superstitionis
1523 3078 1755 3119 cessare
1793 3061 1943 3129 fecit,

286 3149 551 3207 oratoria
574 3148 802 3224 quibus
834 3155 1013 3207 antea
1032 3151 1118 3206 usi
1150 3151 1385 3207 fuerant
1403 3150 1711 3222 dejiciens,
1733 3167 1941 3207 eorum

279 3237 515 3309 jejunia
545 3237 806 3305 solvens,
837 3240 1039 3295 vinum
1058 3246 1113 3296 et
1143 3239 1353 3296 suillas
1366 3254 1576 3297 carnes
1598 3240 1722 3296 suis
1751 3239 1943 3296 indul·

282 3339 450 3399 gens.
490 3327 756 3383 Tandem
782 3327 860 3383 ad
899 3327 1179 3384 interiora
1204 3328 1351 3399 legis
1384 3328 1483 3385 Dei
1509 3327 1718 3385 volens
1734 3344 1940 3401 proce-

281 3414 444 3482 dere,
462 3415 658 3472 virum
678 3416 1061 3489 prudentem,
1082 3417 1141 3474 in
1173 3416 1434 3474 consiliis
1455 3418 1800 3490 providum,
1822 3418 1942 3474 elo·

279 3510 566 3578 quentem
596 3509 653 3561 et
702 3504 976 3574 magistri
1025 3506 1115 3561 sui
1170 3505 1510 3563 doctrinam
1548 3506 1938 3573 redolentem,

279 3592 525 3649 nomine
541 3592 855 3660 Boaldelle,
872 3592 951 3649 ad
962 3592 1282 3651 dominum
1294 3608 1497 3666 regem
1520 3594 1740 3668 dirigit,
1754 3595 1941 3652 verba

278 3686 508 3738 secreta
549 3680 912 3738 deferentem
945 3698 960 3749 ;
991 3697 1253 3755 quorum
1284 3683 1617 3756 praecipuus
1647 3689 1705 3739 et
1749 3684 1940 3740 maxi-

278 3783 419 3825 mus
447 3774 573 3826 erat
600 3768 900 3837 articulus,
931 3771 1091 3845 quod
1123 3772 1169 3826 si
1204 3770 1414 3829 fratres
1442 3772 1664 3828 militias
1689 3772 1935 3845 Templi.

277 3857 382 3932 qui
413 3856 658 3913 castella
707 3858 932 3927 regioni
961 3873 1168 3916 eorum
1197 3858 1505 3917 habebant
1541 3862 1936 3928 contermina,

277 3945 396 4002 duo
426 3946 616 4003 millia
653 3960 994 4013 aureorum,
1043 3962 1181 4021 quoe
1212 3948 1466 4020 singulis
1513 3950 1691 4006 annis
1729 3949 1804 4005 de
1836 3950 1940 4007 ho·

274 4035 541 4091 minibus
584 4047 794 4090 eorum
848 4037 1020 4108 quasi
1054 4052 1164 4109 pro
1196 4037 1418 4095 tributo
1448 4037 1724 4096 solebant
1771 4054 1943 4095 assu-

274 4138 457 4187 mere,
486 4123 574 4178 eis
617 4123 836 4178 velient
859 4125 1177 4191 remittere,
1208 4129 1262 4182 et
1289 4125 1614 4182 fraternam
1655 4127 1944 4199 deinceps

272 4209 595 4267 observare
624 4209 994 4279 charitatem,
1025 4210 1139 4283 ipsi
1159 4212 1236 4269 ad
1261 4213 1444 4269 fldem
1471 4214 1689 4273 Christi
1707 4219 1766 4272 et
1794 4215 1942 4289 bap·

272 4294 450 4353 tisma
481 4297 893 4353 convolarent.

873 4404 1096 4463 CAPUT
1119 4408 1325 4466 xxxu.

273 4493 581 4551 Occiditur
607 4494 957 4566 asrambus
985 4496 1220 4554 militiae
1239 4498 1934 4569 Templi‚Assissinorum

342 4564 575 4637 legatus
614 4585 628 4601 ·
651 4570 703 4623 et
730 4566 943 4640 ingens
972 4566 1036 4624 in
1068 4582 1252 4640 reqno
1277 4570 1581 4627 excitatur
1605 4572 1925 4629 tumultus.

337 4609 700 4708 Radulpfius
730 4639 1170 4697 Bethlehemita
1196 4641 1504 4712 episcopus
1534 4643 1660 4700 vito
1682 4643 1931 4705 decedit.

337 4741 459 4800 Rex
485 4746 710 4812 autem,
729 4757 936 4801 eorum
959 4741 1322 4817 legationem
1345 4747 1479 4804 laeto
1500 4748 1705 4804 animo
1725 4752 1782 4805 et
1801 4757 1934 4821 gra·

263 4833 460 4890 tanter
490 4831 848 4906 suscipiens,
890 4835 1160 4906 petitioni
1188 4849 1395 4891 eorum
1428 4835 1579 4893 sicut
1610 4837 1696 4893 vir
1713 4837 1932 4894 discre-

264 4917 532 4976 tissimus
554 4926 700 4988 erat,
733 4920 970 4995 plenius
989 4936 1288 4988 annuens,
1310 4939 1630 4981 aureorum
1656 4925 1778 4982 duo
1800 4926 1929 4982 mil·

258 5005 362 5077 lia,
394 5023 655 5081 quorum
706 5009 820 5082 ipsi
867 5023 1134 5067 annuam
1181 5013 1632 5085 praestationem
1675 5014 1930 5071 relaxari

261 5095 673 5171 postulabant,
704 5098 779 5155 de
808 5100 934 5154 suis
959 5101 1216 5173 propriis
1245 5101 1597 5168 redditibus,
1630 5103 1930 5175 predictis

256 5185 543 5245 fratribus
565 5186 902 5254 retundere,
935 5193 1003 5244 ut
1030 5188 1269 5258 dicitur,
1311 5198 1557 5266 paratus
1584 5196 1710 5249 erat
1738 5205 1932 5258 ;uun-

255 5275 531 5352 tiumque
555 5290 739 5349 quem
773 5276 937 5350 apud
972 5292 1035 5334 se
1055 5291 1170 5351 pro
1189 5279 1514 5338 verborum
1547 5295 1929 5340 consumma-

256 5362 419 5421 tione
441 5364 549 5422 dlu
564 5363 923 5438 detinuerat,
945 5365 1024 5424 ad
1043 5367 1359 5443 proprium
1376 5368 1760 5441 magistrum,
1780 5369 1927 5429 dato

257 5448 373 5510 sibi
417 5451 565 5511 duce
601 5450 851 5523 itineris,
890 5458 950 5513 et
983 5456 1214 5530 proprii
1245 5457 1492 5517 custode
1533 5460 1823 5533 corporis,
1859 5465 1925 5518 ut

2066 1728 2404 1792 infamiam,
2436 1732 2489 1784 et
2516 1727 2828 1785 orientalis
2859 1728 3140 1794 Ecclesia,
3168 1732 3283 1786 Deo
3323 1729 3636 1802 placitum,
3667 1740 3722 1791 et

2060 1817 2189 1886 ,iam
2222 1817 3717 1896 paratumincrementumamittere.Mittunturergo

2066 1905 2141 1961 de
2193 1905 2502 1962 communi
2549 1905 2801 1963 consilio
2827 1906 3055 1963 nobiles
3074 1907 3347 1979 quidam,
3405 1910 3609 1968 Seiher
3644 1913 3719 1970 de

2066 1995 2418 2052 mamedune
2434 2000 2491 2051 et
2514 1994 2915 2051 Godescalcus
2946 1995 3019 2051 de
3045 1995 3306 2062 Turholt,
3336 1997 3412 2053 ad
3439 1999 3555 2055 hoc
3586 2017 3718 2074 spe·

2067 2081 2291 2139 cialiter
2314 2083 2535 2152 selecti,
2562 2084 2666 2156 qui
2714 2099 2751 2140 a
2782 2085 3068 2153 magistro
3116 2085 3545 2156 praedictorum
3585 2089 3716 2148 fra-

2065 2175 2248 2238 trum,
2294 2172 2500 2230 Odone
2551 2173 2626 2229 de
2692 2174 2908 2230 Sancto
2977 2173 3276 2238 Amando,
3330 2176 3595 2246 exigant,
3656 2185 3718 2236 ut

2067 2261 2215 2317 tanti
2254 2277 2536 2319 excessus
2560 2269 2618 2320 et
2669 2269 2789 2319 tam
2819 2262 3159 2334 piacularis,
3209 2261 3437 2333 flagitii,
3489 2268 3620 2335 regi
3662 2274 3717 2325 et

2062 2364 2252 2418 regno
2319 2351 2597 2407 universo
2645 2350 3111 2408 satisfactionem
3176 2351 3517 2409 exhibeant.
3554 2355 3714 2414 Dice·

2062 2437 2241 2494 batur
2310 2444 2508 2496 autem
2578 2439 2832 2512 quidam
2899 2439 3079 2496 frater
3152 2456 3380 2505 eorum,
3445 2442 3713 2500 Galterus

2062 2527 2335 2583 videlicet
2368 2528 2444 2584 de
2500 2527 2815 2594 Maisnilio,
2858 2528 2945 2584 vir
2992 2544 3256 2601 nequam
3305 2534 3363 2585 et
3424 2547 3714 2589 monocu—

2058 2615 2173 2681 lus,
2256 2617 2430 2687 cujus
2482 2617 2723 2689 spiritus
2781 2617 2841 2673 in
2916 2617 3164 2674 naribus
3228 2619 3277 2690 ej
3292 2635 3379 2685 us,
3462 2621 3712 2677 omnino

2059 2720 2243 2776 penes
2274 2721 2336 2761 se
2366 2706 2513 2763 nihil
2541 2706 2912 2762 discretionis
2943 2707 3193 2773 habens,
3240 2706 3317 2763 de
3347 2710 3712 2766 conscientia

2057 2799 2259 2850 tamen
2290 2795 2563 2862 fratrum,
2614 2794 2731 2852 hoc
2762 2795 2995 2852 fecisse.
3032 2794 3215 2863 Unde,
3284 2801 3347 2852 ut
3374 2796 3617 2867 dicitur,
3658 2798 3708 2857 ei

2055 2888 2269 2955 praeter
2294 2884 2561 2941 debitum
2585 2884 3165 2958 parcendo,domino
3185 2886 3308 2954 regi
3334 2901 3441 2957 per
3462 2889 3706 2945 nuntios

2054 2972 2428 3045 significavit,
2455 2972 2617 3032 fratri
2646 2975 2749 3048 qui
2779 2975 2893 3031 hoc
2913 2974 3310 3044 commiserat,
3328 2991 3390 3032 se
3416 2978 3703 3049 poeniten·

2056 3064 2198 3120 tiam
2216 3062 2564 3133 injunxisse,
2581 3068 2640 3120 et
2667 3064 2750 3120 ita
2778 3079 2915 3120 cum
2941 3064 3214 3135 injuncta
3241 3067 3701 3136 poenitentia,ad

2051 3150 2366 3208 dominum
2388 3168 2615 3225 papam
2629 3169 2690 3209 se
2710 3169 2849 3209 eum
2868 3152 3231 3209 directurum
3258 3170 3274 3220 ;
3298 3154 3572 3211 inhibere
3604 3172 3705 3213 au-

2052 3246 2169 3296 tem
2193 3256 2265 3297 ex
2291 3247 2459 3313 parte
2488 3241 2719 3299 domini
2744 3257 2939 3315 papae,
2970 3257 3047 3298 ne
3087 3243 3146 3296 in
3196 3242 3558 3314 proedictum
3589 3245 3706 3303 fra-

2050 3334 2199 3386 trem
2222 3345 2437 3387 manus
2464 3331 2598 3403 quis
2628 3330 3126 3402 auderetinjicere
3151 3330 3703 3407 violentas.Adjecit

2050 3417 2227 3472 etiam
2255 3418 2439 3474 etalia
2459 3434 2496 3473 a
2515 3418 2721 3490 spiritu
2746 3419 3067 3489 superbiae,
3087 3419 3350 3491 quoipse
3377 3419 3701 3490 plurimum

2049 3503 2422 3573 abundabat,
2450 3508 2694 3573 dictata,
2726 3523 2865 3580 quae
2913 3508 3187 3580 praesenti
3222 3510 3546 3566 narrationi
3585 3527 3703 3567 nou

2047 3595 2303 3651 muitum
2334 3596 2743 3654 necessarium
2756 3601 2847 3652 est
2867 3598 3354 3654 interserere.Rex
3375 3604 3582 3656 autem
3596 3616 3702 3671 pro

2046 3682 2259 3740 eodem
2281 3685 2515 3754 negotio
2540 3685 2704 3757 apud
2731 3685 3013 3742 Sidonem
3028 3686 3703 3753 constitutus,eumdem

2046 3774 2404 3843 magistrum
2443 3790 2579 3830 cum
2600 3774 2885 3831 multisex
2912 3775 3194 3832 fratribus
3221 3775 3269 3847 ej
3283 3793 3373 3843 us,
3405 3782 3464 3832 et
3486 3777 3699 3833 eodem

2049 3862 2431 3920 malefactore
2445 3864 2661 3936 reperit
2684 3879 2699 3930 ;
2714 3863 3041 3937 habitoque
3054 3864 3328 3931 consilio,
3346 3880 3483 3921 cum
3509 3866 3582 3922 iis
3596 3868 3698 3941 qui

2048 3951 2179 4022 ejus
2208 3952 2365 4009 viam
2388 3952 2526 4009 illuc
2542 3952 2997 4017 comitabantur,
3032 3952 3383 4025 praedictum
3415 3955 3697 4026 majesta·

2048 4038 2127 4098 tis
2158 4055 2349 4107 reum,
2382 4041 2458 4097 de
2482 4040 2667 4099 domo
2692 4056 2902 4099 eorum
2927 4040 3213 4099 violenter
3235 4040 3409 4098 educi
3453 4041 3611 4111 fecit,
3645 4048 3698 4101 et

2049 4130 2270 4200 Tyrum
2296 4129 2353 4186 in
2375 4128 2631 4186 vinculis
2668 4129 3028 4195 traductum,
3062 4131 3281 4187 carceri
3298 4130 3436 4186 fecit
3472 4132 3698 4189 manci-

2049 4218 2199 4291 pari.
2223 4217 2490 4275 Tandem
2517 4219 2698 4290 huius
2741 4219 2908 4275 verbi
2946 4219 3259 4277 occasione
3281 4220 3465 4291 paulo
3495 4221 3694 4278 minus

2049 4307 2394 4363 universum
2448 4322 2702 4379 regnum
2726 4307 2937 4365 habuit
2980 4308 3218 4365 ruinam
3246 4309 3692 4381 irreparabilem

2047 4395 2366 4453 sustinere.
2395 4398 2517 4455 Rex
2557 4401 2759 4454 tamen
2789 4402 2847 4454 et
2892 4397 3059 4470 apud
3096 4397 3537 4456 ,assissinorum
3565 4415 3692 4457 ma-

2046 4486 2321 4555 gistrum,
2347 4485 2441 4559 cuj
2453 4502 2520 4541 us
2534 4491 2654 4542 tam
2667 4486 2906 4543 sinistro
2923 4502 3071 4543 casu
3091 4485 3321 4556 legatus
3336 4486 3687 4560 deperierat,

2044 4573 2120 4629 de
2156 4589 2266 4630 sua
2292 4574 2561 4644 allegans
2590 4574 2953 4642 innocentia,
2973 4575 3265 4631 immunis
3285 4576 3562 4647 apparuit
3593 4595 3607 4644 ;
3640 4580 3694 4631 et

2043 4676 2182 4718 oum
2209 4663 2509 4735 praedictis
2533 4662 2836 4729 fratribus,
2855 4668 3185 4734 temperato
3210 4664 3353 4720 satis
3387 4680 3532 4722 usus
3565 4680 3691 4722 mo-

2041 4749 2372 4817 deramine,
2412 4767 2603 4825 usque
2630 4751 2707 4810 ad
2732 4751 2935 4809 obitus
2961 4752 3122 4808 diem
3143 4768 3269 4810 rem
3290 4751 3518 4811 dimisit
3537 4751 3691 4811 indi·
3764 4737 3769 4776 ⁵

2042 4853 2340 4896 scussam.
2373 4839 2595 4897 Dicitur
2624 4847 2849 4907 tamen,
2880 4842 3046 4913 quod
3095 4840 3144 4897 si
3176 4842 3253 4897 de
3278 4857 3565 4913 suprema
3593 4841 3689 4898 illa
3762 4859 3767 4918 j

2040 4928 2822 5004 convaluissetaegritudine,
2839 4946 2972 4986 cum
2989 4929 3234 5000 regibus
3247 4934 3306 4986 et
3317 4931 3688 5004 principibus
3761 4923 3767 4936 ’

2037 5015 2201 5073 orbis
2225 5021 2536 5086 terrarum,
2561 5020 2954 5092 quoestionem
2973 5019 3134 5075 illam
3162 5025 3564 5092 proposuerat
3583 5036 3689 5093 per
3761 5029 3767 5108 ᾗ

2036 5106 2498 5165 honestissimos
2514 5108 2757 5165 nuntios
2770 5106 3112 5180 diligentius
3140 5112 3521 5180 pertractare.
3539 5110 3687 5166 Vere
3761 5115 3765 5130 ¹

2037 5197 2871 5269 autemproximesubsecuto,
2914 5197 3478 5255 venerabilisfrater
3502 5198 3687 5255 domi·
3759 5195 3765 5268 ζ

2034 5296 2150 5342 nus
2164 5284 2513 5358 Radulphus
2539 5286 2724 5343 felicis
2757 5287 3063 5344 memorioe
3097 5285 3528 5344 bethlehemita
3564 5286 3688 5359 epi·
3759 5275 3765 5322 ῗ

2035 5387 2261 5446 scopus
2298 5378 2355 5430 et
2373 5374 2582 5447 regius·
2600 5374 3017 5442 cancellarius,
3045 5376 3137 5433 vir
3153 5374 3421 5434 liberalis
3443 5380 3504 5432 et
3526 5375 3686 5432 beni-

2032 5471 2190 5535 gnus
2204 5460 2563 5531 admodum,
2588 5462 2750 5521 &sm
2774 5463 3020 5523 fatalem
3031 5464 3345 5536 ingressus
3367 5468 3477 5532 est,
3503 5464 3564 5521 iu
3585 5478 3686 5522 οι-
