3784 6000
695 293 978 356 TRACT.
1020 294 1128 356 DE
1171 292 1614 360 Sculsmam
1656 300 1870 365 offro
1911 301 2107 368 POST
2151 309 2487 378 Roman.
2521 308 2575 370 11
2622 308 2985 371 MORTEM.

3429 311 3546 372 190

127 429 320 501 timos,
341 444 452 489 eos
481 429 710 490 scilicet
737 430 839 503 qul
867 430 952 490 rei
971 430 1234 489 nondum
1256 433 1492 505 cognita
1509 434 1778 508 veritate,
1806 441 1867 508 Α
1897 440 2251 500 domesticos
2276 442 2521 517 parietes
2566 441 2931 500 debacchari.
2965 440 3397 499 pictaviensem
3443 458 3538 501 co·

127 520 398 580 neutrius
425 520 623 580 adbuc
660 520 844 594 patris
871 521 1109 580 nomine
1136 521 1494 582 nitebantur.

774 609 1008 669 CAPUT
1044 611 1139 670 VI.

187 700 268 759 De
295 700 826 760 circumveniendo
869 706 1065 760 autem
1111 718 1245 776 rege
1270 702 1595 775 Anglorum
1625 707 1785 764 Hen-

126 790 232 848 rico
264 791 575 866 precipue
603 790 951 861 labos-aban
982 795 1040 848 et
1066 792 1208 863 quia
1235 794 1611 851 cauteriatam
1636 812 1782 855 cou-

124 879 438 938 scientiam
467 880 717 950 babens,
750 880 1001 954 principi
1023 881 1306 939 catholico
1335 887 1393 940 et
1420 882 1673 956 sapienti
1707 885 1782 943 de

124 968 505 1044 suscipiendo
541 969 952 1028 Petro-Leonis
995 971 1302 1029 manifeste
1330 987 1637 1045 suggerere
1657 991 1774 1032 non

123 1056 404 1129 audebas,
437 1061 509 1115 ut
561 1062 838 1115 neutrum
880 1058 1209 1132 susciperet
1246 1059 1502 1117 mirabili
1542 1061 1778 1121 solertia

121 1147 500 1221 suggerebas,
542 1146 624 1205 ita
654 1154 843 1204 tamen
883 1152 950 1205 nt
986 1148 1046 1204 in
1077 1149 1310 1206 Petrum
1341 1157 1440 1207 tua
1466 1149 1774 1224 aliquanto

121 1235 436 1310 proclivior
490 1236 675 1296 oratio
709 1236 1020 1295 videretur.
1052 1237 1196 1295 Rem
1244 1243 1400 1296 stare
1426 1239 1540 1297 sub
1568 1241 1773 1314 dubio,

19 1333 32 1344 “’
119 1325 336 1384 nultos
395 1326 703 1400 utriusque
748 1326 930 1400 partis
974 1343 1108 1386 esse
1154 1328 1438 1395 fautores,
1463 1328 1774 1390 festinasse

117 1416 412 1489 quosdam
444 1416 544 1491 qui
565 1417 694 1490 jam
735 1416 924 1474 multa
979 1417 1326 1491 poenitentia
1365 1420 1721 1478 ducerentur
1752 1438 1769 1478 .·.

115 1504 525 1563 Petri-boonis
553 1504 617 1563 in
671 1504 899 1564 civitate
934 1505 1444 1580 inexpugnabilem
1498 1524 1630 1566 esse
1660 1526 1772 1582 po-

116 1594 392 1667 tentiam,
424 1596 748 1668 prasertim
766 1596 864 1668 qui
892 1596 1325 1655 munitionibus
1345 1599 1639 1668 maximis,
1669 1600 1770 1671 qui

115 1685 367 1756 pecunia
377 1684 771 1758 plurima,qui
790 1686 1047 1760 denique
1069 1691 1382 1760 parentum
1396 1687 1777 1748 multitudine

115 1774 382 1832 maxima
411 1772 740 1832 fulciretur.
767 1777 1114 1833 Asseverare
1163 1775 1386 1834 multos
1432 1777 1629 1850 ipsum
1654 1797 1774 1838 non
1805 1810 1854 1877 B

107 1863 371 1935 justitia,
401 1863 510 1920 sed
570 1864 767 1937 potius
816 1862 1037 1921 invidia
1084 1866 1482 1937 reprobatum,
1513 1882 1581 1924 eo
1616 1870 1773 1942 quod

115 1950 426 2025 perspicax
469 1952 603 2023 ejus
649 1951 980 2026 ingenium,
1009 1957 1068 2010 et
1087 1952 1540 2026 amplitudinem
1568 1958 1778 2026 animi,

116 2045 169 2099 st
205 2040 688 2114 irrefragabilem
746 2042 1065 2114 potentiam
1123 2043 1330 2115 reliqui
1382 2050 1723 2104 vererentur
1758 2063 1776 2106 ε

119 2130 426 2188 neminem
450 2135 634 2188 taum
662 2147 810 2202 esse,
832 2131 934 2204 qui
977 2137 1176 2205 posset
1197 2149 1333 2191 eum
1366 2135 1529 2192 urbis
1552 2137 1779 2209 privare

119 2219 412 2288 dominio,
445 2236 624 2293 penes
645 2237 826 2295 quam
848 2226 1019 2294 caput
1030 2222 1300 2281 Ecclesiae
1322 2240 1557 2298 semper
1573 2226 1778 2299 fuisse,

119 2311 220 2368 sed
249 2314 316 2367 et
343 2310 604 2383 denique
648 2326 1017 2369 reversurum
1048 2313 1170 2369 fore
1207 2312 1406 2371 nullus
1434 2314 1776 2389 ambigeret.

120 2404 352 2473 ipsum,
383 2403 450 2458 et
473 2415 574 2458 eos
605 2399 710 2473 qui
754 2416 890 2459 cum
925 2401 1054 2474 ipsc
1092 2406 1278 2469 erant,
1307 2402 1672 2461 sufficientes
1711 2422 1781 2464 ex

125 2488 393 2562 proprio,
425 2492 485 2546 et
511 2504 722 2548 omnes
742 2489 811 2549 ad
832 2489 1228 2563 apostolatum
1250 2490 1608 2563 pertinentes
1638 2493 1779 2553 civi·

123 2576 208 2635 les
237 2578 514 2635 redditus
539 2576 832 2636 obtinere:
849 2595 967 2636 non
989 2579 1457 2654 oportereipsum
1470 2583 1543 2639 ad
1561 2581 1780 2641 eliense

125 2667 422 2740 inspicere
451 2667 785 2737 facultates,
815 2685 923 2727 nee
950 2670 1022 2726 ad
1054 2670 1465 2728 invertendum
1495 2671 1782 2745 quidlibet

125 2758 206 2815 rei
233 2755 552 2816 familiaris
578 2757 788 2830 inopia
829 2757 1329 2830 compellendum.
1371 2760 1427 2816 Si
1456 2761 1781 2833 susciperet

127 2847 409 2916 alterum,
439 2861 756 2905 onerosum
785 2846 996 2917 sibi‚et
1021 2863 1128 2905 suo
1158 2864 1337 2922 regno
1369 2849 1511 2920 fore,
1539 2855 1598 2906 et
1624 2852 1778 2921 quod

125 2937 242 3012 regi
273 2941 373 2994 est
399 2935 574 2994 etiam
596 2937 814 2996 damno
835 2937 1114 3007 deterius,
1134 2938 1388 2997 dedecus
1416 2940 1777 3012 adfuturum,

121 3029 170 3085 si
197 3044 338 3100 pars
365 3025 556 3085 altera
592 3027 943 3100 prevaleret.
975 3028 1135 3086 Nihil
1173 3044 1302 3086 esse
1340 3030 1778 3103 importabilius

119 3117 429 3190 indigente
455 3116 738 3187 Romano,
768 3117 874 3175 sub
903 3117 1076 3190 quus
1105 3118 1189 3176 sis
1216 3118 1458 3178 arbitrio
1486 3123 1773 3179 constitu·

118 3211 235 3265 tus.
267 3205 685 3265 Dissimularet
712 3206 908 3280 igitur,
932 3212 990 3265 et
1017 3223 1213 3265 rerum
1241 3209 1432 3267 exitus
1462 3210 1654 3283 potius
1681 3227 1774 3269 ex·
1800 3175 1846 3245 c

118 3300 451 3371 spectaret,
480 3311 654 3368 quam
684 3312 816 3354 sera
843 3297 1202 3372 precipitem
1220 3299 1574 3357 sententiam
1604 3301 1777 3374 poeni-

118 3386 306 3444 tentia
333 3387 750 3458 subsequatur.
785 3386 993 3445 Utilius
1024 3387 1182 3444 enim
1219 3403 1350 3445 esse
1377 3390 1505 3447 sine
1535 3389 1777 3463 dispen-

120 3475 217 3532 dio
246 3473 548 3533 declinare
587 3476 864 3548 pericula,
897 3492 1075 3550 quam
1115 3492 1251 3535 cum
1282 3479 1442 3550 gravi
1473 3478 1777 3552 dispendio

120 3563 268 3637 ipsis
287 3565 446 3622 ultro
476 3563 750 3638 periculis
776 3564 1035 3623 obviare.

190 3653 452 3727 Agnovit
469 3669 570 3713 rex
595 3653 826 3727 sapiens
854 3654 1132 3713 latentem
1162 3655 1223 3713 in
1254 3671 1523 3716 sermone
1542 3673 1778 3732 serpen-

119 3744 195 3800 tis
220 3742 529 3813 astutiam,
559 3747 620 3801 et
645 3759 941 3803 venenum
1002 3744 1117 3803 sub
1174 3745 1344 3805 melle
1383 3749 1775 3821 reconditum,

120 3833 257 3906 quia
275 3832 474 3891 silicet
519 3833 635 3892 ista
662 3850 780 3892 non
827 3835 987 3893 bona
1024 3836 1140 3894 flde
1176 3836 1540 3896 consulentis
1579 3838 1778 3897 animo

120 3922 530 3994 mandaveras,
569 3924 676 3982 sed
722 3923 1007 3993 fallentis,
1056 3929 1121 3983 ut
1170 3926 1408 3986 domino
1445 3943 1596 4002 papa
1616 3929 1781 4002 prius

119 4013 386 4086 qualibet
413 4017 540 4071 arte
573 4014 980 4072 fraudulenter
1024 4016 1283 4089 excluso,
1316 4019 1388 4074 ad
1420 4019 1780 4093 loquendum

119 4118 222 4175 pro
255 4103 434 4161 Petro
464 4103 567 4161 tibi
625 4105 984 4163 commodior
1038 4105 1231 4164 aditus
1257 4112 1584 4180 appareret.
1610 4109 1779 4168 Faci-

121 4191 237 4250 lius
265 4193 432 4251 enim
464 4193 534 4250 ad
565 4193 884 4252 favendum
909 4195 1060 4267 patri
1098 4203 1306 4253 noetroe
1336 4212 1552 4256 vacuos
1581 4198 1781 4256 vindi-

119 4297 333 4339 camus
387 4282 650 4352 affectus,
693 4298 876 4355 quam
921 4283 1115 4344 favore
1148 4286 1277 4358 jam
1308 4285 1488 4359 partis
1528 4286 1779 4346 alterius

120 4374 464 4445 occupatos.
498 4370 607 4429 ille
635 4387 770 4430 vero
791 4388 907 4430 non
939 4372 1458 4447 dissimulandum,
1487 4377 1586 4435 sed
1617 4376 1781 4435 labo-

122 4460 313 4518 rantis
361 4460 634 4520 Ecclesiae
688 4462 1141 4521 necessitatibus
1198 4465 1430 4536 adjutor
1468 4465 1776 4525 ultroneus

1892 529 2090 587 mitem
2119 536 2325 588 nactus
2356 530 2569 588 erroris
2630 529 2878 598 socium,
2911 533 2971 586 et
2997 528 3341 586 schismatis
3373 529 3547 600 adju·

1891 621 2076 676 torem
2104 644 2120 690 3
2152 637 2328 694 quem
2356 619 2534 678 etiam
2564 619 2943 677 pictaviensis
2972 619 3236 692 episcopi
3266 617 3539 675 catholici

1891 709 2051 766 senis
2098 712 2319 784 fnegata
2373 710 2673 784 depositio,
2735 714 2795 765 et
2846 712 3052 766 contra
3107 707 3541 766 sacratissimos

1891 812 2145 857 canones
2175 816 2288 858 non
2320 799 2592 858 exaudita
2620 797 2840 872 petitio,
2865 797 3235 869 indignatum
3270 796 3489 870 pariter
3508 811 3543 852 a

1888 887 2174 946 catholica
2200 888 2418 962 repulit
2449 888 2692 946 unitate.

1959 979 2089 1035 Haec
2116 982 2276 1047 sunt,
2310 979 2571 1049 Girarde,
2604 994 2730 1051 qum
2766 992 2869 1048 pro
2894 975 3150 1034 Ecclesia
3175 979 3232 1033 et
3262 976 3540 1033 adversus

1885 1066 2206 1125 Ecclesiam
2236 1069 2349 1126 sub
2397 1067 2562 1125 initio
2606 1066 2970 1140 tempestatis
3016 1066 3203 1138 egisti,
3235 1082 3368 1138 quae
3401 1063 3543 1121 licet

1886 1157 2019 1214 rudi
2049 1158 2294 1216 forsitan
2321 1164 2377 1215 et
2405 1157 2624 1215 inculto
2645 1171 2913 1214 sermone
2945 1154 3321 1224 narraverim,
3344 1155 3531 1210 solam

1883 1247 2091 1305 saltem
2116 1246 2284 1319 sequi
2317 1245 2480 1320 potui
2526 1245 2852 1304 veritatem.
2903 1243 3061 1301 Nihil
3100 1243 3256 1300 enim
3299 1241 3538 1315 scripsi,

1885 1336 2043 1408 quod
2073 1350 2190 1393 non
2212 1336 2301 1392 vel
2323 1334 2444 1408 ipse
2462 1333 2853 1407 cognoverim,
2876 1331 2962 1389 vel
2984 1339 3219 1390 auctore
3241 1329 3536 1404 probabili

1885 1444 2002 1485 non
2035 1427 2325 1490 haberem.
2358 1426 2448 1486 vel
2505 1427 2658 1500 quod
2707 1424 2913 1482 saltem
2972 1424 3125 1481 fama
3156 1422 3394 1497 publica
3415 1438 3533 1479 non

1884 1517 2158 1585 affirmet,
2194 1521 2259 1574 ut
2287 1515 2529 1589 proinde
2562 1531 2677 1574 non
2705 1513 2899 1572 minus
2928 1514 3060 1572 aliis
3110 1511 3410 1585 probabile
3446 1511 3537 1567 vi-

1882 1606 2109 1677 deatur,
2131 1622 2264 1664 cum
2320 1605 2431 1680 ipsi
2474 1609 2561 1663 tot
2616 1603 2953 1662 testimonia
3007 1604 3414 1674 suffragentur
3459 1601 3529 1657 ad

1883 1697 2084 1753 fidem.
2138 1696 2270 1753 Jam
2321 1710 2453 1753 vero
2499 1694 2552 1753 si
2609 1698 2761 1751 recte
2809 1692 3117 1766 propositas
3194 1690 3528 1764 partitionis

1883 1786 2149 1843 membra
2167 1785 2464 1857 recollige,
2496 1783 2623 1842 sola
2653 1782 2800 1839 mibi
2833 1781 3109 1854 propositi
3135 1781 3535 1850 meisuperest

1882 1890 2016 1948 pars
2044 1873 2399 1945 extrema,in
2420 1872 2763 1948 quaquibus
2775 1872 3088 1929 Ecclesiam
3116 1869 3219 1928 Dei
3244 1868 3528 1926 molestiis

1879 1981 2086 2023 vexare
2142 1964 2379 2038 quidem
2418 1972 2473 2021 et
2511 1961 2781 2037 persequi
2814 1977 2935 2018 non
2973 1959 3235 2028 desistis,
3267 1974 3336 2014 ex
3367 1961 3528 2029 parte

1879 2054 2190 2112 dicendum
2223 2058 2331 2112 est.
2362 2054 2417 2110 Si
2450 2054 2582 2126 quis
2610 2052 2769 2111 enim
2801 2051 2975 2108 vellet
3021 2053 3229 2106 cuncta
3263 2063 3530 2117 narrare,

1881 2160 1989 2201 nec
2016 2145 2089 2201 ad
2121 2141 2655 2216 dicendumlingua
2683 2141 2994 2208 sufficeret,
3027 2155 3133 2196 noc
3164 2137 3431 2195 calamus
3455 2136 3530 2193 ad

1882 2232 2283 2291 scribendum.

2494 2320 2729 2380 CAPUT
2771 2321 2893 2376 Vll.

1953 2415 2234 2488 Suscepta
2261 2412 2443 2486 igitur
2463 2412 2862 2470 Petri-Leonis
2889 2409 3153 2482 epistola,
3177 2407 3403 2480 coepisti
3428 2421 3529 2477 per

1880 2504 2030 2561 fines
2059 2502 2387 2577 Aquitaniae
2413 2499 2798 2560 discurrendo
2844 2498 3098 2570 pristinae
3123 2494 3528 2569 praedicationi

1881 2599 1995 2651 tuo
2027 2593 2336 2667 predicare
2391 2590 2699 2658 contraria,
2749 2589 2984 2646 Petrum
3041 2585 3260 2644 scilicet
3317 2582 3527 2641 Leonis

1886 2679 2145 2740 Anacleti
2200 2681 2459 2751 nomine,
2490 2680 2594 2737 sed
2650 2677 2843 2736 verius
2893 2675 3261 2742 Antichristi,
3316 2690 3531 2748 papam

1880 2789 2048 2843 esee;
2081 2772 2252 2843 cujus
2280 2771 2519 2844 quidem
2549 2767 2940 2841 apostolatum
2981 2767 3151 2823 sedes
3184 2762 3534 2838 principalis

1882 2862 2190 2935 exciperet,
2221 2865 2279 2919 et
2305 2860 2480 2918 totius
2508 2858 2754 2915 civitatis
2776 2856 3109 2914 obedientia
3129 2855 3528 2912 confirmaret.

1879 2952 2144 3011 Alterum
2199 2949 2429 3008 civitate
2476 2947 2715 3022 pulsum
2773 2962 2909 3003 cum
2969 2946 3168 3017 paucis
3200 2942 3531 3000 fautoribus

1882 3042 2011 3100 sine
2056 3045 2214 3099 certa
2250 3041 2351 3098 sed
2391 3046 2725 3111 evagantem
2763 3040 3119 3093 avertentem
3174 3031 3437 3106 populos„
3470 3035 3532 3089 et

1881 3134 1955 3192 ab
1984 3131 2244 3191 Ecclesia
2271 3138 2637 3203 separantem
2661 3148 2676 3197 ς
2701 3143 2875 3201 quem
2915 3142 3023 3185 nec
3049 3125 3257 3183 Gatbed
3268 3142 3332 3181 ra
3361 3127 3528 3180 Late-

1884 3221 2152 3281 ranensis
2191 3223 2557 3294 agnosceret;
2590 3234 2696 3276 nec
2752 3218 2806 3274 ei
2860 3216 3213 3288 obsequium
3270 3213 3535 3272 Romana

1884 3313 2089 3371 civitas
2143 3310 2462 3368 exhiberet.
2506 3312 2692 3378 Quem
2750 3323 2960 3380 papam
3017 3306 3251 3363 credere
3318 3302 3533 3360 similis

1884 3402 2142 3460 amentia
2164 3400 2491 3468 videbatur,
2521 3403 2588 3457 ut
2641 3397 2692 3455 si
2740 3396 2872 3470 quis
2903 3398 3197 3453 carentem
3228 3409 3408 3467 regno
3442 3407 3534 3449 re-

1883 3505 2015 3562 gem
2071 3489 2282 3556 dicere,
2314 3485 2664 3544 destitutum
2717 3482 3050 3557 principatu
3074 3479 3397 3554 principem
3420 3494 3531 3549 ap-

1884 3577 2103 3652 pellare
2130 3576 2394 3636 voluerit.
2423 3574 2598 3641 Quasi
2629 3573 2826 3641 mode,
2861 3569 3388 3641 Girarde,justitiae
3413 3567 3538 3625 loca

1883 3666 2286 3740 praejudicent,
2317 3667 2375 3722 et
2394 3665 2499 3737 jus
2525 3660 2826 3733 dignitatis
2856 3659 3107 3733 perimat
3150 3655 3310 3712 illius
3331 3653 3533 3712 civita-

1884 3757 1962 3814 tis
1992 3772 2278 3831 egressus,
2310 3757 2371 3811 et
2421 3751 2576 3811 velut
2621 3749 2808 3809 solius
2866 3747 3065 3820 populi
3099 3744 3342 3802 Romani
3374 3743 3536 3799 favor

1883 3844 2159 3903 omnibus
2208 3843 2329 3903 fere
2383 3838 2614 3914 populis
2660 3837 2865 3896 debeat
2913 3833 3204 3893 anteferri.
3237 3831 3532 3904 Numquid

1884 3934 2044 3992 enim
2073 3934 2201 4006 ipse
2254 3930 2523 3990 Laterani
2561 3928 2851 3997 residens,
2881 3925 2943 3982 in
2974 3924 3077 3980 illa
3105 3921 3264 3980 beati
3291 3919 3536 3979 Joannis

1884 4023 2128 4082 ecclesia
2153 4019 2457 4095 principali
2475 4016 3045 4077 christianissimum
3070 4012 3393 4087 principem
3427 4011 3536 4067 Lo·

1887 4112 2145 4170 tharium
2170 4107 2536 4169 consecravit
2570 4106 2634 4164 in
2674 4121 2870 4178 regem
2889 4104 2918 4161 ‘3
2937 4102 3220 4175 Nunquid
3241 4102 3443 4175 ipsum
3471 4102 3531 4155 et

1885 4201 2394 4276 imperiinomine‚
2413 4202 2472 4256 et
2499 4194 2789 4269 imperiali
2818 4193 3151 4252 diademate
3179 4190 3530 4248 renitentem

1885 4290 2256 4351 solemnitate
2275 4288 2473 4347 debita
2499 4285 2841 4344 decoravit?
2862 4283 3142 4356 Nunquid
3173 4282 3365 4354 ipsum
3395 4293 3530 4351 pars

1886 4396 2102 4455 magna
2157 4379 2462 4447 nobilium,
2495 4381 2555 4436 et
2606 4375 2788 4433 totius
2808 4373 3008 4447 populi
3040 4368 3398 4430 conscientia
3425 4383 3531 4425 co-

1888 4469 2170 4529 mitatur?
2189 4469 2234 4529 N
2244 4466 2471 4542 unquid
2488 4465 2681 4525 eidem
2705 4463 2871 4521 urbis
2900 4461 3276 4531 habitatio,et
3303 4458 3534 4527 ingres-

121 4551 376 4608 eredldit
401 4552 949 4623 occurrendum,ne
976 4554 1356 4626 persuasione
1373 4564 1473 4613 tua
1500 4556 1779 4628 probare·
1809 4549 1855 4617 D
1884 4577 1989 4618 sus
2044 4575 2148 4632 pro
2206 4557 2444 4617 arbitrio
2498 4560 2705 4630 patens
2751 4560 2838 4610 est
2885 4559 2940 4610 et
2969 4566 3238 4624 egressus
3260 4547 3287 4603 Τ
3308 4544 3534 4611 Quibus

122 4643 216 4695 tur
268 4638 636 4713 acephalum
668 4645 725 4698 et
782 4641 855 4698 ab
913 4641 1196 4701 uberibus
1224 4644 1432 4702 matris
1462 4660 1582 4702 suae
1610 4644 1774 4703 fieret

121 4728 378 4786 alienus.
409 4728 530 4787 Rex
573 4729 882 4800 maximus,
913 4731 1086 4802 anus
1121 4729 1196 4788 ad
1241 4731 1536 4804 justitiam
1565 4748 1773 4793 omnes

121 4818 242 4877 fere
256 4819 554 4892 principes
575 4819 900 4878 invitantur
917 4821 1202 4895 exemplo,
1217 4823 1389 4895 cujus
1401 4823 1461 4880 in
1491 4840 1772 4899 pauperes

119 4907 1051 4980 munificentiam,liberalitatem
1071 4911 1134 4968 in
1147 4927 1374 4984 omnes,
1387 4914 1581 4971 cuncti
1601 4931 1769 4989 reges

117 4997 326 5056 mirari
355 5006 600 5072 possunt
629 5000 847 5074 potius,
872 5016 1045 5074 qnam
1067 4999 1250 5061 velint
1270 5007 1373 5060 aut
1391 5003 1621 5061 valeant
1641 5005 1772 5062 imi-

114 5089 250 5147 tari.
285 5088 472 5162 Cujus
499 5089 849 5163 sapientiam
907 5107 1154 5165 regnum
1190 5092 1371 5165 ipsius
1424 5097 1484 5153 et
1523 5097 1770 5155 ducatus

113 5177 226 5236 etsi
253 5177 376 5237 late
394 5179 651 5252 spatiosa
667 5196 786 5239 non
798 5180 1118 5251 continent,
1143 5183 1247 5239 sed
1269 5183 1340 5240 ad
1363 5184 1770 5257 circumjectas

115 5266 466 5324 refunditur
491 5268 753 5341 undique
783 5272 1134 5343 potestates.

186 5356 342 5414 eum
372 5360 591 5426 autem,
621 5356 885 5428 Girarde,
913 5358 1154 5432 regibus
1192 5359 1604 5433 Hispanorum,
1638 5362 1770 5419 Bri-

113 5457 557 5519 tannos-umque
583 5445 952 5522 principibus
977 5449 1183 5507 eadem
1205 5452 1568 5525 suggerendo
1598 5468 1770 5510 man-

117 5536 354 5608 dasses,
382 5539 442 5593 et
469 5539 733 5610 speratos
763 5537 991 5596 fructus
1011 5539 1362 5598 concinnata
1383 5539 1493 5598 tibi
1523 5541 1769 5599 menda-

114 5635 210 5693 cia
229 5649 354 5695 non
383 5632 685 5713 referrent,
715 5635 944 5710 coepisti
971 5637 1328 5698 dementiore
1354 5638 1589 5699 vesania
1615 5639 1771 5698 inira

1880 4650 2139 4725 profecto
2194 4648 2246 4705 si
2288 4650 2511 4705 careret
2568 4645 2832 4711 omnino,
2893 4639 3057 4698 nullo
3105 4647 3299 4696 tamen
3329 4649 3532 4692 eorum

1877 4743 2078 4812 posset
2094 4736 2339 4810 iustitio
2365 4734 2650 4809 derogari.
2683 4731 2792 4790 Sed
2852 4730 2998 4786 dum
3028 4735 3081 4785 te
3109 4727 3298 4784 latens
3330 4723 3532 4783 odium

1877 4828 2233 4887 stimulatad
2247 4826 2581 4892 vindictam,
2601 4823 2866 4897 linguam
2891 4815 3197 4876 mendacio
3220 4830 3337 4872 non
3356 4828 3533 4887 nega-

1879 4921 2006 4991 bas,
2039 4922 2101 4977 ut
2124 4917 2301 4977 verba
2328 4931 2547 4976 veneno
2584 4909 2877 4971 mendacii
2908 4907 3178 4977 toxicata,
3209 4904 3538 4964 infidelita-

1878 5010 1958 5068 tis
2011 5007 2252 5067 vulnere
2299 5004 2659 5078 simplicium
2712 5003 2950 5074 pectora
2979 4997 3337 5058 sauciarent.
3367 4995 3536 5053 Circa

1877 5098 2034 5171 quod
2064 5098 2211 5155 dum
2242 5092 2602 5154 unicumtibi
2622 5088 3222 5166 propositum,unicus
3240 5086 3527 5160 urguendi

1874 5188 2060 5257 labor,
2102 5186 2276 5244 unica
2327 5182 2545 5241 laboris
2610 5178 3041 5256 perseverantia
3109 5181 3354 5244 constat,
3407 5180 3527 5230 tor-

1876 5284 2072 5337 rentes
2101 5278 2355 5349 impetus
2384 5277 2518 5332 tuos
2539 5269 2823 5346 praevertit
2849 5269 3145 5326 modicum
3181 5267 3265 5323 vis
3286 5264 3481 5322 divina
3507 5283 3524 5333 ;

1872 5369 2249 5442 primumque
2269 5365 2341 5422 de
2386 5360 2709 5421 inefficacia
2745 5363 2987 5432 speratae
3020 5354 3326 5431 potestatis
3357 5371 3523 5424 argu·

1876 5466 2140 5516 mentum
2193 5452 2459 5521 accessit,
2524 5451 2587 5509 in
2653 5449 2991 5522 ligationem
3052 5462 3220 5503 versa
3286 5443 3524 5517 legatio.

1874 5551 2091 5621 Captus
2108 5562 2195 5616 es,
2223 5552 2278 5604 et
2306 5541 2609 5601 mensibus
2635 5539 2860 5614 aliquot
2906 5536 3171 5596 reclusus
3203 5534 3265 5591 in
3294 5551 3524 5593 carcere

1873 5638 2057 5697 donec
2086 5651 2231 5712 quos
2262 5632 2455 5709 gratia
2475 5629 3023 5707 pradestinavorst,
3054 5627 3233 5701 plena
3255 5624 3520 5683 veritatis
