3784 6000
154 267 281 329 657

622 266 826 329 ms'r.
879 264 1157 331 RERUM
1199 262 1739 327 TRANSMARm.
1787 296 1864 310 -·
1910 263 2055 327 Lm.
2101 264 2264 328 xvi.
2310 262 2756 327 BALDUINUS
2798 263 2888 325 ΙΙΙ
2931 262 3110 326 REX.

3457 265 3579 326 658

157 400 319 458 ferro
350 398 464 458 iter
480 398 860 472 aperiendum
905 414 1032 456 esse
1059 415 1176 457 non
1190 398 1481 467 dubitent,
1497 398 1617 456 leve
1634 404 1825 457 tamen
1855 398 1912 466 Α
1939 398 2211 466 laetiores,
2244 414 2400 454 nunc
2429 398 2500 453 de
2555 396 2859 467 reamissa,
2891 403 2947 454 et
2975 402 3166 472 strage
3212 397 3496 456 nobilium
3528 402 3584 457 et

153 489 433 562 judicant
460 489 751 564 quidquid
789 488 1048 545 accidere
1089 493 1279 560 potest
1304 489 1506 545 urbem
1558 487 1828 560 egressis,

156 582 392 639 Interea
422 579 495 634 de
525 578 1494 646 hostibusnonnulli,reserantibus
1511 576 1827 635 eisaditum

160 670 466 742 quierant
505 668 563 724 in
608 666 914 740 praesidiis,
948 668 1007 724 in
1060 669 1260 724 urbem
1308 669 1546 740 recepti,
1579 685 1613 723 a
1668 671 1829 740 tergo

156 759 389 815 instant
409 757 625 826 acrius,
658 761 715 813 et
743 756 966 815 exitum
1000 760 1298 814 maturare
1328 741 1827 831 compellunt;qui

158 864 300 906 vero
330 847 581 905 exterius
614 852 806 915 erant,
840 847 1042 904 audito
1072 849 1229 920 quod
1262 846 1356 903 sui
1381 863 1450 903 ex
1485 852 1648 918 parte
1676 847 1832 902 intra

160 936 466 995 civitatem
489 937 809 993 introducti
841 941 1061 1003 essent,
1092 940 1146 993 et
1161 937 1288 1007 jam
1322 952 1454 993 cum
1490 935 1703 993 nostris
1725 952 1835 1008 pu-

164 1042 348 1099 gnam
376 1026 829 1094 committerent,
861 1026 985 1081 suis
1015 1027 1278 1082 volentes
1311 1026 1576 1097 adjungi,
1609 1033 1830 1097 portam

173 1132 357 1188 quam
409 1114 591 1172 nostri
657 1119 1031 1186 aperuerant,
1059 1119 1127 1171 ut
1150 1115 1397 1181 exirent,
1428 1113 1707 1171 violenter
1733 1128 1831 1170 oc-

159 1209 391 1277 cupant
418 1221 435 1271 ς
462 1210 521 1261 et
549 1212 870 1261 convocata
894 1221 963 1261 ex
987 1204 1272 1260 universis
1292 1203 1595 1261 ordinibus
1613 1204 1834 1275 ingenti

160 1292 575 1364 multitudine,
627 1308 928 1366 egressum
984 1293 1271 1361 inhibent,
1306 1292 1407 1349 sed
1457 1292 1599 1349 etin
1633 1292 1832 1348 urbem

169 1383 421 1440 introire
451 1381 831 1439 contendunt.
863 1382 1196 1439 Commissa
1234 1389 1314 1438 est
1351 1382 1531 1454 igitur
1565 1381 1647 1439 ibi
1677 1380 1833 1440 inter

158 1477 365 1546 partes
390 1488 603 1545 pugna,
636 1476 919 1544 quantum
966 1471 1079 1529 loci
1118 1471 1493 1543 patiebantur
1521 1471 1830 1540 angustiae,

158 1561 499 1637 periculosa
540 1561 718 1618 nimis
752 1562 986 1634 utrique
1016 1563 1188 1635 parti.
1221 1562 1479 1617 Tandem
1506 1562 1560 1617 vi
1578 1561 1831 1634 compel-

160 1651 423 1709 lentibus
444 1649 648 1722 eisqui
696 1651 768 1707 ab
828 1650 991 1706 intus
1036 1650 1336 1706 instabant
1365 1651 1654 1721 cominuS,
1688 1659 1742 1708 et
1771 1651 1832 1706 in

164 1740 277 1797 hac
308 1744 473 1812 parte
507 1739 721 1796 nostris
750 1740 902 1796 vires
933 1747 990 1796 et
1035 1739 1294 1796 animum
1331 1739 1824 1808 ministrantibus,
1856 1759 1905 1826 B

161 1828 368 1886 invitis
396 1832 454 1884 et
480 1828 800 1901 plurimum
823 1828 1214 1886 renitentibus
1245 1829 1646 1901 exterioribus,
1667 1830 1822 1886 viam

161 1917 337 1985 ferro,
364 1916 546 1973 multa
565 1917 1060 1989 utriusquepartis
1092 1922 1278 1990 strage
1308 1918 1826 1989 aperiunt,campis

160 2023 231 2064 se
262 2007 603 2080 patentibus
634 2007 1031 2064 infundentes.
1070 2006 1291 2065 Intueri
1321 2011 1445 2065 erat
1473 2009 1550 2065 ibi
1582 2008 1740 2082 quod
1769 2014 1829 2066 et

158 2097 297 2154 visu
355 2096 715 2167 miserabile,
774 2102 832 2153 et
887 2098 1226 2156 recitatione
1284 2098 1502 2171 gemitu
1564 2098 1827 2171 plenum,

159 2186 391 2242 inerme
418 2187 655 2258 vulgus,
691 2186 984 2245 imbellem
1041 2188 1253 2244 civium
1298 2187 1600 2260 populum,
1632 2203 1826 2256 senes,

158 2275 644 2345 valetudinarios,
676 2281 972 2334 matronas
1029 2294 1163 2334 cum
1212 2277 1540 2350 virginibus
1571 2278 1826 2349 tenellis,

166 2365 507 2439 grandevae
528 2369 748 2423 matres
761 2382 894 2423 cum
915 2367 1169 2437 parvulis
1181 2372 1240 2425 et
1259 2368 1610 2440 sugentibus
1624 2368 1825 2431 ubera,

166 2453 229 2510 in
263 2453 408 2525 ipsis
439 2458 739 2526 portarum
772 2454 1082 2527 angustiis,
1118 2455 1331 2527 partim
1362 2471 1642 2528 equorum
1668 2456 1828 2528 pedi-

162 2543 289 2600 bus
324 2543 694 2613 conculcari,
727 2544 944 2617 partim
978 2545 1152 2601 turba
1200 2545 1707 2615 comprimentium
1740 2544 1829 2600 in-

170 2632 448 2690 terclusis
475 2631 803 2704 respirandi
835 2633 1146 2702 meatibus,
1207 2633 1617 2690 miserabiliter
1649 2635 1827 2692 suffo-

166 2722 323 2790 cari;
355 2721 564 2793 partim
595 2721 806 2792 gladiis
832 2722 1084 2779 bostium
1110 2739 1223 2778 non
1249 2722 1827 2795 parcentibusinter·

170 2813 282 2868 ire.
342 2813 518 2870 Porro
563 2810 855 2868 interfecti
914 2816 1055 2869 sunt
1111 2813 1192 2868 ibi
1250 2812 1321 2869 de
1367 2812 1591 2870 civibus
1650 2831 1823 2871 sexus

169 2899 497 2973 promiscui
554 2916 701 2973 pene
758 2917 985 2972 omnes,
1043 2901 1145 2974 qui
1187 2906 1449 2959 nostrum
1507 2902 1823 2960 exercitum

165 2989 570 3064 egredientem
603 2991 768 3064 sequi
792 2991 1184 3060 decreverant,
1219 2992 1420 3065 paucis
1441 2993 1822 3050 evadentibus

166 3080 272 3155 qui
302 3087 402 3137 aut
434 3079 655 3153 proprii
684 3081 880 3154 vigore
909 3082 1185 3154 corporis,
1219 3086 1315 3138 aut
1336 3098 1618 3153 equorum
1645 3083 1819 3140 bene·

168 3170 325 3239 licio,
356 3170 662 3227 abeuntem
687 3170 1005 3226 exercitum
1029 3170 1821 3243 poterantcomitari.Videns
1850 3134 1892 3201 C

165 3274 309 3331 ergo
338 3259 669 3316 Noradinus
704 3265 935 3316 nostros
963 3260 1033 3315 ad
1084 3261 1444 3316 redeundum
1469 3261 1823 3331 succinctos,

167 3349 444 3405 cohortes
478 3354 764 3406 convocat
796 3350 866 3406 ad
900 3349 1308 3406 insectandum
1343 3349 1647 3419 obeuntes,
1670 3351 1824 3410 acies

169 3437 745 3510 instruit‚componit
765 3437 1000 3511 agmina
1026 3443 1113 3507 ;et
1133 3438 1513 3509 procedentes
1534 3441 1824 3497 continuis

173 3543 393 3600 urgens
430 3543 465 3584 a
495 3532 660 3600 tergo
717 3527 1255 3601 congressionibus,
1306 3528 1659 3601 insequitur.
1694 3530 1826 3586 Erat

171 3622 372 3672 autem
405 3616 624 3672 nostris
649 3616 760 3673 iter
786 3632 990 3673 versus
1020 3617 1395 3689 Euphratem,
1418 3618 1517 3689 qui
1548 3635 1583 3674 a
1612 3617 1826 3690 praedi-

171 3709 273 3762 cta
303 3705 445 3761 urbe
471 3702 822 3761 milliaribus
851 3704 1107 3762 distabat
1137 3706 1306 3778 quasi
1337 3707 1771 3776 quatuordecim
1807 3722 1822 3762 t

169 3811 288 3866 quo
320 3798 439 3852 toto
469 3794 677 3851 itinere
708 3810 823 3852 non
854 3794 1040 3850 defuit
1075 3794 1314 3851 domino
1344 3795 1543 3851 comiti
1573 3804 1627 3853 et
1656 3812 1826 3853 exer-

169 3883 320 3941 citui
354 3884 483 3955 eJus
511 3899 708 3956 pugna
728 3884 914 3955 jugis,
948 3883 1277 3955 periculum
1307 3884 1676 3954 indeficiens;
1700 3885 1823 3942 sin·

173 3973 333 4047 gulis
349 3973 504 4029 enim
537 3989 680 4044 pene
700 3973 970 4045 passibus
988 3973 1289 4030 conflictus
1312 3979 1498 4041 erant,
1530 3978 1656 4030 tum
1677 3974 1829 4031 mul-

167 4067 394 4130 torum,
424 4067 553 4118 tum
610 4062 959 4135 singulares,
992 4062 1207 4135 quibus
1263 4079 1331 4119 ex
1397 4066 1642 4136 utraque
1665 4069 1826 4135 parte

177 4150 383 4225 plures
432 4151 877 4207 occumbebant.
901 4151 1171 4208 Mortuus
1228 4159 1311 4208 est
1366 4152 1445 4207 ibi
1478 4152 1562 4207 vir
1591 4153 1825 4226 nobilis,

176 4242 337 4299 unde
356 4257 536 4311 supra
566 4239 811 4296 fecimus
843 4241 1221 4310 mentionem,
1266 4246 1324 4298 et
1353 4239 1711 4300 militaribus
1735 4243 1823 4300 in·

171 4330 365 4403 signis
384 4327 683 4400 operibus,
713 4328 984 4385 dominus
1005 4327 1328 4386 Balduinus
1358 4330 1429 4385 de
1470 4329 1657 4388 Mares
1685 4348 1699 4400 ;
1732 4347 1823 4389 ce·

168 4420 439 4476 ciderunt
458 4433 692 4492 quoque
721 4423 778 4475 et
807 4417 906 4474 alii
955 4417 1152 4489 plures
1194 4418 1300 4475 viri
1331 4420 1826 4478 commendabiles

1943 487 2143 561 populi
2201 487 2547 544 confusione
2611 486 2953 555 Christiani,
2995 503 3168 546 casus
3222 489 3587 547 contristavit

1941 594 2219 650 asperior.

2549 684 2784 742 CAPUT
2815 685 2985 744 xvu.

1940 776 2177 831 Moritur
2238 774 2767 846 Hierosolymitonus
2850 774 3173 845 patriarcha
3248 774 3587 839 Willelmuu

2011 847 2315 901 Fulchemae
2344 846 2597 917 ‘tyrensis
2645 845 3092 915 archiepiscopus
3127 850 3176 901 et
3203 844 3585 905 substituitur.

2013 918 2236 988 Tyren-si
2256 918 2505 972 Ecclesiae
2540 931 2638 986 per
2684 919 2894 988 reyicm
2933 917 3248 974 violenciam
3281 915 3588 973 intruditur

2015 989 2354 1061 liudulphus,
2383 991 2564 1059 reqius
2590 989 2979 1045 concellarius.

2010 1115 2119 1170 Per
2147 1115 2301 1171 idem
2333 1117 2568 1187 tempus
2599 1115 2874 1172 dominus
2906 1115 3237 1172 Willelmus
3265 1115 3429 1172 bonoe
3462 1129 3586 1170 me·

1942 1204 2161 1271 moriae,
2190 1204 2724 1277 Hierosolymorum
2759 1205 3107 1277 patriarcha,
3142 1205 3222 1259 vir
3250 1202 3499 1275 simplex
3519 1216 3588 1258 ac

1942 1293 2154 1349 timens
2182 1293 2391 1360 Deum,
2422 1294 2574 1350 viam
2622 1294 2905 1350 universas
2937 1293 3129 1350 carnis
3151 1293 3449 1366 ingressus
3478 1296 3586 1349 est·

1941 1382 2097 1439 Obiit
2127 1387 2324 1440 autem
2346 1382 2519 1439 vKal.
2552 1382 2842 1453 Octobris,
2878 1383 3256 1455 pontificatus
3283 1383 3412 1453 ejus
3435 1397 3587 1438 anno

1942 1472 2408 1546 quintodecimo;
2441 1472 2532 1529 cui
2570 1473 2940 1545 postmodum
2962 1473 3360 1544 subsequente
3376 1472 3591 1529 Janua·

1941 1563 2047 1632 rio,
2079 1578 2183 1618 vm
2239 1561 2363 1619 Kal.
2397 1561 2721 1629 Februarii,
2769 1561 3120 1618 substitutus
3176 1565 3266 1617 est
3313 1560 3589 1617 dominus

1942 1649 2260 1707 Fulcberus
2316 1651 2588 1719 Tyrensis
2627 1649 3087 1721 archiepicopus,
3155 1649 3213 1704 in
3257 1648 3586 1719 praedeces-

1939 1754 2136 1795 sorum
2170 1742 2504 1794 nostrorum
2537 1753 2778 1794 numero
2810 1737 3034 1794 tertius.
3067 1738 3282 1794 Eodem
3309 1745 3584 1806 tempore,
3679 1762 3688 1774 ·

1940 1828 2094 1885 circa
2116 1827 2574 1899 Epiphaniorum
2606 1827 2784 1895 diem,
2807 1825 3030 1882 fulmen
3057 1825 3339 1882 divinitus
3363 1825 3587 1883 immis-

1936 1933 2089 1988 sum,
2123 1916 2424 1973 ecclesiam
2457 1914 2744 1972 Dominici
2772 1914 3031 1986 sepulcri
3071 1920 3128 1970 et
3160 1915 3374 1970 mentis
3418 1913 3579 1978 Sion,

1937 2008 2056 2064 ictu
2091 2007 2341 2079 perculit
2369 2005 2731 2078 periculos03
2764 2021 2955 2072 omen,
2987 2007 3052 2059 ut
3098 2002 3412 2070 credimus,
3446 2017 3582 2074 por-

1936 2097 2181 2153 tendens
2215 2096 2535 2152 insaustum
2576 2098 2632 2151 et
2664 2094 2990 2150 universam
3031 2093 3326 2149 deterrens
3369 2089 3576 2148 civita-

1937 2190 2078 2243 tem.
2109 2186 2284 2243 Visus
2320 2192 2403 2241 est
2459 2188 2517 2240 et
2558 2188 2783 2240 cometa
2809 2199 2910 2255 per
2939 2183 3063 2239 dies
3096 2181 3345 2251 multos3
3378 2184 3437 2236 et
3463 2179 3578 2237 alia

1936 2275 2195 2346 quiedam
2237 2279 2446 2346 praeter
2474 2287 2691 2330 morem
2712 2274 3108 2342 apparuerunt
3135 2270 3327 2342 signa,
3351 2269 3578 2325 futuro·

1935 2380 2065 2421 rum
2096 2363 2479 2435 designativa.
2524 2361 2645 2417 illis
2670 2360 2848 2416 etiam
2879 2359 3108 2429 diebus,
3141 2374 3275 2414 cum
3306 2357 3577 2431 Tyrensis

1935 2461 2160 2511 vacaret
2175 2450 2703 2523 Ecclesia,contigit
2723 2454 2843 2507 tam
2874 2449 3178 2505 dominum
3192 2462 3381 2519 regem
3397 2462 3576 2519 quam

1941 2549 2183 2599 matrem
2216 2542 2365 2612 ejus,
2399 2556 2577 2611 penes
2593 2555 2770 2611 quam
2803 2538 2964 2610 regni
2993 2535 3577 2606 cura,etuniversum

1935 2631 2228 2689 residebat
2259 2631 2671 2698 moderamen;
2703 2627 3007 2685 dominum
3056 2641 3290 2698 quoque
3330 2622 3581 2697 patriar-
3697 2690 3702 2697 Ι

1935 2722 2129 2789 cham,
2149 2719 2251 2793 qui
2269 2719 2551 2776 abeadem
2574 2715 2816 2774 ecclesia
2835 2716 3024 2771 fuerat
3050 2716 3423 2785 assumptus:
3457 2710 3581 2784 epi·

1934 2825 2144 2880 scopos
2174 2823 2409 2880 quoque
2438 2806 2703 2877 ejusdem
2720 2802 2972 2861 ecclesias
3000 2800 3578 2873 suffraganeos,apud

1935 2898 2270 2970 praedictam
2303 2896 2530 2964 urbem,
2557 2897 2619 2949 ut
2665 2892 2923 2950 ecclesias
2964 2890 3352 2962 providerent,
3374 2904 3582 2945 eonve-

1935 2988 2123 3056 nisse;
2151 2986 2272 3053 ubi,
2304 2986 2446 3042 dum
2506 2985 2580 3041 de
2639 2996 2814 3051 more,
2848 2981 2920 3037 de
2978 2979 3247 3052 eligendo
3304 2976 3579 3051 pontifice

1933 3071 2616 3140 tractaretur,sicutsolet
2646 3071 2704 3127 in
2737 3070 3072 3140 huJusmodi
3104 3066 3581 3135 accidere,divisa

1932 3169 2074 3225 sunt
2100 3162 2440 3236 eligentium
2471 3162 2531 3217 in
2584 3161 2701 3217 duo
2750 3159 3059 3216 desideria.
3095 3164 3235 3214 Pars
3264 3156 3420 3214 enim
3451 3153 3581 3211 dari

1931 3255 2044 3312 sibi
2076 3252 2428 3327 deposcebat
2456 3250 2757 3307 dominum
2811 3247 3207 3319 Radulpbum,
3241 3244 3394 3318 regis
3442 3260 3580 3300 can-

1933 3342 2258 3410 cellarium,
2281 3342 2472 3397 virum
2505 3336 3178 3411 utiquelitteratum,scd
3213 3333 3387 3389 nimis
3401 3347 3581 3390 soecu-

1932 3432 2136 3496 larem,
2169 3429 2478 3502 Anglicum
2526 3427 2783 3492 natione,
2817 3425 3000 3482 torma
3039 3425 3339 3488 decorum,
3371 3421 3492 3493 regi
3522 3424 3582 3478 et

1936 3520 2168 3592 reginae,
2203 3516 2552 3588 cunctisque
2607 3512 2925 3571 curialibus
2955 3510 3119 3565 valde
3150 3518 3490 3579 acceptum;
3521 3512 3582 3565 et

1934 3609 1994 3666 hi
2023 3607 2327 3664 dominum
2358 3619 2552 3675 regem
2576 3606 2634 3659 et
2665 3601 2794 3672 ejus
2845 3601 3089 3655 matrem
3121 3596 3415 3652 habebant
3444 3611 3580 3666 pro-

1935 3695 2107 3769 pitios
2127 3698 2185 3751 et
2213 3694 2488 3750 fautores.
2521 3689 2633 3746 Alii
2681 3704 2837 3757 voro,
2874 3701 3125 3758 quorum
3159 3684 3427 3755 princeps
3456 3685 3582 3738 erat

1933 3787 2188 3844 Joannes
2221 3782 2490 3848 Pisanus,
2514 3777 2774 3850 ejusdem
2821 3774 3080 3832 ecclesiae
3109 3770 3578 3838 archidiaconus,

1935 3874 2034 3948 qui
2064 3878 2266 3946 postea
2315 3870 2423 3927 ruit
2465 3866 2778 3926 cardinalis
2828 3865 3097 3921 Romanoe
3131 3860 3418 3927 Ecclesiae,
3453 3876 3584 3916 san·

1935 3970 2161 4022 ctorum
2185 3959 2460 4033 Sylvestri
2492 3962 2549 4015 et
2577 3955 2897 4022 Martini,et
2924 3952 3253 4008 Bernardus
3273 3948 3578 4005 Sidonien-

1934 4054 2038 4121 sis,
2073 4057 2131 4109 et
2162 4051 2420 4107 Joannes
2458 4044 2787 4119 Berytensis
2833 4041 3092 4115 episcopi
3128 4056 3141 4094 ε
3178 4040 3233 4094 bi
3272 4038 3578 4094 dominum

1933 4140 2319 4214 patriarcham
2389 4138 2726 4208 soquentes,
2784 4132 3126 4205 praedictum
3204 4125 3576 4198 Radulphum

1933 4248 2271 4308 promovere
2299 4230 2613 4297 nolebant,
2644 4228 2769 4295 sed,
2794 4224 3143 4296 interposita
3171 4219 3580 4293 appellationis

1932 4340 2091 4394 voce,
2124 4328 2324 4381 contra
2354 4319 2501 4376 alios
2530 4317 2603 4374 de
2635 4317 2792 4390 regia
2822 4312 3099 4370 violentia
3138 4315 3577 4382 praesumentes,

1936 4419 2249 4489 patronum
2278 4411 2564 4468 habentes
2593 4406 2899 4464 domiuum
2950 4401 3359 4478 patriarcham,
3389 4398 3580 4457 modis

168 4515 231 4567 ct
259 4509 422 4582 digni
469 4508 769 4577 memoria,
805 4522 1051 4580 quorum
1108 4508 1319 4565 animai
1376 4513 1579 4567 sancta
1626 4511 1823 4583 requie
1851 4496 1900 4563 D
1930 4504 2203 4564 omnibus
2235 4500 2645 4575 prohibebant.
2674 4497 2914 4553 Factum
2955 4498 3044 4550 est
3072 4500 3262 4547 autem
3296 4489 3447 4560 quod
3478 4503 3582 4559 per

168 4598 568 4670 pertruantur.
600 4612 851 4672 quorum
907 4597 1142 4654 nomina
1189 4614 1304 4656 non
1349 4602 1651 4669 tenemus;
1686 4616 1817 4673 qum

166 4691 365 4742 tamen
395 4690 617 4742 certum
646 4692 734 4743 est
765 4687 823 4742 in
839 4684 1001 4742 coelis
1031 4700 1152 4742 esse
1171 4686 1522 4759 conscripta,
1546 4687 1683 4759 qnia
1711 4703 1816 4760 pro

165 4790 351 4832 causa
380 4774 587 4831 fideiet
633 4775 952 4832 Christiani
1001 4775 1202 4848 populi
1242 4776 1533 4843 libertate,
1564 4777 1816 4848 glorioso

168 4866 288 4920 flue
318 4863 679 4936 quieverunt.
702 4865 906 4922 Comes
938 4866 1173 4921 tandem
1205 4866 1396 4939 impar
1421 4867 1666 4935 viribus,
1697 4868 1820 4925 suis

168 4970 241 5011 ex
271 4956 429 5024 parte
484 4952 735 5026 plurima
791 4954 1222 5018 deficientibus,
1254 4956 1525 5014 assiduos
1559 4957 1816 5015 hostium

167 5059 293 5100 non
325 5042 517 5100 serens
551 5043 826 5116 impetuS,
872 5043 1004 5115 iuga
1036 5046 1162 5101 vitas
1209 5044 1549 5115 consulens,
1570 5048 1818 5106 transito

168 5131 490 5203 Euphrate,
529 5132 589 5189 in
642 5134 1011 5191 Samosatam
1067 5149 1129 5191 se
1160 5135 1399 5207 recepit.
1433 5135 1542 5191 Alii
1574 5152 1707 5193 vero
1746 5139 1817 5194 ad

167 5223 404 5279 diversa
431 5238 494 5279 se
523 5223 910 5289 conterentes,
942 5227 1116 5296 prout
1136 5223 1450 5296 unicuique
1479 5224 1669 5281 visum
1700 5232 1823 5284 erat

167 5311 598 5385 expedientius,
632 5311 896 5369 sarcinas
925 5316 982 5369 et
1015 5312 1438 5386 impedimenta
1467 5313 1819 5383 deserentes,

166 5403 302 5457 vitas
331 5400 754 5458 consuluerunt
791 5405 851 5458 et
896 5401 1093 5459 saluti.
1129 5402 1280 5458 Exiit
1307 5416 1442 5473 ergo
1490 5418 1684 5460 sermo
1713 5404 1823 5464 iste

168 5504 279 5562 per
307 5503 511 5544 omnes
532 5488 679 5546 fines
699 5488 1219 5562 lateadjaeentium
1235 5489 1536 5561 regionum
1560 5505 1576 5561 ;
1599 5496 1656 5548 et
1675 5509 1823 5567 quos

170 5574 344 5649 prius
372 5574 447 5632 de
476 5581 706 5650 recepta
733 5576 879 5635 urbe
916 5576 1351 5636 Edessanorum
1380 5591 1582 5636 rumor
1611 5578 1826 5640 fecerat

1926 4592 2257 4651 violentiam
2302 4590 2574 4646 obtinens
2612 4583 2921 4658 predictus
2966 4577 3370 4645 cancellarius,
3398 4574 3581 4632 eccle-

1927 4684 2077 4743 siam
2128 4687 2186 4738 et
2238 4679 2369 4751 ejus
2425 4675 2576 4733 bona
2621 4673 2860 4739 invasit,
2894 4667 3267 4739 posseditque
3287 4679 3390 4736 per
3419 4661 3577 4719 bien·

1926 4773 2088 4831 nium
2124 4789 2137 4827 :
2171 4781 2438 4841 quusque
2496 4781 2598 4837 per
2651 4764 2980 4819 Romanum
3042 4755 3397 4830 pontificem,
3438 4765 3578 4823 prm-

1928 4860 2190 4919 sentibus
2217 4854 2480 4928 partibus
2514 4851 2585 4908 lis
2613 4846 3091 4914 decisa,dictante
3120 4840 3359 4899 domino
3389 4840 3575 4912 Euge-

1926 4951 2049 5016 nio,
2097 4947 2314 5003 factum
2364 4939 2626 5015 praedicti
2687 4933 3014 4994 cancellarii
3081 4932 3142 4988 in
3206 4929 3440 4986 irritum
3489 4930 3579 4984 cst

1928 5039 2262 5098 deductum.
2291 5031 2670 5090 Postmodum
2733 5031 2924 5081 autem
2985 5021 3139 5078 idem
3205 5016 3576 5090 Radulphus.

1929 5132 2154 5187 favente
2183 5125 2296 5182 sibi
2328 5123 2567 5181 domino
2590 5116 2838 5176 Adriano
2872 5130 3041 5186 papa,
3063 5110 3162 5185 qui
3194 5111 3319 5181 ejus
3340 5123 3578 5178 compa-

1929 5222 2105 5277 triota
2123 5225 2269 5284 erat,
2300 5215 2367 5270 ad
2412 5211 2706 5267 ecclesiam
2751 5207 3094 5274 assumptus
3144 5194 3579 5258 Bethlehemiti-

1931 5324 2081 5375 cnm,
2111 5306 2421 5379 episcopus
2450 5301 2577 5371 ejus
2609 5297 2909 5354 ordinatus
2928 5296 3015 5350 est
3043 5288 3174 5347 loci.
3207 5289 3271 5343 Iu
3303 5284 3578 5357 proediota

1933 5403 2124 5458 autem
2160 5388 2484 5463 metropoli,
2511 5390 2582 5446 de
2636 5384 2936 5444 communi
2966 5379 3231 5438 omnium
3262 5390 3576 5444 consensu,

1934 5490 2315 5548 concurrente
2363 5477 2768 5536 universorum
2810 5468 3201 5539 conniventia,
3223 5466 3578 5525 substitutus

1936 5581 2030 5637 est
2047 5573 2136 5632 vir
2157 5571 2318 5629 mire
2337 5565 2732 5642 simplicitatis
2751 5568 2810 5624 et
2832 5557 3329 5626 mansuetudinis,
3360 5556 3578 5613 timens
