3784 6000
859 223 1060 289 nls‘r.
1111 226 1393 289 RERUM
1440 224 1977 288 TRANSMARIN.
2027 258 2102 276 -
2145 228 2290 290 ΗΒ.
2341 228 2441 290 ΙΧ.

3235 239 3356 301 ,ω
3389 266 3394 271 ,

158 357 518 426 Latinorum,
547 365 602 416 et
628 361 801 417 etiam
835 378 869 417 a
903 361 1105 418 multis
1148 365 1298 418 retro
1329 357 1597 434 tempori·
1627 367 1677 428 Α
1709 360 1999 430 cedentes,
2030 362 2280 434 gemitus
2309 366 2368 418 et
2403 362 2695 436 lacrymas
2735 364 2926 423 fidelis
2969 368 3191 440 populi,
3237 388 3352 431 non

137 448 647 522 {ierosolymorum
684 451 1075 522 patriarcham
1107 459 1328 508 certum
1359 457 1450 509 est
1480 458 1604 507 tan-

157 539 452 609 propriam
480 541 828 611 possedisse.
853 542 1013 607 Quod
1039 544 1288 613 qualiter
1303 541 1599 609 acciderit,

137 628 181 683 le
208 626 449 684 initium
474 630 811 699 possidendi
836 631 1106 687 habuerit
1124 637 1182 688 et
1201 648 1463 696 causam,
1483 633 1600 688 bre·

137 716 507 788 aperiendum
531 725 650 786 est3
676 736 810 775 nam
836 736 942 776 nos
965 720 1292 778 studiosius
1313 721 1434 777 haic
1452 721 1599 777 inve·

139 804 256 874 tes,
288 806 582 879 frequenti
614 808 990 881 inquisitione
1036 812 1267 866 tandem
1310 810 1384 867 ad
1422 811 1598 883 hujus

137 896 435 953 rvenimus
467 897 827 970 indagniem.
863 899 1093 956 Habent
1122 908 1382 958 veterum
1415 901 1596 958 tradi-

138 1027 155 1055 ,
198 985 338 1043 dum
371 985 576 1044 civitas
607 987 708 1044 illa
737 990 808 1044 ab
842 989 1181 1047 infidelibus
1215 990 1595 1059 detineretur,

137 1090 254 1131 tam
287 1089 486 1147 paoem
517 1077 901 1147 comtinuam,
925 1078 1012 1135 vel
1046 1079 1117 1134 ad
1152 1083 1384 1151 tempus
1414 1079 1596 1136 mudi-

138 1163 443 1234 hahuisse;
488 1166 592 1223 sed
640 1166 1044 1239 frequentibus
1080 1168 1244 1225 bellis
1290 1174 1348 1226 et
1375 1169 1595 1226 crebris

142 1254 379 1323 onibus,
413 1255 680 1313 finitimis
715 1258 1077 1329 principibus
1110 1275 1238 1314 eam
1273 1258 1385 1315 sibi
1405 1259 1589 1316 vindi.

137 1342 451 1414 olentibus,
495 1351 772 1418 perpetuo
825 1348 1006 1404 fuisse
1056 1349 1393 1421 fatigatam,
1439 1350 1593 1406 unde

137 1437 157 1490 t
188 1440 374 1490 turres
403 1439 460 1491 et
494 1437 723 1505 moenia,
757 1445 871 1493 tum
903 1438 1210 1505 velustate,
1262 1443 1386 1495 tum
1429 1440 1594 1496 obsi-

135 1538 213 1579 tm
243 1540 438 1596 opera,
472 1524 532 1581 in
576 1527 803 1583 ruinam
837 1528 1115 1599 collapsa.
1150 1528 1408 1585 hostium
1443 1531 1591 1589 insi-

137 1628 302 1669 ocum
352 1613 461 1670 late
512 1621 704 1684 patere
750 1619 1059 1690 cogebant.
1111 1619 1251 1675 Cum
1304 1621 1482 1693 igitur
1524 1637 1591 1677 ea

1707 448 1833 506 sine
1862 450 2140 522 suspiriis
2172 450 2556 521 audientium,
2590 458 2872 525 quantum
2897 464 3144 527 possunt
3168 463 3354 533 expri-

1705 546 1875 594 munt
1904 541 2276 613 diligentius;
2313 542 2635 613 pandentes
2655 558 2724 600 ex
2744 545 2968 615 ordine,
2988 552 3181 620 sputa,
3202 551 3352 608 eola-

1702 627 1870 699 phos,
1904 631 2179 701 vinicula,
2204 648 2484 696 carceres,
2504 633 2792 691 bonorum
2824 635 3199 709 direptiones,
3218 656 3353 699 cru·

1702 733 1816 787 ces,
1850 721 2158 794 supplicia,
2193 739 2318 796 quae
2351 723 2527 780 miser
2570 724 2667 781 ille
2697 726 2951 797 populus
2990 745 3094 801 pro
3134 728 3352 787 Christi

1704 810 1939 867 nomine
1971 811 2331 870 incessanter
2355 817 2675 885 pateretur;
2694 817 2753 870 et
2773 830 2928 873 nunc
2947 832 3091 889 quas
3110 818 3182 875 de
3202 834 3350 877 novo

1700 899 1981 958 adversus
1993 902 2260 959 eamdem
2277 901 2636 974 plebeculam
2653 903 2726 960 ad
2741 906 3095 977 perdendum
3109 923 3207 965 eos
3220 924 3347 981 quae

1699 996 1889 1045 rerent
1918 991 2268 1048 occasiones.
2297 991 2471 1049 Porro
2498 997 2637 1050 tunc
2658 995 2866 1065 agebat
2886 995 2946 1052 in
2967 998 3234 1069 sceptris,
3257 997 3348 1055 vir

1699 1079 1956 1146 prudens
1985 1084 2042 1136 et
2073 1081 2421 1154 magnificus
2455 1081 2727 1138 dominus
2756 1084 3200 1151 Constantinus,
3241 1086 3345 1158 qui

1697 1170 2146 1241 cognominatus
2175 1177 2263 1229 est
2292 1172 2738 1244 Monomachus,
2768 1174 3347 1249 Constantinopolita-

1698 1275 1841 1316 num
1874 1257 2189 1332 imperium
2220 1265 2456 1318 strenue
2483 1267 2540 1318 et
2561 1261 2801 1319 viriliter
2821 1264 3264 1323 administrans.
3288 1267 3344 1323 Ia

1698 1348 2034 1421 lacrymosis
2065 1349 2278 1406 Christi
2312 1349 2573 1407 fidelium
2617 1351 2993 1423 petitionibus
3023 1356 3344 1427 gratiutum

1696 1438 2042 1511 impendens
2058 1441 2700 1512 assensum,pecuniam
2718 1442 3344 1518 promittit‚undeopus

1694 1528 2020 1599 inJunctum
2036 1531 2223 1602 possit
2236 1531 2676 1600 absolvi,eorum
2689 1532 2969 1589 molestiis
2983 1540 3037 1590 et
3050 1535 3343 1593 continuis

1692 1617 2107 1675 afflictionibus
2135 1619 2307 1693 plena
2328 1620 2609 1677 charitate
2629 1623 3008 1694 compatiens.
3033 1622 3244 1696 Adjicit
3263 1630 3342 1682 ta-

138 1707 289 1759 state
319 1706 716 1776 AEgyptiorum
751 1723 993 1779 regnum
1028 1708 1247 1765 viribus
1267 1716 1323 1764 et
1346 1710 1581 1778 divitiis,
1614 1735 1660 1800 Β
1698 1724 1826 1763 men
1856 1708 2272 1774 conditionem,
2312 1710 2466 1780 quod
2500 1726 2568 1766 ea
2609 1709 2734 1783 lege
2773 1710 3107 1783 praedictam
3139 1713 3217 1771 sit
3258 1714 3346 1772 eis

138 1793 442 1864 prudentia
463 1794 744 1862 saeculari,
768 1799 988 1853 caeteris
1013 1814 1140 1870 quae
1163 1798 1246 1854 vel
1279 1799 1336 1854 in
1361 1799 1582 1856 oriente

169 1888 372 1941 austro
420 1890 584 1941 erant
638 1889 832 1958 regnis
877 1893 1035 1945 esset
1081 1892 1442 1961 praetantiuS,
1495 1908 1589 1947 vo-

137 1973 394 2046 Bgyptius
435 1975 663 2046 calipha
700 1976 933 2048 imperii
981 1978 1069 2034 sui
1116 1980 1258 2035 sines
1302 1980 1586 2050 porrigere

137 2079 185 2119 m
216 2062 387 2137 longe
419 2064 648 2137 lateque
682 2083 1008 2140 propagare
1047 2069 1350 2137 ditionem,
1385 2068 1583 2126 missis

137 2151 308 2221 ibus,
342 2154 669 2211 universam
713 2156 936 2228 Syriam
982 2174 1170 2229 usque
1224 2159 1578 2224 Laodiciam,

137 2242 414 2300 ntiochioe
446 2247 826 2315 contermina;
861 2247 1044 2304 Coeles
1077 2248 1254 2321 Syriae
1286 2250 1451 2305 limes
1473 2255 1580 2318 est,

137 2340 219 2388 ter
247 2335 553 2406 occupavit
577 2353 591 2403 ς
619 2336 1065 2409 designatisque
1089 2339 1458 2408 praesidibus,
1481 2339 1581 2412 qui

137 2437 185 2479 ts
219 2427 333 2478 tarn
366 2425 675 2481 maritimis
709 2441 886 2496 quam
912 2427 1352 2485 mediterraneis
1378 2445 1583 2501 praees-

137 2511 422 2584 tectigalia
451 2514 781 2583 constitnit,
821 2520 878 2572 et
924 2517 1251 2574 universam
1287 2519 1578 2590 regionem

137 2601 521 2670 zributariam3
571 2604 905 2676 praecipiens
948 2606 1314 2678 singulorum
1357 2609 1579 2665 civibus

143 2706 222 2757 m,
256 2689 505 2749 civitatis
537 2710 658 2750 suae
690 2710 886 2751 muros
917 2696 1273 2766 reoecificare,
1305 2702 1360 2754 et
1390 2703 1578 2756 turres

137 2795 158 2834 s
192 2794 291 2851 per
320 2780 626 2837 circuitum
660 2783 900 2855 erigere.
944 2783 1060 2840 Hac
1091 2787 1387 2843 communi
1434 2786 1577 2859 lege,

137 2873 272 2925 *ator
302 2870 399 2941 qui
434 2869 846 2944 Hierosolymis
889 2878 1131 2944 praeerat
1170 2875 1427 2945 ejusdem
1469 2878 1575 2932 loci

137 2957 205 3014 lit
226 2958 583 3018 habitatores
606 2961 835 3033 legibus
859 2979 1057 3035 parere
1085 2966 1499 3022 communibus
1521 2971 1578 3024 et

163 3063 304 3107 cum
336 3050 596 3107 turribus
619 3051 675 3107 in
703 3056 924 3108 statum
948 3055 1264 3110 reformare
1299 3056 1574 3127 priorem.

137 3154 148 3193 ι
202 3153 338 3194 cum
395 3144 586 3209 partes
635 3140 813 3197 futuri
871 3144 1320 3215 designarentur
1360 3146 1569 3216 operis,

142 3231 165 3281 t
193 3242 262 3283 ex
295 3226 521 3284 malitia
543 3228 724 3301 magis
753 3247 931 3301 quam
973 3248 1039 3287 ex
1071 3249 1248 3304 opum
1273 3251 1572 3307 compara-

135 3318 295 3389 quod
325 3326 529 3391 quarta
573 3336 705 3392 pars
755 3325 1059 3378 structurae
1108 3322 1291 3394 illius,
1340 3325 1573 3383 miseris

147 3407 299 3476 anis,
332 3408 431 3479 qui
484 3408 542 3463 in
595 3410 740 3465 urbe
782 3411 1092 3483 degebant,
1144 3414 1566 3487 designaretur.

137 3501 332 3552 autem
367 3498 620 3567 praedicti
656 3498 876 3567 fideles,
908 3504 988 3556 tot
1020 3502 1277 3573 angariis
1298 3509 1354 3560 et
1376 3522 1571 3573 paran-

162 3587 424 3652 tribntiS,
446 3587 828 3659 vectigalibus
853 3594 908 3645 et
929 3589 1175 3647 aliorum
1202 3592 1567 3653 sordidorum

140 3690 239 3730 um
268 3675 632 3746 praestatione
647 3679 1111 3748 attenuatiadeo,
1133 3684 1287 3753 quod
1307 3685 1569 3744 omnium

142 3761 199 3819 ix
239 3765 571 3822 sufficerent
615 3771 674 3823 ut
714 3783 828 3823 una
869 3769 953 3824 vel
995 3770 1121 3824 duae
1165 3772 1235 3828 de
1286 3775 1572 3845 praedictis

137 3868 195 3909 is
223 3855 669 3911 resarcirentur.
702 3855 995 3926 videntes,
1037 3874 1173 3929 ergo
1204 3863 1357 3931 quod
1399 3879 1571 3921 occa-

147 3947 474 4014 quaererent
503 3945 783 4003 adversus
814 3962 932 4014 coe,
966 3964 1080 4003 non
1111 3949 1388 4007 habentes
1408 3952 1570 4012 aliud

136 4046 242 4099 tm,
288 4033 362 4088 ad
417 4033 721 4105 praesidem
778 4036 1079 4102 accedunt,
1124 4054 1251 4093 cum
1299 4040 1570 4114 lacrymis

137 4126 283 4192 rant,
315 4129 569 4190 orantes,
607 4129 667 4179 ut
692 4124 864 4195 juxta
893 4141 1092 4182 eorum
1128 4129 1567 4200 possibilitatem

137 4208 190 4267 is
219 4211 581 4282 imponatur:
617 4230 752 4269 nam
786 4216 937 4286 quod
973 4216 1303 4286 injunctum
1337 4219 1420 4277 eis
1452 4220 1571 4278 fue-

137 4299 310 4356 nnino
341 4302 765 4358 insufficientes
795 4309 963 4360 erant
987 4314 1232 4376 portare.
1258 4309 1363 4375 Qui
1383 4325 1570 4369 cuma

137 4391 375 4446 essentia
403 4407 502 4447 eos
536 4392 764 4447 excludi
800 4395 1293 4464 praecepissetsub
1312 4402 1465 4469 gravi
1490 4404 1568 4458 in·

1607 3095 1658 3163 G

1696 1796 2003 1868 pecuniam
2038 1796 2379 1869 largiturus,
2407 1798 2452 1853 si
2486 1799 2640 1871 apud
2670 1800 2922 1865 regionis
2953 1801 3258 1860 dominum
3279 1804 3334 1861 id

1695 1885 1954 1941 obtinere
1982 1886 2229 1957 possint,
2273 1891 2337 1942 ut
2367 1888 2519 1942 infra
2564 1890 2905 1960 praedictum
2954 1890 3105 1946 muri
3155 1892 3332 1948 ambi·

1696 1983 1840 2041 tum,
1890 1991 2062 2045 quem
2107 1975 2178 2031 de
2232 1975 2634 2046 imperialibus
2690 1977 3075 2051 eleemosynis
3116 1980 3335 2052 erigere

1696 2063 2159 2135 proposuissent,
2204 2064 2348 2120 nulli
2381 2065 2497 2122 nisi
2541 2065 2870 2123 Christiano
2908 2066 3172 2124 habitare
3202 2067 3339 2126 lice-

1695 2160 1801 2208 ret.
1835 2152 2046 2209 Scribit
2089 2154 2264 2224 igitur
2293 2154 2364 2210 ad
2397 2155 2654 2227 Cyprios,
2697 2159 2763 2211 ut
2791 2156 2837 2211 si
2874 2154 3338 2230 Hierosolymitae

1695 2240 1896 2298 fideles
1923 2241 1980 2297 id
2005 2252 2238 2314 possent
2256 2244 2590 2316 impetrare,
2619 2244 2690 2299 de
2716 2244 3104 2317 vectigalibus
3121 2249 3180 2304 et
3194 2247 3336 2306 fisco

1694 2329 1925 2400 debitis,
1973 2336 2195 2389 tantam
2242 2333 2327 2389 eis
2373 2333 2679 2405 pecuniam
2737 2333 3155 2404 ministrarent,
3205 2352 3335 2408 quoe

1694 2420 1964 2491 praedieto
1998 2421 2158 2492 operi
2190 2422 2457 2479 sufficere
2489 2425 2706 2492 posset.
2739 2421 2830 2479 11Ιί
2853 2438 2985 2480 vero
3006 2424 3078 2480 ad
3101 2426 3338 2496 propria

1692 2509 1922 2576 reversi,
1953 2510 2191 2566 domino
2234 2510 2570 2582 patriarchae
2610 2515 2667 2566 et
2707 2510 2861 2581 plebi
2900 2513 3002 2569 Dei
3045 2514 3335 2585 quomodo

1690 2598 1934 2669 egerint,
1969 2601 2238 2671 pandunt
2264 2601 2551 2670 seriatitn3
2585 2600 2685 2673 qui
2727 2601 3049 2673 gaudentes
3091 2604 3334 2661 verbum

1689 2688 1939 2758 amplexi
1979 2696 2117 2745 sunt
2154 2694 2208 2745 et
2249 2691 2318 2746 ad
2363 2690 2720 2762 implendam
2778 2691 2965 2764 legem
3007 2698 3331 2765 pactorum,

1689 2793 1863 2848 quam
1911 2778 2183 2835 dominus
2230 2779 2515 2850 adjecerat
2570 2780 2898 2853 imperator,
2940 2782 3100 2839 omni
3137 2783 3333 2841 studio

1690 2867 1939 2923 fideliter
1981 2867 2304 2927 elaborant.
2355 2869 2549 2926 Missis
2592 2869 2774 2942 igitur
2820 2872 3043 2928 nuntiis
3092 2873 3162 2929 ad
3208 2889 3336 2930 ma-

1685 2971 1867 3028 gnum
1915 2962 1972 3014 et
2013 2974 2352 3031 supremum
2395 2975 2593 3016 eorum
2635 2959 2979 3032 principem,
3019 2961 3330 3034 AEgyptum

1687 3045 1956 3102 videlicet
1984 3046 2295 3118 calipham,
2339 3057 2720 3121 prosequente
2748 3064 2848 3105 eos
2886 3049 3082 3106 divino
3113 3050 3325 3120 favore,

1687 3136 1842 3208 apud
1903 3138 2197 3206 eumdem,
2248 3138 2579 3209 praedictam
2631 3138 2946 3210 impetrant
2994 3140 3331 3212 postulatio·

1684 3241 1847 3295 nem;
1880 3232 1939 3282 et
1967 3227 2421 3297 munimentum,
2454 3228 2581 3299 ejus
2602 3228 3034 3301 subscriptione
3054 3234 3114 3287 et
3133 3231 3328 3303 sigillo

1683 3317 2143 3383 corroboratum,
2173 3316 2417 3390 insuper
2445 3318 2731 3376 obtinent.
2766 3320 3027 3377 Tandem
3080 3321 3325 3378 feliciter

1684 3411 2089 3463 consummato
2124 3408 2375 3480 negotiu,
2408 3409 2476 3465 ad
2517 3408 2752 3482 propria
2772 3410 3038 3478 reversis,
3059 3411 3325 3482 designa-

1683 3498 1800 3551 tam
1833 3496 1987 3552 muri
2021 3500 2242 3569 partem
2276 3506 2507 3555 auctore
2552 3500 2818 3566 Domino,
2853 3501 3321 3570 compleveram

1682 3601 1834 3641 anno
1873 3586 1947 3643 ab
1979 3585 2382 3643 incarnatione
2414 3586 2646 3643 Domini
2677 3588 2834 3654 1063,
2869 3595 3143 3659 regnante
3164 3592 3319 3661 apud

1680 3675 1997 3747 AEgyptios,
2030 3686 2081 3731 et
2113 3677 2167 3731 id
2205 3676 2326 3731 fieri
2362 3675 2724 3746 permittente
2770 3677 3090 3733 Bomensor
3133 3676 3321 3733 Elmo-

1680 3764 1938 3832 stensab,
1971 3780 2123 3820 anno
2156 3763 2451 3820 tricesimo
2483 3770 2646 3821 sexto
2677 3774 2810 3822 ante
2844 3766 3003 3822 urbis
3035 3765 3322 3824 liberatio·

1681 3867 1838 3909 nem.
1871 3852 2290 3910 Habitaverunt
2311 3870 2451 3911 sans
2481 3869 2670 3925 usque
2699 3853 2758 3909 in
2794 3853 2958 3909 illum
2992 3854 3172 3923 diem,
3196 3870 3322 3926 pro·

1682 3941 1898 3998 miscus
1934 3958 2067 3998 cum
2110 3942 2401 4010 fidelibus,
2442 3942 2775 4011 Sarraccni;
2827 3942 2927 3998 sed
2960 3943 3028 3998 ad
3062 3959 3130 3999 ea
3164 3943 3319 4015 hora,

1681 4030 1882 4085 audita
1904 4029 2173 4100 jussione
2205 4029 2535 4103 principali,
2568 4030 2640 4085 ad
2672 4029 2820 4086 alias
2852 4030 3102 4087 civitatis
3129 4036 3322 4102 partes

1678 4120 1750 4175 de
1796 4119 2138 4176 necessitate
2194 4136 2255 4177 se
2306 4120 2703 4189 contulerunt,
2757 4127 2968 4193 quarta
3021 4122 3321 4194 praedicta,

1679 4206 1957 4265 fidelihus
1986 4208 2110 4265 sine
2140 4210 2601 4266 contradictione
2633 4210 2856 4267 relicta.
2891 4210 2954 4267 In
2987 4227 3130 4283 quos
3169 4212 3319 4270 servi

1678 4297 1892 4354 Christi
1949 4299 2280 4355 conditione
2341 4316 2508 4356 suam
2564 4301 2837 4357 videntur
2888 4300 3093 4358 fecisse
3149 4300 3324 4375 longe

1678 4387 2010 4456 meliorem;
2046 4405 2181 4445 nam
2231 4389 2302 4446 de
2349 4388 2778 4447 cohabitatione
2818 4390 3077 4448 virorum
3117 4392 3321 4463 Belial,

142 4479 354 4547 atione,
387 4481 561 4538 dixit:
597 4481 786 4536 Edicta
828 4485 1034 4538 summi
1070 4485 1368 4556 principis,
1400 4494 1571 4546 sacri..
1606 4488 1648 4553 D
1681 4477 1867 4535 multo
1913 4478 2123 4549 saepius
2164 4478 2501 4536 oriebantur
2543 4477 2823 4537 scandala
2865 4484 2922 4536 et
2973 4479 3321 4552 multiplices

137 4605 142 4616 ·
171 4575 245 4624 est
272 4569 517 4638 violat-23
548 4575 644 4625 aul
676 4587 801 4638 erqo
831 4589 966 4643 opus
982 4574 1296 4642 injuncium
1320 4592 1569 4635 consum·

137 4672 143 4685 ·
168 4661 265 4713 aut
294 4659 569 4715 altoribus
597 4660 820 4729 qlctdiis,
852 4664 1117 4734 tanquam
1148 4665 1291 4721 loesae
1312 4667 1570 4738 majesta·

138 4765 159 4814 ⁸,
191 4762 284 4803 vos
310 4754 513 4820 oportet
534 4749 907 4805 succumbere.
932 4751 1192 4809 Tandem
1218 4754 1563 4829 multiplica-

137 4838 510 4894 trcessoribus
559 4847 608 4893 et
653 4854 964 4894 munerum
1008 4839 1357 4912 interventu,
1403 4848 1558 4919 apud

137 4939 227 4981 em
260 4926 433 4983 ferias
462 4927 749 4996 obtinent,
775 4944 1075 5001 quousque
1098 4931 1296 4989 missis
1320 4936 1559 5007 legatio·

158 5013 229 5069 ad
248 5014 554 5073 dominum
578 5017 1289 5090 constantinopolitanum
1317 5025 1561 5096 impera-

150 5102 281 5174 ejus
327 5107 394 5162 ad
430 5105 825 5179 peragendum
859 5123 1006 5180 opus
1056 5111 1419 5180 praedictum.
1453 5116 1559 5172 irn-

146 5231 162 5261 ,
194 5191 654 5266 eleemosynam.

505 5302 738 5361 CAPUT
775 5303 983 5359 XVIII.

159 5392 375 5462 eodem,
406 5396 459 5448 et
515 5409 637 5465 (με
695 5394 813 5449 loca
866 5395 1205 5452 venerabilia
1259 5398 1548 5472 soepedicta

372 5481 505 5538 pars
529 5466 686 5535 intra
714 5481 770 5521 se
798 5468 1082 5522 contineat

137 5552 407 5628 natiergo
424 5555 617 5614 nuntii
658 5554 730 5612 ad
749 5555 1092 5628 praedictum
1117 5557 1440 5634 principem
1464 5580 1553 5624 ae·

1677 4569 1762 4625 eis
1792 4568 2143 4626 accedebant
2172 4569 2477 4639 molestioe;
2505 4571 2738 4626 tandem
2764 4586 3026 4626 seorsum
3051 4569 3319 4627 habitan·

1679 4662 1787 4723 tes,
1827 4656 1955 4714 sine
1998 4657 2349 4715 admistione
2391 4658 2768 4725 zizaniorum,
2816 4658 3105 4729 degebant
3155 4657 3315 4730 quie·

1671 4748 1820 4816 tius;
1888 4746 1940 4804 si
1996 4763 2141 4818 quas
2200 4747 2495 4804 habebant
2561 4749 2919 4819 questiones,
2980 4747 3047 4802 ad
3122 4746 3319 4819 cogni-

1669 4838 1882 4895 tionem
1930 4836 2258 4894 referebant
2303 4835 2597 4903 Ecclesiae‚
2648 4840 2708 4892 et
2752 4835 3046 4892 mediante
3094 4835 3316 4893 domini

1668 4925 2028 4999 patriarcha,
2076 4925 2175 4998 qui
2213 4942 2313 4998 pro
2362 4930 2624 4996 tempore
2675 4928 2819 4990 erat,
2870 4922 3136 4993 arbitrio,
3181 4939 3315 4981 con-

1667 5014 1973 5072 troversias
2021 5013 2171 5069 inter
2215 5030 2275 5070 se
2315 5014 2680 5070 decidebant.
2724 5012 2818 5069 Sic
2848 5027 2985 5084 ergo
3019 5011 3091 5068 ab
3121 5029 3186 5069 ea
3215 5012 3310 5071 die

1667 5112 1724 5164 et
1752 5121 1820 5162 ea
1849 5102 2068 5160 ratione
2113 5118 2230 5174 qua
2267 5101 2664 5176 praediximus,
2710 5101 2983 5174 praedicia
3015 5117 3145 5188 pars
3174 5102 3314 5160 civi·

1666 5196 1801 5253 tatis
1830 5197 2061 5265 quarta,
2093 5191 2272 5249 alium
2312 5209 2428 5249 non
2460 5192 2668 5249 habuit
2693 5192 2955 5264 judicem
2987 5191 3074 5248 vel
3124 5190 3313 5248 domi-

1663 5302 1808 5343 num
1861 5281 1977 5341 nisi
2025 5282 2444 5353 patriarcham;
2504 5287 2561 5339 et
2606 5297 2731 5338 eam
2779 5280 2945 5353 quasi
2996 5279 3310 5352 propriam,

1661 5373 1923 5433 Ecclesia
1951 5372 2060 5430 sibi
2092 5377 2370 5445 perpetuo
2401 5371 2735 5429 vindicavit.
2768 5368 3171 5442 Destinguitur
3201 5386 3315 5427 au·-

1661 5470 1778 5523 tem
1810 5467 2021 5536 quarta
2049 5462 2319 5534 praedicta
2347 5462 2459 5520 hoc
2502 5461 2704 5518 modo:
2737 5477 2771 5518 a
2810 5464 2979 5532 porta
3028 5458 3313 5519 Occiden-

1660 5554 1787 5627 tali,
1822 5569 1955 5625 quas
1999 5551 2214 5610 dicitur
2265 5550 2464 5622 David,
2526 5567 2630 5625 per
2681 5548 2893 5609 turrim
2952 5550 3310 5623 angularem,
