3784 6000
184 228 299 295 233
1132 226 1330 291 Hls'r.
1380 226 1656 292 RERUM
1701 224 2246 291 TRANSMARIN.
2294 261 2370 273 —
2415 224 2562 289 Lm.
2610 227 2659 290 1.
3473 239 3594 300 234

185 362 453 420 rectionis
483 361 727 422 mlesia.
756 359 975 432 requies
1022 359 1349 417 dormientis
1381 359 1620 428 Domini,
1649 375 1840 417 eorum
1866 361 1924 428 Α
1951 366 2007 416 et
2062 359 2341 418 laboribus
2406 361 2816 432 compatientes,
2876 360 3192 433 infidelium
3245 364 3597 426 insolentiam

184 454 420 510 sustinet
438 449 707 522 imperia,
729 448 967 519 faedatur
983 448 1401 522 spurcitiis,qui
1422 450 1847 507 resurrectionis
1954 453 2078 527 (qui
2122 451 2234 508 sibi
2271 466 2464 522 reqna,
2502 450 2843 522 principatus
2899 457 2952 508 et
2996 457 3283 524 potestates
3332 456 3600 529 subjicere

186 556 291 598 non
324 540 611 597 habebunt
639 540 1020 611 participium,
1052 539 1145 594 sed
1187 540 1396 608 stipula
1444 539 1591 608 ionis
1618 540 1842 609 aeterni,
1954 540 2319 612 contendunt)
2358 539 2541 596 debita
2593 544 2944 611 compescatis
2998 542 3512 611 animadversione,-
3546 551 3599 603 et

185 631 530 705 perennibus
560 628 983 701 deputabuntur
1007 628 1302 685 incendiis.
1337 628 1471 685 Loca
1502 630 1846 685 venerabilia
1954 630 2072 687 illis
2099 633 2226 686 totis
2252 631 2458 686 viribus
2505 632 2833 699 occurratis,
2884 631 3080 702 quibus
3126 638 3205 687 est
3239 633 3599 706 propositum,

188 719 399 777 diuinis
424 719 692 791 deputata
731 719 1039 791 mysteriis,
1077 732 1205 790 quae
1250 720 1541 774 Dominum
1576 721 1636 773 in
1683 734 1847 774 carne
1953 736 2149 776 nomen
2174 720 2354 776 delere
2383 718 2782 774 Christianum.
2819 719 3084 792 Alioquin
3113 722 3372 792 futurum
3408 728 3506 793 est,
3535 730 3602 780 ut

1957 811 2014 866 in
2057 813 2306 882 proximo
2336 810 2576 864 Ecclesia
2636 808 2732 864 Dei
2773 809 2968 881 juqum
3016 810 3274 869 indebitae
3318 816 3601 885 pet-serens

1955 902 2257 963 servitutis,
2286 899 2423 969 fidei
2448 901 2650 954 sentiat
2701 897 3072 969 dispendium,
3103 903 3438 972 praevalente
3464 918 3600 975 pen-

1958 989 2143 1044 tilium
2196 989 2600 1059 superstitione.
2682 989 2737 1043 ln
2810 998 3015 1059 quanta
3070 993 3220 1046 enim
3275 994 3438 1063 positi
3489 994 3603 1051 sint

1956 1079 2280 1150 afflictione3
2312 1082 2578 1133 not-erunt
2607 1093 2677 1133 ea:
2704 1076 2852 1133 vobis
2895 1079 3174 1148 nonnulli,
3206 1083 3301 1153 qui
3330 1080 3449 1139 ltaec
3474 1096 3604 1155 quoe

1958 1168 2255 1241 loquimur,
2286 1168 2503 1224 oculata
2527 1177 2931 1240 conspexerunt
2957 1167 3082 1239 fide,
3112 1173 3168 1226 et
3201 1184 3447 1242 praesens
3468 1171 3606 1229 illo-

1955 1272 2082 1314 rum
2110 1273 2209 1330 per
2233 1272 2465 1312 manum
2503 1258 2675 1326 Petri,
2715 1257 2828 1313 viri
2852 1258 3205 1327 uenerabilis,
3235 1260 3336 1332 qui
3359 1274 3603 1332 praesens

1957 1350 2060 1416 est,
2089 1345 2160 1402 ad
2187 1361 2285 1402 nos
2333 1345 2519 1402 delata
2549 1346 2704 1402 docet
2732 1347 2986 1418 epistola.
3026 1348 3132 1404 Nos
3170 1354 3376 1417 autem,
3407 1348 3473 1406 de
3499 1350 3608 1405 mi-

1958 1435 2254 1492 sericordia
2286 1434 2503 1492 Domini
2521 1439 2576 1491 et
2609 1434 2893 1492 beatorum
2933 1437 3090 1492 Petri
3120 1444 3170 1493 et
3190 1437 3359 1495 Pauli
3376 1444 3605 1511 aposto-

1962 1524 2141 1581 lorum
2193 1527 2521 1582 auctoritate
2575 1524 2789 1594 confisi,
2827 1524 3083 1596 fidelibus
3113 1525 3479 1599 Christianis,
3509 1529 3610 1603 qui

1961 1617 2159 1669 contra
2184 1625 2274 1667 eos
2321 1626 2480 1667 arma
2520 1611 2882 1684 susceperint,
2911 1615 2964 1669 et
3018 1626 3158 1669 onus
3177 1612 3288 1669 sibi
3316 1612 3482 1683 liuius
3508 1629 3600 1686 pe-

190 815 557 880 susceperunt
586 810 875 879 hospitem,
904 810 1066 876 siqua
1112 806 1385 875 viderunt,
1415 816 1702 863 senserunt
1757 806 1845 862 be-

188 899 416 968 neficia,
446 913 687 971 quorum
713 898 965 953 omnium
990 898 1051 951 in
1079 911 1135 953 se
1166 897 1334 967 plena
1363 895 1469 967 fide
1498 895 1849 967 proetendunt

194 996 561 1055 arqumenta,
594 988 743 1057 lacta
770 995 898 1041 sunt
926 1001 1162 1058 yrequm
1187 987 1479 1056 praesepia,
1510 986 1730 1040 stabula
1751 985 1842 1055 ju·

194 1082 533 1132 mentorum.
567 1074 890 1131 laudabilis
930 1072 1185 1146 populus,
1225 1075 1320 1128 cui
1362 1073 1646 1129 benedixit
1671 1075 1848 1130 Domi-

194 1181 289 1221 nus
320 1165 710 1235 exercituum,
739 1161 837 1219 sub
869 1164 1231 1234 anqariarum
1251 1168 1305 1218 et
1318 1162 1668 1218 sordidarum
1695 1178 1849 1236 prae-

194 1256 507 1311 stationum
534 1254 782 1325 pondere
798 1252 969 1323 qemit
992 1250 1303 1323 fatiqatus:
1332 1251 1634 1323 rapiunlur
1659 1262 1849 1309 eorum

197 1344 314 1417 filii,
372 1343 589 1400 matris
644 1342 902 1399 Ecclesiae
954 1341 1123 1398 chara
1185 1342 1438 1412 piqnora,
1495 1346 1558 1397 ut
1600 1342 1850 1412 qentium

201 1431 590 1490 immunditiis
617 1430 943 1498 deserviant,
974 1436 1026 1487 et
1052 1444 1253 1487 nomen
1285 1430 1384 1485 Dei
1427 1429 1544 1486 vici
1579 1431 1853 1504 abneyent

200 1524 271 1580 vel
296 1536 400 1580 ore
424 1521 807 1594 blasphement
825 1520 1111 1592 sacrileqo,
1137 1518 1594 1589 compelluntur.-
1619 1528 1719 1577 aut
1740 1522 1852 1577 im-

206 1613 283 1683 pia
310 1609 669 1667 detestantes
724 1609 980 1681 imperia,
1025 1608 1323 1666 caeduntur
1366 1608 1568 1678 gladiis
1596 1625 1746 1666 more
1775 1609 1852 1664 bi·

212 1699 473 1767 dentium,
500 1698 708 1755 sanctis
734 1697 1079 1770 martyribus
1105 1698 1379 1756 sociandi.
1411 1702 1532 1757 Non
1568 1709 1649 1755 est
1675 1700 1852 1755 sacri·
1886 1730 1932 1795 B
1962 1700 2355 1771 reqrinationis
2399 1701 2826 1773 assumpserint,
2859 1701 3136 1773 injunctas
3186 1700 3295 1759 sibi
3345 1717 3448 1775 pro
3489 1704 3609 1761 suis

222 1789 339 1860 leuis
372 1788 635 1846 locorum
656 1787 988 1860 differentia,
1016 1803 1124 1844 noa
1151 1793 1230 1844 est
1265 1803 1629 1859 personarum
1665 1804 1855 1861 respe-

223 1885 315 1936 ctas
343 1897 365 1937 .·
394 1881 462 1935 in
486 1880 826 1935 sanctuariis
853 1877 1183 1935 occiduntur
1208 1879 1515 1935 sacerdotes
1543 1885 1598 1934 et
1635 1878 1811 1936 levitic
1835 1897 1856 1945 ,-

227 1976 479 2042 coquntur
495 1970 751 2042 viryines
776 1970 1076 2040 lornicari,
1098 1975 1195 2024 aut
1222 1982 1321 2039 per
1341 1972 1619 2024 tormenta
1638 1970 1822 2041 perire
1833 1984 1859 2037 ,·

232 2075 309 2115 sec
332 2061 621 2115 matronis
667 2062 807 2115 aetas
851 2060 1124 2114 maturior
1159 2057 1521 2130 suffragatur.
1562 2058 1655 2115 Vae
1680 2057 1857 2129 nobis,

236 2148 384 2222 quiin
406 2147 556 2204 hanc
591 2153 707 2204 tam
738 2147 1035 2219 periculosi
1056 2149 1316 2218 temporis
1351 2146 1724 2204 descendimus
1750 2149 1862 2201 mi-

241 2241 431 2309 seriam,
464 2253 637 2310 quam
665 2240 723 2292 in
757 2239 960 2309 spiritu
1003 2235 1314 2308 praevidens
1343 2236 1546 2292 elesius
1573 2251 1607 2291 a
1637 2237 1861 2292 Domino

244 2327 384 2384 Dauid
414 2344 519 2385 rex
576 2327 755 2398 fidelis
784 2343 804 2385 .·
846 2326 1092 2397 deplorat
1120 2326 1345 2382 dicens:
1376 2326 1550 2395 Deus,
1583 2332 1863 2382 venerunt

140 2438 145 2445 ·
244 2422 417 2489 genta
445 2416 509 2473 in
540 2416 932 2473 hareditatem
965 2422 1148 2481 tuam,
1199 2414 1529 2487 polluerunt
1573 2416 1862 2486 templum

246 2511 489 2564 sunctum
520 2511 691 2563 tuum
723 2506 895 2574 (Psal.
928 2521 1158 2573 nxxvm,
1192 2505 1267 2577 i).
1293 2505 1356 2561 Et
1382 2506 1549 2560 item:
1580 2504 1863 2576 Populum

1961 1791 2172 1847 delictis
2225 1791 2583 1862 paenitentias
2618 1791 2960 1847 relaxamus.
3021 1790 3128 1861 Qui
3173 1798 3360 1850 autem
3414 1792 3501 1850 ibi
3543 1792 3610 1850 in

1965 1895 2088 1936 ocra
2118 1879 2445 1951 paenitentia
2471 1879 2818 1949 decesserint,
2848 1889 2901 1937 et
2935 1886 3282 1952 peccatorum
3309 1881 3610 1952 Melaen-

1966 1969 2105 2026 tiam
2137 1977 2187 2024 et
2222 1971 2466 2040 [ructum
2520 1978 2751 2027 aeternae
2786 1969 3051 2026 mercedis
3091 1985 3149 2026 se
3203 1986 3314 2027 non
3359 1969 3612 2030 dubitent

1965 2057 2273 2116 habituros.
2303 2060 2537 2114 Interim
2563 2073 2687 2115 vero
2707 2074 2793 2114 eos
2822 2061 2918 2130 qui
2958 2058 3154 2115 ardore
3181 2058 3312 2130 fidei
3338 2058 3408 2116 ad
3433 2074 3612 2133 enpu-

1964 2147 2214 2220 qnandos
2231 2147 2359 2203 illos
2390 2144 2635 2203 laborem
2663 2149 2828 2204 istum
2855 2151 3275 2220 assumpserint,
3303 2149 3406 2205 sub
3434 2149 3613 2207 Eccle-

1966 2239 2064 2295 siae
2110 2236 2440 2308 detensione,
2489 2242 2541 2294 el
2600 2239 2881 2294 bealorum
2939 2238 3093 2294 Petri
3136 2239 3189 2294 ei
3234 2238 3402 2294 Pauli
3435 2245 3615 2310 prote-

1964 2327 2166 2393 ctione,
2189 2329 2453 2398 tanquam
2479 2340 2619 2382 veras
2648 2324 2975 2383 obedientias
3001 2326 3145 2398 filios
3193 2325 3534 2400 recipimus.-
3561 2329 3616 2384 et

1967 2416 2035 2470 ab
2065 2415 2341 2470 universis
2369 2412 2877 2486 inquietationibus,
2909 2418 3020 2470 tam
3077 2415 3136 2470 in
3165 2415 3331 2472 rebus
3357 2429 3526 2486 quam
3550 2414 3616 2470 in

1964 2506 2210 2578 personis
2240 2506 2536 2560 statuimus
2561 2520 2789 2560 manere
2816 2519 3052 2562 securos.
3071 2503 3136 2561 Si
3162 2519 3291 2562 vero
3323 2507 3616 2578 quisquam

245 2600 377 2653 tunm
408 2593 896 2662 humiliaverunt,
928 2605 987 2649 ct
1015 2594 1408 2650 hereditatem
1440 2597 1600 2649 tuam
1629 2607 1867 2649 vexave·
1968 2594 2260 2650 molestare
2289 2608 2378 2651 eos
2403 2596 2631 2650 interim
2661 2609 2798 2650 ausu
2830 2596 3124 2651 temerario
3173 2594 3614 2667 praesumpserit,

246 2690 351 2742 runt
376 2685 559 2757 (Psal.
592 2700 752 2754 xcur,
782 2682 862 2754 5).
896 2681 1136 2756 thuid,
1174 2682 1441 2750 Domine,
1492 2682 1756 2739 irasceris
1801 2681 1864 2739 in
1969 2698 2069 2756 per
2118 2682 2428 2754 episcopum
2484 2682 2586 2739 loci
2629 2681 3201 2739 excommunicatione
3244 2685 3480 2753 feriatur
3507 2698 3527 2739 .·
3565 2690 3621 2741 et

246 2774 415 2844 finem,
477 2774 829 2831 accendetur
909 2771 1062 2828 velut
1131 2772 1283 2843 ignis
1342 2772 1424 2827 ira
1480 2770 1636 2827 tua?
1689 2772 1864 2843 (Psal.

1972 2773 2166 2831 tandiu
2201 2774 2482 2828 sententia
2538 2772 2606 2828 ab
2662 2772 2915 2829 omnibus
2969 2773 3304 2838 observetur,
3332 2773 3507 2829 donec
3561 2788 3594 2831 e
3643 2779 3661 2828 t

140 2870 149 2889 '
246 2879 457 2933 mvm,
484 2863 563 2933 53
620 2876 888 2931 Lxxxvm,
947 2862 1061 2931 47.)
1107 2860 1214 2916 Ubi
1267 2865 1408 2915 sunt
1457 2861 1869 2916 misericordia
1973 2863 2166 2920 ablata
2195 2862 2517 2931 reddantur,
2550 2862 2691 2918 etde
2720 2861 2898 2917 illatis
2947 2862 3163 2918 damnis
3190 2878 3429 2934 conqrue
3456 2864 3620 2920 satis-

244 2958 333 3010 ωε
353 2955 639 3027 antiquas,
660 2950 1134 3021 Domine?(Psal.
1168 2965 1438 3020 Lxxxvxu,
1468 2949 1586 3024 50.)
1611 2949 1874 3008 Verumne
1975 2953 2090 3020 liat.
2127 2953 2380 3024 Episcopi
2407 2966 2533 3008 vero
2562 2956 2615 3007 et
2639 2950 2967 3024 presbyteri,
3000 2957 3097 3025 qui
3138 2952 3345 3009 talibus
3389 2953 3623 3022 sortiter

244 3051 307 3101 cst
328 3043 475 3118 qnod
529 3042 742 3099 dicitur
770 3059 789 3097 .·
836 3045 962 3097 Non
996 3040 1371 3096 obliviscetur
1400 3039 1661 3096 misereri
1694 3040 1868 3107 Deus,

250 3150 345 3192 non
364 3132 696 3192 continebit
715 3131 775 3187 in
798 3133 885 3187 ira
906 3148 1008 3187 sua
1031 3130 1456 3186 misericordias
1477 3145 1612 3186 suas
1633 3128 1661 3184 ‘l
1691 3129 1865 3203 (Psal.

251 3237 415 3289 mn,
438 3221 553 3290 10.)
579 3219 900 3276 Recordare
921 3219 1059 3290 quid
1088 3218 1362 3273 acciderit
1384 3219 1586 3285 nobis;
1622 3219 1867 3289 intuere,

252 3319 296 3368 ct
320 3313 448 3370 vide
477 3311 858 3384 opprobrium
892 3314 1157 3365 nostrum
1188 3307 1405 3380 (Tltren.
1435 3324 1491 3375 v,
1526 3308 1601 3380 1).
1632 3308 1727 3364 Vae
1759 3327 1871 3365 no·-

248 3400 341 3470 bie,
361 3405 429 3457 nt
455 3400 602 3472 quid
624 3398 747 3455 nati
764 3414 971 3454 sumus
991 3397 1186 3454 videre
1214 3398 1647 3469 corruptionem
1673 3399 1869 3470 populi

250 3491 436 3560 nostri,
465 3497 523 3546 et
552 3488 965 3546 contritionem
1012 3487 1259 3543 civitatis
1304 3492 1516 3543 sanctos
1541 3504 1556 3555 ς
1584 3491 1641 3543 et
1670 3489 1871 3545 sedere

250 3577 349 3636 illic
373 3593 509 3635 cum
540 3576 762 3633 dantur
790 3575 849 3631 in
884 3575 1158 3631 manibus
1192 3575 1561 3631 inimicorum
1608 3585 1812 3631 sancta
1844 3575 1874 3631 ‘l

252 3671 294 3741 (l
312 3671 477 3728 lacit.
509 3686 576 3739 11,
618 3667 705 3742 7.)
763 3668 858 3725 Vos
917 3668 1113 3737 ibitur,
1151 3666 1511 3736 dilectissimi,
1569 3669 1874 3726 armamini

256 3762 347 3819 ulo
372 3761 493 3818 Dei.
526 3759 901 3828 Accinqimini
941 3758 1312 3830 unusquisque
1355 3757 1545 3831 yladio
1588 3774 1686 3815 suo
1712 3775 1875 3831 super

252 3852 403 3918 {mur
428 3866 601 3907 suum
625 3847 1010 3922 potentissime
1058 3846 1235 3917 (Psal.
1265 3849 1439 3919 κων).
1488 3850 1872 3921 Accinqimini.

252 3948 295 3996 et
314 3945 483 3998 estote
506 3939 618 4009 filii
640 3938 898 4010 potentis,
947 3935 1140 3992 Helius
1169 3941 1247 3992 est
1275 3939 1421 3993 enim
1451 3937 1596 3993 mori
1624 3939 1684 3994 in
1715 3940 1873 4009 bello,

250 4045 395 4100 quam
434 4029 634 4085 uidere
679 4027 831 4082 mala
884 4028 1059 4097 qentis
1114 4036 1315 4082 nostroe
1369 4036 1420 4082 et
1449 4033 1786 4084 sanctorum.
1816 4026 1877 4083 Si

252 4120 351 4190 quis
374 4118 557 4177 mum
590 4116 727 4185 lepis
774 4115 871 4172 Dei
916 4115 1101 4186 habet,
1130 4114 1398 4187 adjunqat
1440 4131 1500 4173 se
1526 4116 1700 4174 nobis.
1727 4114 1876 4173 Sub-

254 4207 516 4264 miamus
563 4203 835 4276 tratribus
879 4202 1106 4273 nostris,
1150 4203 1601 4276 Disrumpamus
1646 4205 1880 4264 vincula

252 4311 459 4368 corum,
489 4299 549 4352 et
606 4293 985 4366 projiciamus
1038 4310 1071 4349 a
1124 4293 1293 4349 nobis
1342 4294 1551 4366 jugum
1612 4294 1875 4367 ipsorum

254 4386 403 4456 (Psal.
436 4401 506 4455 11,
536 4384 618 4457 3).
650 4381 1019 4452 Eqrcdimini,
1051 4389 1106 4438 et
1152 4382 1417 4438 Dominus
1445 4386 1553 4439 erit
1582 4383 1878 4444 vobiscum.

1980 3059 2089 3100 non
2121 3045 2445 3112 restiterint,
2476 3043 2647 3112 officii
2697 3045 3046 3113 suspensione
3080 3042 3412 3110 multentur,
3451 3042 3624 3100 donec

1984 3132 2417 3189 miscricordiam
2448 3131 2589 3188 sedis
2614 3132 2932 3199 apostolicos
2959 3134 3258 3189 obtineant.
3292 3132 3397 3189 His
3425 3132 3597 3190 dictis
3638 3173 3653 3201 ,

1983 3224 2160 3279 linem
2217 3220 2444 3278 dicendi
2493 3221 2646 3287 iecit,
2702 3221 3041 3292 proscipiens
3092 3222 3165 3278 iis
3213 3221 3316 3294 qui
3356 3222 3620 3291 aderant,

1982 3312 2360 3369 ecclesiarum
2395 3309 2671 3382 proelotis,
2721 3315 2784 3365 ut
2831 3310 2901 3365 ad
2945 3312 3176 3383 propria
3225 3311 3458 3379 reversi,
3489 3325 3622 3368 cum

1981 3402 2141 3459 omni
2183 3399 2463 3456 instantia
2489 3403 2545 3455 et
2583 3398 2784 3455 debita
2830 3399 3228 3456 sollicitudine
3260 3400 3458 3470 plebea
3485 3415 3624 3457 suas

1981 3494 2050 3547 ad
2083 3491 2235 3546 idem
2269 3490 2576 3544 hortentur
2604 3493 2662 3544 ct
2681 3487 2923 3544 invitent
2950 3487 3310 3560 diligentius.
3335 3487 3412 3545 lis
3433 3487 3622 3548 dictis.

1982 3581 2159 3636 {inem
2190 3577 2425 3635 dicendi
2467 3576 2621 3646 fecit,
2654 3582 2711 3632 et
2758 3576 2951 3633 soluta
2980 3578 3202 3649 synodo
3231 3576 3624 3635 valedicentes

1983 3671 2056 3726 ad
2086 3668 2355 3735 invicem,
2388 3667 2458 3722 ad
2487 3665 2720 3738 propria
2760 3669 2900 3722 sunt
2945 3665 3158 3721 reversi
3192 3680 3207 3719 ε
3238 3670 3372 3721 ante
3402 3664 3624 3736 omnin,

1978 3761 2143 3833 iuxta
2171 3763 2385 3814 statuta
2420 3755 2627 3830 synodi
2677 3754 2931 3812 fideliter
2982 3754 3339 3825 laborantes,
3406 3758 3472 3811 ut
3508 3767 3627 3827 pax

1983 3850 2134 3923 (quai
2188 3846 2362 3904 verbo
2406 3845 2629 3917 vulgari
2686 3849 2877 3916 treuqa
2928 3843 3163 3914 dicitur)
3220 3844 3293 3900 ab
3352 3841 3626 3901 omnibus

1985 3938 2326 3994 observetur
2356 3934 2602 4003 illibata,
2632 3949 2705 3991 ne
2735 3933 2819 3988 ira
2846 3930 3195 4003 volentibus,
3226 3936 3286 3991 et
3314 3932 3387 3989 ad
3419 3946 3629 3990 necee-

1987 4026 2137 4082 saria
2166 4025 2514 4094 discurrere,
2556 4022 2739 4080 ullum
2771 4021 3206 4080 ministraretur
3238 4021 3628 4096 impedimen·

1982 4120 2131 4173 tum.

2590 4219 2823 4279 CAPUT
2870 4220 3022 4278 xvt.

1989 4316 2092 4385 Qui
2119 4312 2183 4369 dc
2211 4311 2562 4384 principibus
2589 4310 2659 4367 ad
2690 4312 2800 4367 iter
2828 4327 2884 4366 se
2913 4309 3229 4368 obtulerunt
3251 4329 3271 4380 ,·
3290 4319 3343 4368 et
3378 4308 3445 4368 de
3471 4308 3634 4382 siano

2057 4385 2258 4448 crucis,
2292 4383 2433 4455 quod
2461 4385 2603 4439 ituri
2638 4382 2883 4440 vestibus
2910 4385 3026 4439 suis
3071 4385 3133 4439 in
3179 4385 3396 4456 siqnum
3444 4383 3556 4441 voti
3582 4393 3638 4442 et

252 4474 393 4532 Arata
420 4487 557 4548 quae
582 4471 735 4531 caede
762 4478 959 4528 mutua
993 4473 1190 4528 illicite
1218 4474 1568 4546 cruentastis,
1601 4477 1659 4533 in
1701 4475 1883 4533 hostes
1914 4483 1960 4549 1)
2062 4462 2268 4530 summ
2288 4454 2755 4528 Pssrevl'ina‘1'0m'5
2784 4455 3207 4526 imprimebam·

251 4563 359 4631 fidei
384 4573 439 4622 et
466 4563 720 4620 nominis
753 4560 1061 4617 Christiani
1089 4565 1406 4618 convertite.
1461 4566 1651 4634 Furta,
1683 4566 1881 4624 incen-

252 4652 345 4720 tlia,
374 4652 636 4728 rapinas,
682 4651 993 4720 homicidia,
1037 4661 1088 4708 et
1118 4657 1312 4710 caetera
1341 4656 1530 4724 qualia
1560 4657 1656 4726 qui
1680 4660 1880 4726 ayunt,

252 4759 457 4816 reqnusn
502 4744 611 4799 Dei
654 4757 765 4798 non
819 4741 1191 4814 possidebunt,
1243 4742 1342 4798 ltoc
1393 4744 1496 4800 Deo
1553 4746 1884 4817 beneplacito

250 4834 489 4891 redimite
517 4833 816 4905 obsequio,·
865 4838 926 4887 ut
964 4832 1307 4902 delictorum,
1366 4836 1558 4905 quibus
1598 4835 1885 4893 Dominum

251 4923 307 4979 nd
351 4922 720 4980 iracundiam
780 4925 1137 4994 provocastis,
1196 4920 1434 4978 celerem
1485 4923 1885 4994 indulgentiam

250 5028 330 5082 pm
356 5013 509 5070 uobis
538 5011 827 5069 obtineant
855 5009 973 5069 ltaec
998 5012 1221 5083 pictatis
1267 5027 1449 5083 opera,
1481 5020 1535 5068 et
1577 5013 1885 5086 deprecatio

248 5103 423 5161 collata
454 5107 805 5170 sanctorum,
835 5101 1096 5157 Elonemus
1130 5101 1303 5173 iqitur
1329 5110 1382 5159 ct
1417 5104 1789 5161 exhortamur
1824 5106 1885 5160 in

250 5190 479 5259 Domino,
509 5195 565 5248 et
596 5192 657 5247 in
717 5192 1097 5248 remissionem
1140 5196 1485 5264 peccatorum
1517 5195 1885 5266 injunqimus,

249 5289 300 5336 st
336 5282 625 5351 tratribus
662 5282 889 5349 nostris,
936 5284 991 5337 et
1034 5279 1268 5337 caelestis
1313 5283 1469 5354 requi
1510 5282 1888 5340 colzaeredibus

251 5369 441 5441 (mes
468 5373 623 5428 enim
651 5385 843 5427 sumus
870 5370 1103 5427 invicem
1130 5372 1392 5438 membra,
1454 5371 1711 5428 heredes
1751 5372 1882 5444 qui-

248 5459 363 5519 dem
390 5459 515 5534 Dei,
556 5458 896 5517 cohaeredes
924 5462 1119 5516 autem
1165 5459 1379 5516 Christi
1411 5459 1588 5532 [Rom,
1620 5477 1745 5531 vm,
1778 5460 1888 5534 171)

248 5551 329 5624 sci
354 5549 757 5622 Hierosolymis
772 5554 828 5606 et
845 5550 905 5606 in
932 5548 1138 5621 finibus
1160 5550 1279 5622 ejus
1296 5548 1573 5623 habitant,
1592 5550 1888 5623 afflictioni

550 5650 825 5712 Parnoi..
866 5648 1015 5713 CCI.

2061 4564 2224 4621 Dedit
2251 4579 2385 4633 ergo
2443 4561 2730 4619 Dominus
2782 4561 2937 4617 fideli
2988 4578 3152 4618 servo
3208 4577 3310 4619 suo
3338 4558 3636 4632 evangeli-

1991 4654 2147 4711 zanti
2174 4653 2389 4708 virtute
2420 4652 2620 4718 multa,
2652 4656 2711 4706 et
2738 4650 2961 4706 excelso
2990 4652 3048 4706 in
3083 4650 3252 4706 verbo
3282 4649 3499 4722 gloriae,
3531 4664 3635 4720 pro

1995 4744 2125 4800 fidei
2161 4741 2385 4798 meritis
2404 4742 2645 4797 verbum
2674 4739 2972 4807 elsscax,et
3001 4754 3321 4795 sermonem
3354 4740 3511 4794 omni
3544 4752 3634 4795 ac·

1993 4833 2260 4904 ceptione
2291 4831 2535 4902 dignum
2559 4831 2619 4885 in
2649 4827 2836 4885 oculis
2858 4829 3284 4884 universorum.
3305 4827 3372 4883 Et
3400 4826 3528 4883 visa
3547 4830 3640 4884 est

1993 4939 2027 4978 a
2056 4921 2303 4977 Domino
2334 4936 2427 4976 res
2456 4934 2714 4991 egressa,
2743 4917 2824 4973 ita
2854 4922 2920 4973 ut
2948 4917 3294 4973 mandatum
3323 4916 3472 4988 ejus,
3502 4916 3643 4974 licet

1994 5012 2243 5067 arduum
2275 5009 2456 5065 nimis
2485 5016 2541 5064 et
2571 5007 2809 5063 difficile
2837 5007 3150 5077 videretur,
3181 5022 3313 5065 cum
3346 5007 3508 5065 omni
3528 5007 3639 5064 avi·

1995 5101 2177 5157 ditate
2207 5105 2321 5154 tam
2355 5098 2606 5169 majores
2638 5112 2811 5169 quam
2836 5097 3092 5155 minores
3123 5098 3637 5172 amplecterentur.

1996 5192 2112 5250 Nec
2141 5188 2329 5248 solum
2362 5192 2675 5261 praesentes
2704 5202 2774 5243 ex
2802 5186 2964 5244 illius
2993 5187 3166 5245 verbo
3196 5202 3516 5245 succensus
3535 5185 3643 5242 hu-

1991 5284 2090 5354 jus
2111 5278 2377 5337 desiderii
2405 5278 2589 5333 fervor
2609 5276 2681 5333 ad
2708 5276 2818 5333 iter
2838 5281 3165 5334 armaverat
3188 5295 3203 5346 ς
3244 5291 3446 5332 vorum
3465 5274 3639 5347 longe

1994 5371 2222 5443 lateque
2250 5382 2444 5424 sermo
2474 5364 2630 5421 idem
2662 5364 2990 5436 egrediens,
3012 5364 3285 5421 absentes
3315 5363 3490 5421 ctiam
3512 5363 3642 5437 pari

1994 5464 2125 5517 voto
2158 5459 2444 5515 ferventes
2474 5453 2829 5512 accendebat
2859 5454 2929 5510 ad
2958 5452 3137 5510 idem.
3176 5451 3452 5526 Episcopi
3481 5467 3642 5524 vero,

1995 5551 2166 5623 prout
2192 5548 2251 5606 in
2283 5541 2578 5606 mandatis
2605 5545 2968 5615 acceperant,
2999 5539 3201 5602 ssdelcs
3230 5558 3293 5603 se
3320 5554 3646 5615 cooperan-

3331 5647 3377 5707 8
