3784 6000
176 237 290 305 351

1242 238 1676 304 GUILLELMI
1718 238 2105 302 TYRENSIS
2146 238 2532 303 Ancflml).

3461 235 3585 297 3⁸2

1204 525 1610 612 INCIPIT
1671 524 2006 613 LIBER
2070 520 2546 614 SEXTUS·

705 919 941 978 CAPUT
989 921 1295 980 PRIMUM.

181 1028 517 1085 Describitur
553 1043 730 1096 mons,
763 1033 813 1083 et
839 1044 976 1099 pars
1004 1029 1123 1099 ejus
1176 1030 1244 1084 ab
1293 1029 1533 1085 hostibus
1590 1044 1825 1101 occupa-

246 1104 363 1166 tur,
408 1098 723 1157 custodibus
754 1100 887 1155 illuc
943 1099 1151 1156 locatis.
1192 1102 1538 1157 Emittuncur
1572 1100 1643 1155 ud
1670 1115 1827 1156 mare

249 1172 890 1298 ἕὲιὲιιχὲἕιζῖιᾶξοσυοσεηε
909 1187 932 1238 ;
961 1178 1014 1228 et
1053 1171 1237 1228 illatis
1274 1173 1606 1229 victualibus
1633 1173 1823 1228 ciuitas

244 1365 457 1422 Sedato
494 1368 687 1422 autem
736 1366 996 1423 tumultu
1046 1371 1103 1423 et
1131 1367 1336 1439 gladiis
1364 1369 1668 1427 inebriatis
1691 1386 1822 1427 san-

170 1454 372 1528 guine,
414 1455 587 1511 fessis
620 1473 652 1511 a
680 1455 835 1513 caede
864 1457 1146 1514 continua
1173 1457 1510 1528 victoribus,
1538 1476 1672 1516 cum
1695 1461 1822 1533 jam

180 1544 386 1602 civitas
426 1543 760 1616 quievisset,
803 1544 1209 1604 convenientes
1252 1548 1575 1606 adinvicem
1610 1550 1829 1623 princi-

185 1650 310 1707 pes,
355 1632 606 1690 multum
646 1634 836 1691 adhuc
867 1651 1171 1708 superesse
1212 1636 1431 1695 laboris
1477 1642 1534 1696 et
1561 1640 1822 1697 nondum

180 1727 652 1780 consummatum
686 1725 977 1795 negotium
995 1724 1407 1799 intelligentes,
1431 1743 1535 1799 per
1558 1732 1749 1800 portas
1769 1734 1827 1786 et

181 1811 392 1868 moenia
413 1810 734 1884 designatis
756 1812 1122 1885 custodibus,
1145 1815 1206 1870 in
1237 1820 1494 1873 montem
1513 1817 1826 1875 ascendere

175 1898 579 1969 decreverunt,
622 1904 682 1957 et
726 1917 1067 1974 oppugnare
1117 1904 1474 1977 praesidium.
1524 1906 1594 1962 Et
1645 1907 1825 1965 missa

175 2002 316 2047 voce
337 1987 644 2060 praeconia,
668 1989 937 2048 cohortes
968 1990 1289 2056 universas.
1308 1992 1367 2049 in
1393 1997 1650 2052 montem
1676 2013 1826 2068 prae-

178 2076 401 2135 dictum
423 2080 732 2136 escendere
762 2081 1024 2138 certatim
1055 2082 1450 2156 compellunt;
1483 2101 1600 2157 quo
1632 2100 1828 2155 perve-

182 2164 431 2233 nientes,
463 2181 595 2222 cum
645 2167 900 2239 praesidii
956 2175 1248 2227 constaret
1294 2171 1639 2234 munitione,
1672 2174 1824 2246 quod

1850 922 1907 991 Α
1939 921 2276 978 Boamundo
2321 919 2754 976 commiserant.
2807 915 3121 972 Audientes
3175 914 3380 988 Igitur,
3424 915 3581 986 quod

1933 1024 2186 1082 magnus
2217 1008 2512 1082 princeps,
2535 1007 2607 1062 ds
2638 1021 2754 1078 quo
2785 1003 3200 1076 supradictum
3233 1007 3343 1069 est,
3369 1003 3583 1060 Gorba-

1930 1097 2070 1171 gath
2090 1096 2377 1165 videlicet,
2409 1097 2466 1152 in
2500 1095 2762 1168 proximo
2803 1098 3086 1150 venturus
3136 1095 3312 1161 esset,
3361 1099 3414 1148 et
3450 1091 3578 1163 jnm

1931 1187 2076 1244 fines
2108 1186 2495 1244 Antiochenos
2516 1187 2839 1258 ingressus,
2863 1181 3324 1239 innumerabiles
3346 1181 3579 1237 infude-

1930 1281 2016 1335 rat
2044 1277 2240 1348 copias
2273 1293 2288 1333 ι
2320 1277 2636 1334 decernunt
2668 1290 2853 1347 usque
2886 1273 2955 1331 ad
3011 1287 3171 1329 mare
3216 1271 3474 1344 aliquem
3504 1272 3575 1328 de

1930 1365 2291 1441 principibus
2321 1365 2588 1435 dirigere,
2623 1367 2690 1421 ut
2716 1380 2816 1421 eos
2850 1364 2922 1420 de
2964 1361 3265 1432 iratribus,
3306 1360 3408 1432 qui
3440 1360 3580 1418 illuc

1929 1455 2117 1528 gratia
2145 1455 2553 1512 alimentorum
2583 1456 2642 1510 et
2670 1451 2978 1524 colligendi
3010 1451 3198 1508 victus
3219 1466 3280 1507 se
3307 1449 3576 1508 contule·

1931 1548 2083 1616 rant,
2116 1549 2428 1612 revocent;
2458 1548 2515 1602 et
2542 1542 2829 1616 quidquid
2858 1541 3318 1598 necessariorum
3348 1539 3468 1597 illic
3489 1556 3576 1598 re-

1932 1636 2211 1708 pererint,
2244 1638 2434 1692 totum
2466 1633 2538 1690 ad
2578 1632 2784 1689 urbem
2844 1631 3194 1704 quantocius
3241 1628 3581 1703 precipiant

1929 1723 2300 1796 comportari.

2002 1813 2241 1869 Factum
2329 1816 2418 1868 est
2499 1815 2717 1879 autem,
2804 1813 2867 1865 ut
2945 1823 3048 1882 per
3102 1807 3248 1865 illud
3308 1806 3574 1876 biduum,

1930 1900 2090 1976 quod
2111 1917 2298 1974 usque
2318 1900 2391 1958 ad
2412 1899 2725 1958 adventum
2750 1898 3042 1970 majorum
3054 1897 3355 1970 copiarum
3378 1912 3584 1970 super·

1930 2006 2059 2049 esse
2082 1990 2401 2060 videbatur,
2443 1990 2500 2046 in
2544 1988 2706 2045 omni
2736 1986 3133 2044 sollicitudine
3161 1986 3583 2056 discurrentes,

1930 2081 2215 2154 quidquid
2244 2082 2421 2138 victus
2449 2083 2507 2137 et
2535 2076 2883 2151 pabulorum
2918 2077 3306 2148 undecunque
3343 2079 3582 2132 contra-

1931 2171 2070 2227 here
2115 2172 2457 2243 potuerunt,
2488 2167 2547 2222 in
2606 2166 2810 2222 urbem
2843 2164 3304 2235 introducentes,
3349 2164 3420 2220 sd
3450 2165 3582 2237 ejus

185 2255 428 2312 omnino
462 2259 619 2312 esset
642 2256 1059 2328 insuperabilis
1078 2263 1135 2315 et
1181 2261 1334 2331 quod
1366 2259 1488 2316 sola
1519 2261 1669 2319 l'ame
1700 2269 1830 2336 pot·
1857 2266 1907 2333 Β
1937 2259 2377 2318 conductionem
2410 2262 2529 2315 toto
2559 2256 2758 2313 studio
2788 2255 3135 2312 laborarent.
3159 2253 3271 2312 Sed
3291 2260 3346 2311 et
3365 2254 3581 2310 subur-

179 2347 304 2400 erat
319 2344 638 2416 expugnari
664 2369 678 2412 ;
708 2344 974 2402 videntes
1005 2346 1160 2418 quod
1193 2346 1477 2405 inutiliter
1508 2364 1825 2407 consume-

176 2434 306 2488 rent
333 2447 569 2503 operam
601 2437 660 2488 et
688 2433 972 2504 studium,
1013 2438 1071 2490 et
1102 2450 1192 2492 res
1242 2437 1563 2494 multorum
1595 2439 1820 2495 dierum

175 2520 350 2579 terias
381 2521 658 2593 exigeret,
692 2524 762 2578 ad
815 2523 929 2580 alia
959 2540 1023 2581 se
1060 2531 1408 2582 convertunt
1460 2533 1818 2601 argumenta.

173 2613 340 2668 Mons
380 2611 536 2666 enim
569 2610 703 2681 iste,
740 2611 841 2683 qui
865 2613 991 2669 urbi
1017 2616 1376 2686 praeeminet,
1399 2616 1546 2673 valle
1567 2618 1821 2689 quadam

173 2698 638 2773 profundissima
659 2703 717 2757 et
736 2699 950 2758 devexo
972 2703 1290 2774 plurimum
1321 2705 1640 2777 praecipitio
1672 2706 1819 2763 divi·

172 2804 277 2847 sus
325 2791 436 2854 est,
488 2788 571 2845 ita
602 2794 666 2845 ut
695 2790 822 2862 ejus
857 2808 989 2863 pars
1022 2809 1148 2866 quae
1178 2792 1238 2849 in
1263 2794 1544 2851 orientem
1591 2797 1822 2868 respicit

172 2876 251 2936 sit
270 2877 567 2947 humilior,
589 2878 807 2954 largam
828 2880 888 2938 in
911 2882 1001 2939 sui
1031 2884 1241 2941 vertice
1262 2883 1484 2942 habens
1498 2884 1817 2959 planitiem.

175 2966 381 3026 vinetis
402 2972 601 3043 aptam
631 2975 691 3029 et
719 2971 1087 3045 agricultum
1111 2993 1126 3046 ;
1150 2977 1315 3033 tanta
1343 2978 1543 3034 tamen
1573 2980 1661 3036 est
1685 2992 1819 3051 pro-

177 3057 373 3116 fundae
402 3058 856 3133 intercapedinis
905 3062 1206 3134 distantia,
1261 3068 1328 3122 ut
1367 3065 1559 3137 potius
1589 3074 1818 3125 montes

177 3147 292 3205 duo
324 3163 500 3219 quam
531 3165 687 3206 unus
724 3150 786 3208 in
816 3152 936 3209 duo
967 3152 1188 3210 divisus
1229 3154 1513 3213 videatur.
1546 3157 1656 3222 Qui
1685 3173 1818 3215 vero

170 3237 231 3294 in
262 3236 620 3294 occidentem
652 3239 1043 3312 protenditur,
1098 3241 1269 3316 longe
1318 3244 1623 3302 sublimior
1650 3254 1737 3303 est
1765 3255 1818 3304 et

175 3325 601 3397 cacuminatus,
647 3329 707 3384 in
755 3329 922 3401 cuius
961 3334 1120 3402 parte
1159 3330 1492 3392 sublimiore
1521 3335 1701 3393 situm
1731 3342 1820 3394 est

178 3414 537 3488 praesidium,
561 3430 729 3475 muro
748 3417 934 3476 solido
955 3427 1010 3476 et
1029 3420 1290 3478 turribus
1310 3422 1689 3481 validioribus
1713 3426 1817 3482 :ab

175 3502 395 3561 oriente
414 3506 472 3560 et
492 3507 924 3578 aseptentrione
944 3507 1287 3582 praedictum
1313 3510 1531 3569 babens
1559 3512 1819 3572 immane

172 3597 231 3651 et
255 3592 316 3650 in
340 3594 578 3651 modum
603 3596 861 3655 barathri
893 3599 1298 3673 praecipitium,
1337 3601 1420 3660 ita
1466 3605 1531 3659 ut
1569 3619 1675 3661 nec
1720 3620 1816 3660 ex·
1847 3634 1891 3703 c

173 3682 415 3757 cogitari
445 3685 629 3758 possit
657 3690 946 3759 quomodo
1001 3706 1067 3747 ex
1117 3690 1236 3748 illis
1293 3691 1525 3750 duabus
1554 3693 1818 3766 partibus

176 3773 444 3844 praesidio
477 3780 772 3835 noceatur.
813 3779 901 3835 Ab
959 3779 1257 3838 occidente
1311 3797 1445 3839 vero
1495 3782 1660 3840 collis
1697 3790 1820 3841 erat

178 3862 530 3934 depressior,
561 3865 714 3924 inter
743 3884 915 3940 quem
956 3873 1016 3925 et
1062 3869 1397 3940 praesidium
1456 3871 1628 3928 vallis
1674 3878 1816 3945 erat,

154 3948 284 4033 ‘sed
306 3952 552 4026 modica,
576 3971 683 4011 nec
707 3955 1017 4013 latitudine
1037 3957 1268 4026 diffusa,
1295 3974 1398 4015 nec
1424 3960 1819 4032 profunditate

182 4053 463 4112 proeceps,
496 4058 598 4113 per
627 4061 802 4116 quam
823 4045 1152 4104 volentibus
1178 4065 1210 4103 a
1233 4048 1500 4118 praesidio
1532 4049 1590 4105 in
1614 4050 1817 4108 urbem

181 4127 553 4199 descendere,
578 4131 692 4188 iter
716 4133 950 4190 unicum
983 4138 1041 4190 et
1069 4134 1391 4208 singulare,
1439 4140 1582 4195 satis
1626 4155 1729 4211 per
1756 4156 1819 4197 se

174 4218 412 4274 nemine
442 4218 821 4293 impugnante
842 4224 1259 4295 periculosum.
1293 4226 1459 4282 Hunc
1483 4243 1588 4300 ego
1610 4228 1817 4286 collem

175 4305 395 4361 nostris
420 4306 603 4363 visum
662 4315 750 4366 est
797 4311 1161 4383 principibus
1207 4331 1507 4388 occupare,
1562 4334 1635 4374 ne
1673 4320 1821 4374 sorte

174 4407 277 4465 per
313 4397 544 4466 portam
574 4398 826 4467 praesidii
856 4399 1126 4456 hostibus
1163 4403 1468 4475 immissis,
1500 4407 1560 4462 in
1592 4412 1820 4463 nostro-

179 4501 308 4544 rum
332 4485 651 4557 laesionem,
676 4490 734 4546 in
752 4491 954 4548 urbem
979 4496 1197 4563 pateret
1223 4496 1557 4553 descensus.
1591 4496 1818 4555 Locatis

181 4590 317 4649 ergo
349 4574 432 4633 ibi
453 4576 595 4634 viris
635 4579 1017 4651 prudentibus
1067 4588 1123 4639 et
1177 4585 1455 4653 strenuis,
1505 4589 1563 4643 et
1601 4585 1820 4645 relictis

180 4670 296 4724 tam
329 4667 390 4724 in
427 4668 606 4726 armis
652 4687 831 4743 quam
871 4673 931 4728 in
960 4670 1112 4731 victu
1144 4676 1524 4747 necessariis3
1556 4678 1820 4752 factoque

174 4775 343 4817 muro
373 4772 504 4817 cum
528 4761 985 4835 propugnaculis
1025 4779 1095 4820 ex
1120 4782 1293 4839 opere
1331 4767 1534 4836 solido,
1574 4773 1632 4825 et
1661 4768 1818 4826 loca·

176 4849 255 4906 tis
282 4866 458 4925 super
486 4866 620 4909 eum
654 4853 858 4911 ordine
887 4869 1144 4927 congruo
1178 4856 1487 4929 machinis,
1538 4859 1754 4931 quibus
1785 4877 1820 4917 a

1936 2354 2218 2410 banorum
2241 2350 2466 2418 incolae,
2479 2353 2537 2407 et
2551 2364 2821 2422 agrorum
2838 2347 3110 2418 cultores,
3142 2346 3390 2404 scientes
3409 2347 3490 2404 Cb
3500 2348 3580 2403 ri·

1933 2443 2144 2500 stianis
2170 2443 2371 2499 urbem
2412 2455 2539 2497 esse
2597 2438 2910 2508 redditam,
2957 2452 3321 2510 quiscunque
3365 2437 3581 2493 inferre

1932 2534 2219 2605 poterant,
2251 2528 2514 2602 diligenti
2544 2529 2739 2585 studio
2770 2526 3226 2599 comportabant.
3247 2525 3359 2584 Sed
3391 2525 3580 2582 modi·

1930 2638 2064 2680 cum
2094 2625 2221 2678 erat
2248 2624 2307 2678 et
2335 2636 2482 2692 pene
2511 2618 2656 2676 nibil
2690 2618 2846 2692 quod
2887 2618 3145 2689 undique
3175 2616 3574 2684 inferebaturg

1932 2727 2069 2769 nam
2098 2710 2326 2767 diutina
2354 2708 2603 2777 obsidio,
2644 2723 2775 2780 quae
2806 2706 3105 2763 mensibus
3152 2720 3359 2763 novem
3390 2705 3576 2763 conti·

1930 2800 2064 2857 uuis
2097 2801 2425 2856 universam
2457 2798 2802 2855 exhauserat
2830 2797 3147 2868 regionem,
3180 2794 3331 2851 nibil
3361 2793 3573 2868 reliqui

1931 2887 2163 2957 fecerat,
2196 2886 2349 2943 unde
2364 2884 2455 2942 vel
2485 2885 2556 2942 ad
2580 2899 2795 2958 paucos
2825 2883 2951 2940 dies
2967 2883 3182 2940 nostris
3212 2885 3411 2955 posset
3439 2880 3575 2939 sub·

1931 2975 2129 3037 veniri.

1930 3176 2170 3233 Trecenti
2215 3190 2256 3231 a
2283 3174 2494 3247 mnjore
2550 3172 2793 3229 hostium
2818 3168 3095 3243 praemissi
3149 3170 3415 3241 exercitu,
3446 3177 3575 3227 onte

1999 3246 2191 3303 urbem
2212 3245 2550 3302 discurrunt.
2577 3243 2842 3315 nuperius
2861 3246 2929 3300 dc
2948 3240 3274 3299 cornavilla
3292 3242 3573 3299 incautius

1998 3334 2282 3376 occurrens
2306 3316 2593 3374 occiditur.

1998 3428 2195 3485 Altera
2223 3443 2358 3485 vero
2387 3427 2480 3483 die
2511 3427 2643 3498 post
2681 3425 2886 3481 urbem
2919 3430 3165 3495 captam,
3218 3438 3354 3480 cum
3387 3424 3569 3480 nostri

1928 3518 2078 3576 circa
2126 3518 2284 3575 urbis
2323 3516 2650 3573 custodiam
2682 3518 2739 3571 et
2794 3529 2898 3588 pro
2929 3512 3246 3570 inferendis
3275 3511 3573 3570 alimentis

1930 3611 2129 3665 essent
2156 3605 2322 3662 valde
2339 3604 2598 3673 solliciti,
2621 3618 2752 3659 ecce
2770 3601 3028 3659 trecendi
3051 3601 3278 3674 equites
3305 3601 3379 3658 de
3407 3618 3570 3659 exer·

1929 3695 2045 3753 citu
2068 3693 2413 3765 Corbagatb,
2445 3692 2700 3749 studioso
2730 3689 3031 3764 praemissi,
3080 3690 3130 3746 si
3181 3690 3327 3747 forte
3353 3706 3425 3748 ex
3464 3708 3571 3747 no-

1928 3783 2069 3840 stris
2090 3782 2320 3855 aliquos
2341 3786 2499 3838 extra
2515 3782 2719 3837 urbem
2743 3780 2973 3837 incaute
3003 3795 3066 3835 se
3096 3779 3377 3837 habentes
3398 3795 3569 3853 repe-

1927 3873 2040 3930 rire
2070 3875 2322 3944 possent,
2370 3869 2579 3927 armati
2636 3871 2708 3926 ad
2769 3885 3027 3943 unguem
3057 3872 3115 3925 et
3159 3869 3324 3939 equis
3352 3869 3569 3927 iuvecti

1928 3960 2410 4032 celeribus,juxta
2429 3960 2633 4017 urbem
2659 3974 2721 4015 se
2748 3959 2943 4015 locant
2973 3957 3032 4013 in
3055 3958 3303 4014 insidiis.
3326 3959 3411 4015 Ex
3437 3958 3569 4030 qui-

1928 4052 2038 4108 bus
2061 4050 2318 4123 triginta,
2366 4051 2467 4122 qui
2515 4064 2697 4121 equos
2726 4048 3070 4104 videbantur
3088 4047 3302 4105 habere
3328 4048 3572 4105 velocio-

1928 4156 2041 4208 res,
2084 4155 2270 4211 usque
2308 4139 2378 4194 ad
2438 4139 2639 4195 urbem
2670 4142 2964 4210 caeperunt
3002 4136 3345 4205 discurrere,
3375 4153 3445 4194 ex
3475 4137 3565 4193 in·

1927 4228 2155 4286 dustria
2185 4227 2571 4301 ignorantiam
2608 4225 3047 4298 praetendentes,
3079 4229 3138 4283 et
3171 4225 3569 4284 discurrentes

1927 4318 2235 4374 incautius.
2270 4318 2382 4373 ilos
2411 4333 2543 4374 cum
2581 4317 2765 4374 nostri
2796 4315 2897 4387 qui
2928 4316 2987 4371 in
3026 4314 3256 4372 civitate
3274 4319 3465 4385 erant,
3489 4317 3570 4372 ita

1926 4407 2197 4465 viderunt
2226 4408 2571 4473 discurrere,
2603 4421 2754 4478 aegre
2791 4405 3066 4473 tulerunt,
3102 4405 3414 4479 indignum
3446 4419 3570 4462 om-

1926 4499 2065 4556 nino
2082 4501 2439 4571 reputantes,
2462 4496 2576 4554 nisi
2596 4498 2679 4553 eis
2695 4496 2922 4553 obviam
2947 4496 3372 4567 procederetur.
3407 4494 3571 4553 Unde

1923 4591 2014 4646 vir
2045 4590 2104 4646 in
2132 4590 2314 4646 armis
2333 4592 2631 4657 strenuus,
2660 4588 2828 4659 cujus
2859 4586 3045 4644 multa
3072 4586 3133 4643 in
3164 4588 3363 4645 eodem
3403 4602 3569 4644 exer·

1928 4679 2047 4737 citu
2076 4680 2309 4753 egregia
2337 4679 2575 4734 suerunt
2628 4692 2825 4749 opera,
2875 4677 3132 4747 Rogerus
3169 4675 3436 4733 videlicet
3494 4677 3570 4734 de

1928 4768 2268 4837 Barnavilla,
2292 4769 2363 4825 de
2393 4767 2672 4824 comitatu
2696 4767 2918 4825 domini
2942 4766 3177 4824 Roberti
3197 4767 3566 4824 Normanno·

1926 4874 2058 4915 rum
2090 4857 2344 4926 comitis,
2374 4857 2691 4927 assumptis
2710 4873 2908 4913 secum
2929 4856 3300 4915 consortibus
3318 4856 3567 4930 quinde-

175 4954 236 4995 se
264 4939 524 4997 hostium
552 4947 792 5013 possent
837 4943 1118 5017 repellere
1152 4946 1481 5004 molestias:
1524 4950 1816 5023 principes
1925 4948 2061 5016 cim,
2084 4946 2249 5005 eisin
2279 4962 2586 5004 occursum
2628 4946 2701 5003 ab
2750 4947 2894 5003 urbe
2941 4949 3233 5019 properat,
3266 4961 3430 5002 more
3459 4962 3569 5004 suo

176 5026 248 5084 de
280 5029 599 5101 majoribus
631 5032 1005 5092 deliberaturi
1036 5035 1096 5092 in
1127 5038 1332 5095 urbem
1363 5039 1813 5110 descenderunt,
1845 5017 1892 5082 D
1924 5038 2142 5111 aliquid
2171 5037 2402 5110 insigne
2433 5040 2726 5110 gesturus.
2784 5036 2894 5101 Qui
2949 5035 3092 5093 dum
3131 5034 3280 5092 laxis
3319 5034 3567 5092 habenis

176 5118 249 5174 ad
273 5120 540 5176 eumdem
563 5119 756 5178 locum
778 5124 1082 5198 completis
1112 5127 1363 5200 negotiis
1391 5128 1653 5186 redituri.
1683 5128 1818 5185 Om-

176 5224 280 5263 nes
309 5208 466 5265 enim
494 5206 613 5264 illic
645 5225 866 5267 moram
888 5213 1094 5284 facere,
1127 5232 1432 5289 quousque
1454 5232 1815 5290 expugnare-

177 5300 272 5354 tur
302 5298 658 5372 praesidium,
690 5300 1096 5360 decreverant:
1120 5310 1355 5379 excepto
1384 5306 1621 5364 domino
1642 5306 1812 5375 duce,

175 5386 277 5458 qui
306 5388 378 5446 dc
407 5390 701 5448 communi
725 5391 1053 5465 principum
1076 5395 1339 5465 consilio,
1363 5401 1590 5467 portam
1607 5395 1814 5454 Orien·

174 5475 350 5534 talem
371 5480 430 5535 in
462 5495 630 5536 suam
661 5486 956 5554 receperat
985 5485 1332 5552 custodiam,
1365 5485 1545 5542 simul
1574 5491 1632 5543 et
1673 5503 1813 5560 prae-

1925 5127 1985 5184 in
2017 5127 2323 5201 praedictos
2352 5141 2688 5183 excursores
2707 5125 2953 5183 irrueret
2975 5125 3322 5192 animosius,
3349 5124 3563 5193 subito,

1923 5219 2024 5276 sed
2065 5217 2484 5288 fraudulenter,
2535 5216 2598 5273 in
2646 5216 2846 5289 fugam
2891 5215 3042 5273 versi
3081 5219 3242 5284 sunt,
3273 5214 3436 5272 tadiu
3467 5215 3568 5273 fu-

1923 5324 2057 5382 gam
2087 5307 2517 5377 continuantes,
2561 5320 2863 5380 quousque
2908 5306 2979 5364 ad
3019 5319 3258 5363 suorum
3291 5321 3567 5378 pervene-

1924 5406 2055 5455 runt
2084 5398 2353 5455 insidias.
2385 5396 2549 5456 Unde
2593 5394 3090 5469 consurgentibus
3132 5394 3223 5453 his
3245 5395 3343 5467 qui
3375 5396 3563 5456 latue-

1921 5490 2076 5556 rant,
2091 5487 2444 5560 reintegrato
2465 5501 2705 5544 suorum
2744 5501 3013 5554 numero,
3046 5486 3104 5543 in
3134 5501 3234 5543 eos
3255 5485 3359 5559 qui
3375 5488 3564 5545 socios

174 5564 416 5639 sidium,
437 5569 593 5640 quod
614 5569 798 5631 nostri
816 5574 979 5633 extra
994 5574 1198 5633 urbem
1228 5574 1550 5645 firmantes,
1571 5575 1811 5634 domino
1916 5575 2378 5647 insectabantur,
2406 5574 2553 5637 calle
2591 5575 2886 5650 reciproco
2915 5575 3224 5649 irruentes,
3255 5575 3316 5633 in
3357 5577 3560 5651 rugam
