<?xml version="1.0" encoding="UTF-8"?>
<!DOCTYPE html PUBLIC "-//W3C//DTD XHTML 1.0 Transitional//EN"
    "http://www.w3.org/TR/xhtml1/DTD/xhtml1-transitional.dtd">
<html xmlns="http://www.w3.org/1999/xhtml" xml:lang="en" lang="en">
 <head>
  <title>
</title>
<meta http-equiv="Content-Type" content="text/html;charset=utf-8" />
  <meta name='ocr-system' content='tesseract 3.04.00' />
  <meta name='ocr-capabilities' content='ocr_page ocr_carea ocr_par ocr_line ocrx_word'/>
</head>
<body>
  <div class='ocr_page' id='page_1' title='image "./patrologiaecurs32goog_0592.png"; bbox 0 0 3784 6000; ppageno 0'>
   <div class='ocr_carea' id='block_1_1' title="bbox 274 207 3690 275">
    <p class='ocr_par' dir='ltr' id='par_1_1' title="bbox 274 207 3690 275">
     <span class='ocr_line' id='line_1_1' title="bbox 274 207 3690 275; baseline -0.001 -2"><span class='ocrx_word' id='word_1_1' title='bbox 274 210 419 275; x_wconf 67' lang='lat'><strong>”⁸15</strong></span> <span class='ocrx_word' id='word_1_2' title='bbox 1727 208 1924 271; x_wconf 78' lang='lat' dir='ltr'><strong>Lucu</strong></span> <span class='ocrx_word' id='word_1_3' title='bbox 1963 207 2042 269; x_wconf 87' lang='lat' dir='ltr'><strong>m</strong></span> <span class='ocrx_word' id='word_1_4' title='bbox 2075 208 2286 271; x_wconf 74' lang='lat' dir='ltr'>PAPAE</span> <span class='ocrx_word' id='word_1_5' title='bbox 2365 226 2372 232; x_wconf 86' lang='lat'>·</span> <span class='ocrx_word' id='word_1_6' title='bbox 3577 208 3690 269; x_wconf 71' lang='lat'>1¹¹1·</span> 
     </span>
    </p>
   </div>
   <div class='ocr_carea' id='block_1_2' title="bbox 242 335 3744 861">
    <p class='ocr_par' dir='ltr' id='par_1_2' title="bbox 242 335 3744 861">
     <span class='ocr_line' id='line_1_2' title="bbox 242 335 3691 415; baseline -0.001 -16"><span class='ocrx_word' id='word_1_7' title='bbox 242 342 509 399; x_wconf 80' lang='lat' dir='ltr'><strong>-rectum</strong></span> <span class='ocrx_word' id='word_1_8' title='bbox 538 340 734 410; x_wconf 73' lang='lat' dir='ltr'><strong>fuerit,</strong></span> <span class='ocrx_word' id='word_1_9' title='bbox 767 340 1123 415; x_wconf 78' lang='lat' dir='ltr'><strong>propulsare</strong></span> <span class='ocrx_word' id='word_1_10' title='bbox 1169 342 1515 400; x_wconf 80' lang='lat' dir='ltr'><strong>violentiam</strong></span> <span class='ocrx_word' id='word_1_11' title='bbox 1544 344 1602 399; x_wconf 90' lang='lat' dir='ltr'><strong>et</strong></span> <span class='ocrx_word' id='word_1_12' title='bbox 1633 338 1929 412; x_wconf 81' lang='lat' dir='ltr'><strong>iustitiam</strong></span> <span class='ocrx_word' id='word_1_13' title='bbox 1955 335 2005 394; x_wconf 72' lang='lat' dir='ltr'>A</span> <span class='ocrx_word' id='word_1_14' title='bbox 2121 342 2334 398; x_wconf 86' lang='lat' dir='ltr'><strong>Datum</strong></span> <span class='ocrx_word' id='word_1_15' title='bbox 2354 339 2608 407; x_wconf 80' lang='lat' dir='ltr'><strong>velletri,</strong></span> <span class='ocrx_word' id='word_1_16' title='bbox 2629 355 2999 415; x_wconf 75' lang='lat' dir='ltr'><strong>per-manum</strong></span> <span class='ocrx_word' id='word_1_17' title='bbox 3022 338 3691 399; x_wconf 70' lang='lat' dir='ltr'><strong>Albertisanctoefloma·</strong></span> 
     </span>
     <span class='ocr_line' id='line_1_3' title="bbox 273 425 3744 515; baseline -0.001 -29"><span class='ocrx_word' id='word_1_18' title='bbox 273 430 601 488; x_wconf 82' lang='lat' dir='ltr'><strong>vindicare.</strong></span> <span class='ocrx_word' id='word_1_19' title='bbox 635 430 1011 504; x_wconf 78' lang='lat' dir='ltr'><strong>sepulturam</strong></span> <span class='ocrx_word' id='word_1_20' title='bbox 1034 436 1317 503; x_wconf 80' lang='lat' dir='ltr'><strong>proeterea</strong></span> <span class='ocrx_word' id='word_1_21' title='bbox 1337 433 1517 503; x_wconf 84' lang='lat' dir='ltr'><strong>hujus</strong></span> <span class='ocrx_word' id='word_1_22' title='bbox 1535 431 1650 488; x_wconf 89' lang='lat' dir='ltr'><strong>loci</strong></span> <span class='ocrx_word' id='word_1_23' title='bbox 1677 430 1928 486; x_wconf 91' lang='lat' dir='ltr'><strong>liberam</strong></span> <span class='ocrx_word' id='word_1_24' title='bbox 2037 445 2132 485; x_wconf 81' lang='lat' dir='ltr'><strong>noe</strong></span> <span class='ocrx_word' id='word_1_25' title='bbox 2180 429 2453 486; x_wconf 80' lang='lat' dir='ltr'><strong>Ecclesioe</strong></span> <span class='ocrx_word' id='word_1_26' title='bbox 2500 430 2825 503; x_wconf 85' lang='lat' dir='ltr'><strong>presbyteri</strong></span> <span class='ocrx_word' id='word_1_27' title='bbox 2864 430 3186 487; x_wconf 85' lang='lat' dir='ltr'><strong>cardinalis</strong></span> <span class='ocrx_word' id='word_1_28' title='bbox 3231 434 3295 487; x_wconf 87' lang='lat' dir='ltr'><strong>et</strong></span> <span class='ocrx_word' id='word_1_29' title='bbox 3337 425 3689 491; x_wconf 78' lang='lat' dir='ltr'><strong>cancellarii.</strong></span> <span class='ocrx_word' id='word_1_30' title='bbox 3733 494 3744 515; x_wconf 34' lang='grc' dir='ltr'><strong><em>ο</em></strong></span> 
     </span>
     <span class='ocr_line' id='line_1_4' title="bbox 276 516 3690 590; baseline -0.001 -14"><span class='ocrx_word' id='word_1_31' title='bbox 276 533 408 577; x_wconf 89' lang='lat' dir='ltr'><strong>esse</strong></span> <span class='ocrx_word' id='word_1_32' title='bbox 432 520 830 587; x_wconf 87' lang='lat' dir='ltr'><strong>decernimus,</strong></span> <span class='ocrx_word' id='word_1_33' title='bbox 862 526 927 577; x_wconf 89' lang='lat' dir='ltr'><strong>ut</strong></span> <span class='ocrx_word' id='word_1_34' title='bbox 955 536 1163 577; x_wconf 90' lang='lat' dir='ltr'><strong>eorum</strong></span> <span class='ocrx_word' id='word_1_35' title='bbox 1208 519 1509 578; x_wconf 85' lang='lat' dir='ltr'><strong>devotioni</strong></span> <span class='ocrx_word' id='word_1_36' title='bbox 1547 525 1603 576; x_wconf 91' lang='lat' dir='ltr'><strong>et</strong></span> <span class='ocrx_word' id='word_1_37' title='bbox 1648 523 1928 576; x_wconf 68' lang='lat' dir='ltr'><strong>extremm</strong></span> <span class='ocrx_word' id='word_1_38' title='bbox 2036 518 2302 576; x_wconf 89' lang='lat' dir='ltr'><strong>secundo</strong></span> <span class='ocrx_word' id='word_1_39' title='bbox 2331 519 2467 575; x_wconf 89' lang='lat' dir='ltr'><strong>ldus</strong></span> <span class='ocrx_word' id='word_1_40' title='bbox 2512 520 2795 586; x_wconf 76' lang='lat' dir='ltr'><strong>Ianuarii,</strong></span> <span class='ocrx_word' id='word_1_41' title='bbox 2846 519 3169 577; x_wconf 80' lang='lat' dir='ltr'><strong>indictione</strong></span> <span class='ocrx_word' id='word_1_42' title='bbox 3194 518 3452 577; x_wconf 83' lang='lat' dir='ltr'><strong>decima</strong></span> <span class='ocrx_word' id='word_1_43' title='bbox 3481 516 3690 590; x_wconf 79' lang='lat' dir='ltr'><strong>quinta,</strong></span> 
     </span>
     <span class='ocr_line' id='line_1_5' title="bbox 275 605 3690 682; baseline -0.001 -17"><span class='ocrx_word' id='word_1_44' title='bbox 275 607 570 666; x_wconf 80' lang='lat' dir='ltr'><strong>voluntati</strong></span> <span class='ocrx_word' id='word_1_45' title='bbox 615 607 721 680; x_wconf 94' lang='lat' dir='ltr'><strong>qui</strong></span> <span class='ocrx_word' id='word_1_46' title='bbox 773 623 836 665; x_wconf 90' lang='lat' dir='ltr'><strong>se</strong></span> <span class='ocrx_word' id='word_1_47' title='bbox 892 608 1010 665; x_wconf 92' lang='lat' dir='ltr'><strong>illic</strong></span> <span class='ocrx_word' id='word_1_48' title='bbox 1051 607 1285 682; x_wconf 88' lang='lat' dir='ltr'><strong>sepeliri</strong></span> <span class='ocrx_word' id='word_1_49' title='bbox 1315 607 1790 674; x_wconf 82' lang='lat' dir='ltr'><strong>deliberaverint,</strong></span> <span class='ocrx_word' id='word_1_50' title='bbox 1813 605 1927 661; x_wconf 89' lang='lat' dir='ltr'><strong>nisi</strong></span> <span class='ocrx_word' id='word_1_51' title='bbox 2037 606 3556 681; x_wconf 76' lang='lat' dir='ltr'><strong>lncarnationeDominicoeanno1182,pontiiicatus</strong></span> <span class='ocrx_word' id='word_1_52' title='bbox 3577 620 3690 662; x_wconf 81' lang='lat' dir='ltr'><strong>vero</strong></span> 
     </span>
     <span class='ocr_line' id='line_1_6' title="bbox 279 694 3266 770; baseline -0 -17"><span class='ocrx_word' id='word_1_53' title='bbox 279 696 428 755; x_wconf 74' lang='lat' dir='ltr'><strong>forte</strong></span> <span class='ocrx_word' id='word_1_54' title='bbox 449 697 1385 765; x_wconf 78' lang='lat' dir='ltr'><strong>excommunicati,velinterdicti</strong></span> <span class='ocrx_word' id='word_1_55' title='bbox 1402 697 1755 767; x_wconf 86' lang='lat' dir='ltr'><strong>sint,nullus</strong></span> <span class='ocrx_word' id='word_1_56' title='bbox 1773 694 1931 753; x_wconf 88' lang='lat' dir='ltr'><strong>obsi·</strong></span> <span class='ocrx_word' id='word_1_57' title='bbox 2039 695 2270 757; x_wconf 87' lang='lat' dir='ltr'><strong>domini</strong></span> <span class='ocrx_word' id='word_1_58' title='bbox 2303 695 2461 753; x_wconf 87' lang='lat' dir='ltr'><strong>Lucii</strong></span> <span class='ocrx_word' id='word_1_59' title='bbox 2487 712 2661 770; x_wconf 74' lang='lat' dir='ltr'><strong>papoe</strong></span> <span class='ocrx_word' id='word_1_60' title='bbox 2692 697 2762 754; x_wconf 84' lang='grc' dir='ltr'><strong>ΙΙΙ</strong></span> <span class='ocrx_word' id='word_1_61' title='bbox 2791 712 2955 754; x_wconf 89' lang='lat' dir='ltr'><strong>anno</strong></span> <span class='ocrx_word' id='word_1_62' title='bbox 2979 697 3266 754; x_wconf 86' lang='lat' dir='ltr'><strong>secundo.</strong></span> 
     </span>
     <span class='ocr_line' id='line_1_7' title="bbox 281 782 2933 861; baseline -0.003 -16"><span class='ocrx_word' id='word_1_63' title='bbox 281 789 412 851; x_wconf 83' lang='lat' dir='ltr'><strong>stat,</strong></span> <span class='ocrx_word' id='word_1_64' title='bbox 430 784 600 843; x_wconf 83' lang='lat' dir='ltr'><strong>salva</strong></span> <span class='ocrx_word' id='word_1_65' title='bbox 611 790 809 843; x_wconf 88' lang='lat' dir='ltr'><strong>tamen</strong></span> <span class='ocrx_word' id='word_1_66' title='bbox 816 787 1055 861; x_wconf 85' lang='lat' dir='ltr'><strong>justitia</strong></span> <span class='ocrx_word' id='word_1_67' title='bbox 1073 787 1311 845; x_wconf 89' lang='lat' dir='ltr'><strong>illarum</strong></span> <span class='ocrx_word' id='word_1_68' title='bbox 1324 787 1711 845; x_wconf 88' lang='lat' dir='ltr'><strong>ecclesiarum</strong></span> <span class='ocrx_word' id='word_1_69' title='bbox 1740 802 1775 841; x_wconf 86' lang='lat' dir='ltr'><strong>a</strong></span> <span class='ocrx_word' id='word_1_70' title='bbox 1799 782 1933 856; x_wconf 90' lang='lat' dir='ltr'><strong>qui·</strong></span> <span class='ocrx_word' id='word_1_71' title='bbox 2827 804 2933 860; x_wconf 56' lang='lat' dir='ltr'><strong>xc,</strong></span> 
     </span>
    </p>
   </div>
   <div class='ocr_carea' id='block_1_3' title="bbox 279 876 3696 962">
    <p class='ocr_par' dir='ltr' id='par_1_3' title="bbox 279 876 3696 962">
     <span class='ocr_line' id='line_1_8' title="bbox 279 876 3696 962; baseline -0.002 -28"><span class='ocrx_word' id='word_1_72' title='bbox 279 876 395 934; x_wconf 87' lang='lat' dir='ltr'><strong>bus</strong></span> <span class='ocrx_word' id='word_1_73' title='bbox 422 880 797 932; x_wconf 90' lang='lat' dir='ltr'><strong>mortuorum</strong></span> <span class='ocrx_word' id='word_1_74' title='bbox 819 891 1075 949; x_wconf 86' lang='lat' dir='ltr'><strong>corpora</strong></span> <span class='ocrx_word' id='word_1_75' title='bbox 1096 882 1506 934; x_wconf 88' lang='lat' dir='ltr'><strong>assumuntur.</strong></span> <span class='ocrx_word' id='word_1_76' title='bbox 1531 876 1664 933; x_wconf 89' lang='lat' dir='ltr'><strong>Paci</strong></span> <span class='ocrx_word' id='word_1_77' title='bbox 1687 888 1934 949; x_wconf 88' lang='lat' dir='ltr'><strong>quoque</strong></span> <span class='ocrx_word' id='word_1_78' title='bbox 2042 889 2384 948; x_wconf 52' lang='lat' dir='ltr'><strong>Ecdeme&amp;</strong></span> <span class='ocrx_word' id='word_1_79' title='bbox 2408 890 2674 962; x_wconf 59' lang='lat' dir='ltr'><strong>Dionysi,-</strong></span> <span class='ocrx_word' id='word_1_80' title='bbox 2687 890 2759 948; x_wconf 65' lang='lat' dir='ltr'><strong>de</strong></span> <span class='ocrx_word' id='word_1_81' title='bbox 2775 891 2967 947; x_wconf 56' lang='lat' dir='ltr'><strong>passu</strong></span> <span class='ocrx_word' id='word_1_82' title='bbox 2993 889 3430 961; x_wconf 57' lang='lat' dir='ltr'><strong>protectionem</strong></span> <span class='ocrx_word' id='word_1_83' title='bbox 3469 887 3696 958; x_wconf 53' lang='lat' dir='ltr'><strong><em>mein]</em></strong></span> 
     </span>
    </p>
   </div>
   <div class='ocr_carea' id='block_1_4' title="bbox 277 962 1948 1661">
    <p class='ocr_par' dir='ltr' id='par_1_4' title="bbox 277 962 1948 1661">
     <span class='ocr_line' id='line_1_9' title="bbox 277 962 1937 1039; baseline -0.003 -16"><span class='ocrx_word' id='word_1_84' title='bbox 277 980 350 1024; x_wconf 88' lang='lat' dir='ltr'><strong>ac</strong></span> <span class='ocrx_word' id='word_1_85' title='bbox 374 963 1010 1037; x_wconf 81' lang='lat' dir='ltr'><strong>tranquillitativestroe</strong></span> <span class='ocrx_word' id='word_1_86' title='bbox 1036 970 1288 1039; x_wconf 85' lang='lat' dir='ltr'><strong>paterna</strong></span> <span class='ocrx_word' id='word_1_87' title='bbox 1308 964 1705 1023; x_wconf 89' lang='lat' dir='ltr'><strong>sollicitudine</strong></span> <span class='ocrx_word' id='word_1_88' title='bbox 1743 962 1937 1036; x_wconf 86' lang='lat' dir='ltr'><strong>provi-</strong></span> 
     </span>
     <span class='ocr_line' id='line_1_10' title="bbox 279 1052 1933 1129; baseline -0.003 -18"><span class='ocrx_word' id='word_1_89' title='bbox 279 1053 422 1112; x_wconf 87' lang='lat' dir='ltr'><strong>dere</strong></span> <span class='ocrx_word' id='word_1_90' title='bbox 449 1052 714 1111; x_wconf 84' lang='lat' dir='ltr'><strong>volentes</strong></span> <span class='ocrx_word' id='word_1_91' title='bbox 730 1054 1083 1112; x_wconf 88' lang='lat' dir='ltr'><strong>auctoritate</strong></span> <span class='ocrx_word' id='word_1_92' title='bbox 1102 1054 1433 1129; x_wconf 89' lang='lat' dir='ltr'><strong>apostolica</strong></span> <span class='ocrx_word' id='word_1_93' title='bbox 1448 1054 1835 1126; x_wconf 87' lang='lat' dir='ltr'><strong>probibemus</strong></span> <span class='ocrx_word' id='word_1_94' title='bbox 1851 1054 1933 1115; x_wconf 92' lang='lat' dir='ltr'><strong>ut,</strong></span> 
     </span>
     <span class='ocr_line' id='line_1_11' title="bbox 280 1142 1935 1216; baseline -0.004 -15"><span class='ocrx_word' id='word_1_95' title='bbox 280 1142 439 1201; x_wconf 77' lang='lat' dir='ltr'><strong>infra</strong></span> <span class='ocrx_word' id='word_1_96' title='bbox 462 1145 776 1199; x_wconf 87' lang='lat' dir='ltr'><strong>clausuras</strong></span> <span class='ocrx_word' id='word_1_97' title='bbox 786 1143 1050 1201; x_wconf 88' lang='lat' dir='ltr'><strong>locorum</strong></span> <span class='ocrx_word' id='word_1_98' title='bbox 1067 1159 1172 1200; x_wconf 91' lang='lat' dir='ltr'><strong>seu</strong></span> <span class='ocrx_word' id='word_1_99' title='bbox 1189 1144 1571 1216; x_wconf 77' lang='lat' dir='ltr'><strong>grangiarum</strong></span> <span class='ocrx_word' id='word_1_100' title='bbox 1583 1147 1935 1207; x_wconf 83' lang='lat' dir='ltr'><strong>vestrarum,</strong></span> 
     </span>
     <span class='ocr_line' id='line_1_12' title="bbox 281 1231 1941 1306; baseline -0.002 -17"><span class='ocrx_word' id='word_1_101' title='bbox 281 1231 482 1290; x_wconf 85' lang='lat' dir='ltr'><strong>nullus</strong></span> <span class='ocrx_word' id='word_1_102' title='bbox 506 1231 846 1289; x_wconf 84' lang='lat' dir='ltr'><strong>violentiam</strong></span> <span class='ocrx_word' id='word_1_103' title='bbox 894 1232 988 1289; x_wconf 84' lang='lat' dir='ltr'><strong>vel</strong></span> <span class='ocrx_word' id='word_1_104' title='bbox 1026 1233 1326 1306; x_wconf 89' lang='lat' dir='ltr'><strong>rapinam,</strong></span> <span class='ocrx_word' id='word_1_105' title='bbox 1359 1247 1462 1288; x_wconf 90' lang='lat' dir='ltr'><strong>seu</strong></span> <span class='ocrx_word' id='word_1_106' title='bbox 1508 1232 1727 1289; x_wconf 83' lang='lat' dir='ltr'><strong>furtum</strong></span> <span class='ocrx_word' id='word_1_107' title='bbox 1779 1244 1941 1286; x_wconf 90' lang='lat' dir='ltr'><strong>com-</strong></span> 
     </span>
     <span class='ocr_line' id='line_1_13' title="bbox 283 1318 1942 1394; baseline -0.003 -16"><span class='ocrx_word' id='word_1_108' title='bbox 283 1321 535 1386; x_wconf 75' lang='lat' dir='ltr'><strong>mittere,</strong></span> <span class='ocrx_word' id='word_1_109' title='bbox 564 1320 766 1391; x_wconf 89' lang='lat' dir='ltr'><strong>ignem</strong></span> <span class='ocrx_word' id='word_1_110' title='bbox 795 1336 1122 1394; x_wconf 89' lang='lat' dir='ltr'><strong>apponere,</strong></span> <span class='ocrx_word' id='word_1_111' title='bbox 1142 1322 1450 1379; x_wconf 87' lang='lat' dir='ltr'><strong>hominem</strong></span> <span class='ocrx_word' id='word_1_112' title='bbox 1474 1336 1709 1392; x_wconf 89' lang='lat' dir='ltr'><strong>capere,</strong></span> <span class='ocrx_word' id='word_1_113' title='bbox 1744 1318 1833 1375; x_wconf 86' lang='lat' dir='ltr'><strong>vel</strong></span> <span class='ocrx_word' id='word_1_114' title='bbox 1857 1318 1942 1374; x_wconf 89' lang='lat' dir='ltr'><strong>in·</strong></span> 
     </span>
     <span class='ocr_line' id='line_1_14' title="bbox 283 1409 1547 1484; baseline -0.002 -18"><span class='ocrx_word' id='word_1_115' title='bbox 283 1409 553 1468; x_wconf 87' lang='lat' dir='ltr'><strong>terficere</strong></span> <span class='ocrx_word' id='word_1_116' title='bbox 573 1409 779 1482; x_wconf 87' lang='lat' dir='ltr'><strong>aliqua</strong></span> <span class='ocrx_word' id='word_1_117' title='bbox 822 1413 1148 1470; x_wconf 77' lang='lat' dir='ltr'><strong>temeritate</strong></span> <span class='ocrx_word' id='word_1_118' title='bbox 1197 1416 1547 1484; x_wconf 64' lang='lat' dir='ltr'><strong>praesumat.</strong></span> 
     </span>
     <span class='ocr_line' id='line_1_15' title="bbox 359 1496 1948 1570; baseline -0.002 -16"><span class='ocrx_word' id='word_1_119' title='bbox 359 1499 741 1555; x_wconf 88' lang='lat' dir='ltr'><strong>Decernimus</strong></span> <span class='ocrx_word' id='word_1_120' title='bbox 761 1515 905 1570; x_wconf 88' lang='lat' dir='ltr'><strong>ergo</strong></span> <span class='ocrx_word' id='word_1_121' title='bbox 933 1505 994 1557; x_wconf 89' lang='lat' dir='ltr'><strong>ut</strong></span> <span class='ocrx_word' id='word_1_122' title='bbox 1017 1499 1161 1557; x_wconf 91' lang='lat' dir='ltr'><strong>nulli</strong></span> <span class='ocrx_word' id='word_1_123' title='bbox 1191 1499 1440 1557; x_wconf 90' lang='lat' dir='ltr'><strong>omnino</strong></span> <span class='ocrx_word' id='word_1_124' title='bbox 1486 1499 1802 1555; x_wconf 88' lang='lat' dir='ltr'><strong>hominum</strong></span> <span class='ocrx_word' id='word_1_125' title='bbox 1856 1496 1948 1553; x_wconf 77' lang='lat' dir='ltr'><strong>tas</strong></span> 
     </span>
     <span class='ocr_line' id='line_1_16' title="bbox 291 1586 1948 1661; baseline -0.001 -18"><span class='ocrx_word' id='word_1_126' title='bbox 291 1587 368 1645; x_wconf 81' lang='lat' dir='ltr'><strong>s&#39;it</strong></span> <span class='ocrx_word' id='word_1_127' title='bbox 395 1586 707 1660; x_wconf 81' lang='lat' dir='ltr'><strong>proet&#39;atam</strong></span> <span class='ocrx_word' id='word_1_128' title='bbox 733 1587 1045 1646; x_wconf 89' lang='lat' dir='ltr'><strong>ecclesiam</strong></span> <span class='ocrx_word' id='word_1_129' title='bbox 1072 1595 1294 1646; x_wconf 88' lang='lat' dir='ltr'><strong>temere</strong></span> <span class='ocrx_word' id='word_1_130' title='bbox 1322 1588 1670 1661; x_wconf 86' lang='lat' dir='ltr'><strong>perturbare</strong></span> <span class='ocrx_word' id='word_1_131' title='bbox 1692 1592 1793 1643; x_wconf 89' lang='lat' dir='ltr'><strong>aut</strong></span> <span class='ocrx_word' id='word_1_132' title='bbox 1816 1587 1948 1659; x_wconf 75' lang='lat' dir='ltr'><strong>ejus</strong></span> 
     </span>
    </p>
   </div>
   <div class='ocr_carea' id='block_1_5' title="bbox 2049 962 3784 1655">
    <p class='ocr_par' dir='ltr' id='par_1_5' title="bbox 2049 962 3784 1655">
     <span class='ocr_line' id='line_1_17' title="bbox 2435 962 3278 1032; baseline 0.004 -14"><span class='ocrx_word' id='word_1_133' title='bbox 2435 968 2496 1019; x_wconf 81' lang='lat' dir='ltr'><strong>et</strong></span> <span class='ocrx_word' id='word_1_134' title='bbox 2517 962 2894 1032; x_wconf 76' lang='lat' dir='ltr'><strong>possessiones</strong></span> <span class='ocrx_word' id='word_1_135' title='bbox 2937 962 3278 1031; x_wconf 73' lang='lat' dir='ltr'><strong>confirmat.</strong></span> 
     </span>
     <span class='ocr_line' id='line_1_18' title="bbox 2573 1049 3172 1122; baseline -0.002 -15"><span class='ocrx_word' id='word_1_136' title='bbox 2573 1049 2843 1120; x_wconf 80' lang='lat' dir='ltr'><strong>(velletri,</strong></span> <span class='ocrx_word' id='word_1_137' title='bbox 2883 1052 3016 1108; x_wconf 82' lang='lat' dir='ltr'><strong>Jan.</strong></span> <span class='ocrx_word' id='word_1_138' title='bbox 3065 1051 3172 1122; x_wconf 73' lang='lat'><strong>¹2.)</strong></span> 
     </span>
     <span class='ocr_line' id='line_1_19' title="bbox 2211 1136 3549 1211; baseline -0.001 -16"><span class='ocrx_word' id='word_1_139' title='bbox 2211 1136 2553 1210; x_wconf 79' lang='lat' dir='ltr'><strong>[collection</strong></span> <span class='ocrx_word' id='word_1_140' title='bbox 2572 1139 2673 1198; x_wconf 83' lang='lat' dir='ltr'><strong>des</strong></span> <span class='ocrx_word' id='word_1_141' title='bbox 2709 1139 3100 1208; x_wconf 79' lang='lat' dir='ltr'><strong>cartulaires,</strong></span> <span class='ocrx_word' id='word_1_142' title='bbox 3123 1143 3164 1195; x_wconf 90' lang='lat' dir='ltr'><strong>t.</strong></span> <span class='ocrx_word' id='word_1_143' title='bbox 3193 1138 3261 1208; x_wconf 87' lang='lat' dir='ltr'><strong>V,</strong></span> <span class='ocrx_word' id='word_1_144' title='bbox 3291 1154 3353 1211; x_wconf 89' lang='lat' dir='ltr'><strong>p.</strong></span> <span class='ocrx_word' id='word_1_145' title='bbox 3383 1137 3549 1210; x_wconf 56' lang='grc' dir='ltr'>ὕοι]</span> 
     </span>
     <span class='ocr_line' id='line_1_20' title="bbox 2121 1224 3700 1301; baseline -0.001 -18"><span class='ocrx_word' id='word_1_146' title='bbox 2121 1228 2319 1284; x_wconf 75' lang='lat' dir='ltr'><strong>Lucius</strong></span> <span class='ocrx_word' id='word_1_147' title='bbox 2353 1227 2697 1301; x_wconf 87' lang='lat' dir='ltr'><strong>episcopus,</strong></span> <span class='ocrx_word' id='word_1_148' title='bbox 2744 1244 2952 1285; x_wconf 83' lang='lat' dir='ltr'><strong>servus</strong></span> <span class='ocrx_word' id='word_1_149' title='bbox 2979 1243 3289 1285; x_wconf 82' lang='lat' dir='ltr'><strong>servorum</strong></span> <span class='ocrx_word' id='word_1_150' title='bbox 3315 1226 3448 1293; x_wconf 87' lang='lat' dir='ltr'><strong>Dei,</strong></span> <span class='ocrx_word' id='word_1_151' title='bbox 3481 1224 3700 1284; x_wconf 78' lang='lat' dir='ltr'><strong>dilectis</strong></span> 
     </span>
     <span class='ocr_line' id='line_1_21' title="bbox 2049 1314 3700 1390; baseline 0 -19"><span class='ocrx_word' id='word_1_152' title='bbox 2049 1314 2183 1373; x_wconf 83' lang='lat' dir='ltr'><strong>filiis</strong></span> <span class='ocrx_word' id='word_1_153' title='bbox 2221 1317 2526 1373; x_wconf 88' lang='lat' dir='ltr'><strong>canonicis</strong></span> <span class='ocrx_word' id='word_1_154' title='bbox 2568 1317 2831 1375; x_wconf 81' lang='lat' dir='ltr'><strong>ecclesiae</strong></span> <span class='ocrx_word' id='word_1_155' title='bbox 2864 1318 3063 1375; x_wconf 77' lang='lat' dir='ltr'><strong>Sancti</strong></span> <span class='ocrx_word' id='word_1_156' title='bbox 3095 1315 3365 1390; x_wconf 76' lang='lat' dir='ltr'><strong>Dionysii</strong></span> <span class='ocrx_word' id='word_1_157' title='bbox 3389 1319 3475 1372; x_wconf 83' lang='lat' dir='ltr'><strong>de</strong></span> <span class='ocrx_word' id='word_1_158' title='bbox 3507 1318 3700 1385; x_wconf 84' lang='lat' dir='ltr'><strong>passu,</strong></span> 
     </span>
     <span class='ocr_line' id='line_1_22' title="bbox 2053 1404 3784 1481; baseline -0.001 -20"><span class='ocrx_word' id='word_1_159' title='bbox 2053 1408 2173 1461; x_wconf 89' lang='lat' dir='ltr'><strong>tam</strong></span> <span class='ocrx_word' id='word_1_160' title='bbox 2208 1406 2603 1478; x_wconf 74' lang='lat' dir='ltr'><strong>praesentibus</strong></span> <span class='ocrx_word' id='word_1_161' title='bbox 2628 1422 2812 1479; x_wconf 89' lang='lat' dir='ltr'><strong>quam</strong></span> <span class='ocrx_word' id='word_1_162' title='bbox 2841 1406 3053 1464; x_wconf 79' lang='lat' dir='ltr'><strong>futuris</strong></span> <span class='ocrx_word' id='word_1_163' title='bbox 3081 1406 3374 1463; x_wconf 87' lang='lat' dir='ltr'><strong>canonice</strong></span> <span class='ocrx_word' id='word_1_164' title='bbox 3429 1404 3698 1461; x_wconf 85' lang='lat' dir='ltr'><strong>substitn·</strong></span> <span class='ocrx_word' id='word_1_165' title='bbox 3783 1476 3784 1481; x_wconf 8' lang='grc' dir='ltr'>η</span> 
     </span>
     <span class='ocr_line' id='line_1_23' title="bbox 2054 1484 3784 1568; baseline -0.001 -17"><span class='ocrx_word' id='word_1_166' title='bbox 2054 1493 2250 1564; x_wconf 85' lang='lat' dir='ltr'><strong>endis,</strong></span> <span class='ocrx_word' id='word_1_167' title='bbox 2280 1495 2339 1551; x_wconf 93' lang='lat' dir='ltr'><strong>in</strong></span> <span class='ocrx_word' id='word_1_168' title='bbox 2372 1500 2749 1568; x_wconf 90' lang='lat' dir='ltr'><strong>perpetuum.</strong></span> <span class='ocrx_word' id='word_1_169' title='bbox 2794 1537 2808 1550; x_wconf 93' lang='lat'><strong>.</strong></span> <span class='ocrx_word' id='word_1_170' title='bbox 2870 1536 2884 1551; x_wconf 95' lang='lat'><strong>.</strong></span> <span class='ocrx_word' id='word_1_171' title='bbox 3783 1484 3784 1491; x_wconf 57' lang='lat'><em>&#39;</em></span> 
     </span>
     <span class='ocr_line' id='line_1_24' title="bbox 2131 1582 3703 1655; baseline 0.001 -19"><span class='ocrx_word' id='word_1_172' title='bbox 2131 1582 2475 1655; x_wconf 86' lang='lat' dir='ltr'><strong>Eapropter,</strong></span> <span class='ocrx_word' id='word_1_173' title='bbox 2528 1583 2727 1641; x_wconf 89' lang='lat' dir='ltr'><strong>dilecti</strong></span> <span class='ocrx_word' id='word_1_174' title='bbox 2757 1584 2820 1641; x_wconf 90' lang='lat' dir='ltr'><strong>in</strong></span> <span class='ocrx_word' id='word_1_175' title='bbox 2853 1582 3107 1642; x_wconf 90' lang='lat' dir='ltr'><strong>Domino</strong></span> <span class='ocrx_word' id='word_1_176' title='bbox 3130 1583 3259 1650; x_wconf 86' lang='lat' dir='ltr'><strong>filii,</strong></span> <span class='ocrx_word' id='word_1_177' title='bbox 3289 1583 3516 1641; x_wconf 81' lang='lat' dir='ltr'><strong>vestris</strong></span> <span class='ocrx_word' id='word_1_178' title='bbox 3545 1582 3703 1655; x_wconf 83' lang='lat' dir='ltr'><strong>justis</strong></span> 
     </span>
    </p>
   </div>
   <div class='ocr_carea' id='block_1_6' title="bbox 290 1671 3706 1838">
    <p class='ocr_par' dir='ltr' id='par_1_6' title="bbox 290 1671 3706 1838">
     <span class='ocr_line' id='line_1_25' title="bbox 290 1671 3706 1749; baseline -0.002 -15"><span class='ocrx_word' id='word_1_179' title='bbox 290 1676 1086 1749; x_wconf 79' lang='lat' dir='ltr'><strong>possessionseauferre,-vel</strong></span> <span class='ocrx_word' id='word_1_180' title='bbox 1108 1677 1340 1735; x_wconf 88' lang='lat' dir='ltr'><strong>ablatas</strong></span> <span class='ocrx_word' id='word_1_181' title='bbox 1360 1677 1633 1744; x_wconf 90' lang='lat' dir='ltr'><strong>retinere,</strong></span> <span class='ocrx_word' id='word_1_182' title='bbox 1657 1677 1949 1744; x_wconf 89' lang='lat' dir='ltr'><strong>minuere,</strong></span> <span class='ocrx_word' id='word_1_183' title='bbox 1988 1690 2030 1746; x_wconf 79' lang='lat' dir='ltr'>B</span> <span class='ocrx_word' id='word_1_184' title='bbox 2062 1671 2569 1745; x_wconf 88' lang='lat' dir='ltr'><strong>postulationibus</strong></span> <span class='ocrx_word' id='word_1_185' title='bbox 2602 1672 2925 1730; x_wconf 89' lang='lat' dir='ltr'><strong>clementer</strong></span> <span class='ocrx_word' id='word_1_186' title='bbox 2946 1673 3292 1743; x_wconf 80' lang='lat' dir='ltr'><strong>annuimus,</strong></span> <span class='ocrx_word' id='word_1_187' title='bbox 3324 1678 3384 1730; x_wconf 87' lang='lat' dir='ltr'><strong>et</strong></span> <span class='ocrx_word' id='word_1_188' title='bbox 3397 1671 3706 1746; x_wconf 63' lang='lat' dir='ltr'><strong>prefatam</strong></span> 
     </span>
     <span class='ocr_line' id='line_1_26' title="bbox 290 1760 3706 1838; baseline -0.002 -16"><span class='ocrx_word' id='word_1_189' title='bbox 290 1780 396 1822; x_wconf 86' lang='lat' dir='ltr'><strong>seu</strong></span> <span class='ocrx_word' id='word_1_190' title='bbox 415 1764 1213 1838; x_wconf 83' lang='lat' dir='ltr'><strong>quibuslibetvexationibus</strong></span> <span class='ocrx_word' id='word_1_191' title='bbox 1231 1766 1625 1837; x_wconf 83' lang='lat' dir='ltr'><strong>fatigare,sed</strong></span> <span class='ocrx_word' id='word_1_192' title='bbox 1643 1765 1848 1823; x_wconf 89' lang='lat' dir='ltr'><strong>omnia</strong></span> <span class='ocrx_word' id='word_1_193' title='bbox 1865 1765 1958 1821; x_wconf 88' lang='lat' dir='ltr'><strong>in·</strong></span> <span class='ocrx_word' id='word_1_194' title='bbox 2063 1760 2372 1818; x_wconf 89' lang='lat' dir='ltr'><strong>ecclesiam</strong></span> <span class='ocrx_word' id='word_1_195' title='bbox 2395 1762 2594 1819; x_wconf 79' lang='lat' dir='ltr'><strong>Sancti</strong></span> <span class='ocrx_word' id='word_1_196' title='bbox 2616 1762 2883 1836; x_wconf 78' lang='lat' dir='ltr'><strong>Dionysii</strong></span> <span class='ocrx_word' id='word_1_197' title='bbox 2903 1761 2979 1818; x_wconf 91' lang='lat' dir='ltr'><strong>de</strong></span> <span class='ocrx_word' id='word_1_198' title='bbox 3006 1762 3210 1830; x_wconf 88' lang='lat' dir='ltr'><strong>passu,</strong></span> <span class='ocrx_word' id='word_1_199' title='bbox 3240 1762 3304 1819; x_wconf 90' lang='lat' dir='ltr'><strong>in</strong></span> <span class='ocrx_word' id='word_1_200' title='bbox 3351 1776 3488 1834; x_wconf 89' lang='lat' dir='ltr'><strong>qua</strong></span> <span class='ocrx_word' id='word_1_201' title='bbox 3517 1760 3706 1817; x_wconf 84' lang='lat' dir='ltr'><strong>divino</strong></span> 
     </span>
    </p>
   </div>
   <div class='ocr_carea' id='block_1_7' title="bbox 286 1854 1957 2994">
    <p class='ocr_par' dir='ltr' id='par_1_7' title="bbox 286 1854 1957 2994">
     <span class='ocr_line' id='line_1_27' title="bbox 289 1854 1952 1929; baseline -0.001 -18"><span class='ocrx_word' id='word_1_202' title='bbox 289 1859 452 1924; x_wconf 79' lang='lat' dir='ltr'><strong>tegre</strong></span> <span class='ocrx_word' id='word_1_203' title='bbox 468 1860 895 1912; x_wconf 80' lang='lat' dir='ltr'><strong>conserventur</strong></span> <span class='ocrx_word' id='word_1_204' title='bbox 904 1870 1125 1922; x_wconf 88' lang='lat' dir='ltr'><strong>eorum,</strong></span> <span class='ocrx_word' id='word_1_205' title='bbox 1143 1872 1248 1927; x_wconf 91' lang='lat' dir='ltr'><strong>pro</strong></span> <span class='ocrx_word' id='word_1_206' title='bbox 1260 1872 1504 1929; x_wconf 90' lang='lat' dir='ltr'><strong>quorum</strong></span> <span class='ocrx_word' id='word_1_207' title='bbox 1519 1854 1952 1925; x_wconf 78' lang='lat' dir='ltr'><strong>gubernatione</strong></span> 
     </span>
     <span class='ocr_line' id='line_1_28' title="bbox 290 1942 1950 2002; baseline -0.001 -2"><span class='ocrx_word' id='word_1_208' title='bbox 290 1958 363 2000; x_wconf 88' lang='lat' dir='ltr'><strong>ac</strong></span> <span class='ocrx_word' id='word_1_209' title='bbox 393 1943 828 2000; x_wconf 75' lang='lat' dir='ltr'><strong>sustentatione</strong></span> <span class='ocrx_word' id='word_1_210' title='bbox 853 1948 992 2001; x_wconf 85' lang='lat' dir='ltr'><strong>sunt</strong></span> <span class='ocrx_word' id='word_1_211' title='bbox 1016 1960 1323 2002; x_wconf 88' lang='lat' dir='ltr'><strong>concessa.</strong></span> <span class='ocrx_word' id='word_1_212' title='bbox 1349 1944 1560 2001; x_wconf 85' lang='lat' dir='ltr'><strong>usibus</strong></span> <span class='ocrx_word' id='word_1_213' title='bbox 1581 1942 1950 2000; x_wconf 78' lang='lat' dir='ltr'><strong>omnimodis</strong></span> 
     </span>
     <span class='ocr_line' id='line_1_29' title="bbox 286 2030 1951 2105; baseline 0.001 -17"><span class='ocrx_word' id='word_1_214' title='bbox 286 2030 621 2105; x_wconf 78' lang='lat' dir='ltr'><strong>profutura.</strong></span> <span class='ocrx_word' id='word_1_215' title='bbox 636 2031 805 2088; x_wconf 83' lang='lat' dir='ltr'><strong>salva</strong></span> <span class='ocrx_word' id='word_1_216' title='bbox 827 2032 986 2089; x_wconf 86' lang='lat' dir='ltr'><strong>sedis</strong></span> <span class='ocrx_word' id='word_1_217' title='bbox 999 2033 1346 2105; x_wconf 84' lang='lat' dir='ltr'><strong>apostolicae</strong></span> <span class='ocrx_word' id='word_1_218' title='bbox 1372 2033 1722 2090; x_wconf 87' lang='lat' dir='ltr'><strong>auctoritate</strong></span> <span class='ocrx_word' id='word_1_219' title='bbox 1737 2030 1951 2089; x_wconf 86' lang='lat' dir='ltr'><strong>etdioe-</strong></span> 
     </span>
     <span class='ocr_line' id='line_1_30' title="bbox 291 2118 1951 2194; baseline -0.001 -17"><span class='ocrx_word' id='word_1_220' title='bbox 291 2118 493 2178; x_wconf 88' lang='lat' dir='ltr'><strong>cesani</strong></span> <span class='ocrx_word' id='word_1_221' title='bbox 507 2119 774 2193; x_wconf 88' lang='lat' dir='ltr'><strong>episcopi</strong></span> <span class='ocrx_word' id='word_1_222' title='bbox 785 2121 1080 2178; x_wconf 88' lang='lat' dir='ltr'><strong>canonica</strong></span> <span class='ocrx_word' id='word_1_223' title='bbox 1104 2121 1353 2194; x_wconf 85' lang='lat' dir='ltr'><strong>justitia.</strong></span> <span class='ocrx_word' id='word_1_224' title='bbox 1370 2123 1427 2179; x_wconf 94' lang='lat' dir='ltr'><strong>Si</strong></span> <span class='ocrx_word' id='word_1_225' title='bbox 1455 2136 1578 2194; x_wconf 92' lang='lat' dir='ltr'><strong>qua</strong></span> <span class='ocrx_word' id='word_1_226' title='bbox 1592 2120 1839 2194; x_wconf 88' lang='lat' dir='ltr'><strong>igiturin</strong></span> <span class='ocrx_word' id='word_1_227' title='bbox 1865 2120 1951 2177; x_wconf 75' lang='lat' dir='ltr'><strong>fu-</strong></span> 
     </span>
     <span class='ocr_line' id='line_1_31' title="bbox 290 2208 1950 2284; baseline 0 -18"><span class='ocrx_word' id='word_1_228' title='bbox 290 2214 481 2267; x_wconf 85' lang='lat' dir='ltr'><strong>turum</strong></span> <span class='ocrx_word' id='word_1_229' title='bbox 499 2208 904 2266; x_wconf 87' lang='lat' dir='ltr'><strong>ecclesiastica</strong></span> <span class='ocrx_word' id='word_1_230' title='bbox 915 2209 1290 2268; x_wconf 77' lang='lat' dir='ltr'><strong>soecularisve</strong></span> <span class='ocrx_word' id='word_1_231' title='bbox 1302 2226 1551 2284; x_wconf 87' lang='lat' dir='ltr'><strong>persona</strong></span> <span class='ocrx_word' id='word_1_232' title='bbox 1566 2210 1714 2267; x_wconf 86' lang='lat' dir='ltr'><strong>hanc</strong></span> <span class='ocrx_word' id='word_1_233' title='bbox 1732 2214 1950 2267; x_wconf 80' lang='lat' dir='ltr'><strong>nostrae</strong></span> 
     </span>
     <span class='ocr_line' id='line_1_32' title="bbox 292 2297 1953 2370; baseline 0 -15"><span class='ocrx_word' id='word_1_234' title='bbox 292 2297 733 2356; x_wconf 77' lang='lat' dir='ltr'><strong>constitutionis</strong></span> <span class='ocrx_word' id='word_1_235' title='bbox 752 2298 1039 2370; x_wconf 90' lang='lat' dir='ltr'><strong>paginam</strong></span> <span class='ocrx_word' id='word_1_236' title='bbox 1068 2300 1286 2366; x_wconf 88' lang='lat' dir='ltr'><strong>sciens,</strong></span> <span class='ocrx_word' id='word_1_237' title='bbox 1313 2305 1518 2356; x_wconf 87' lang='lat' dir='ltr'><strong>contra</strong></span> <span class='ocrx_word' id='word_1_238' title='bbox 1556 2315 1690 2355; x_wconf 89' lang='lat' dir='ltr'><strong>eam</strong></span> <span class='ocrx_word' id='word_1_239' title='bbox 1732 2304 1953 2355; x_wconf 88' lang='lat' dir='ltr'><strong>temere</strong></span> 
     </span>
     <span class='ocr_line' id='line_1_33' title="bbox 293 2386 1952 2452; baseline 0 -9"><span class='ocrx_word' id='word_1_240' title='bbox 293 2386 498 2445; x_wconf 81' lang='lat' dir='ltr'><strong>venire</strong></span> <span class='ocrx_word' id='word_1_241' title='bbox 534 2386 867 2452; x_wconf 85' lang='lat' dir='ltr'><strong>tentaverit,</strong></span> <span class='ocrx_word' id='word_1_242' title='bbox 887 2387 1155 2445; x_wconf 89' lang='lat' dir='ltr'><strong>secundo</strong></span> <span class='ocrx_word' id='word_1_243' title='bbox 1173 2388 1414 2445; x_wconf 82' lang='lat' dir='ltr'><strong>tertiove</strong></span> <span class='ocrx_word' id='word_1_244' title='bbox 1430 2387 1819 2451; x_wconf 87' lang='lat' dir='ltr'><strong>commonita.</strong></span> <span class='ocrx_word' id='word_1_245' title='bbox 1837 2387 1952 2443; x_wconf 89' lang='lat' dir='ltr'><strong>nisi</strong></span> 
     </span>
     <span class='ocr_line' id='line_1_34' title="bbox 286 2476 1954 2549; baseline -0.002 -14"><span class='ocrx_word' id='word_1_246' title='bbox 286 2481 522 2535; x_wconf 89' lang='lat' dir='ltr'><strong>reatum</strong></span> <span class='ocrx_word' id='word_1_247' title='bbox 538 2491 717 2532; x_wconf 89' lang='lat' dir='ltr'><strong>suum</strong></span> <span class='ocrx_word' id='word_1_248' title='bbox 728 2476 910 2548; x_wconf 87' lang='lat' dir='ltr'><strong>digna</strong></span> <span class='ocrx_word' id='word_1_249' title='bbox 926 2476 1327 2535; x_wconf 74' lang='lat' dir='ltr'><strong>satisfactione</strong></span> <span class='ocrx_word' id='word_1_250' title='bbox 1339 2476 1681 2545; x_wconf 83' lang='lat' dir='ltr'><strong>correxerit,</strong></span> <span class='ocrx_word' id='word_1_251' title='bbox 1696 2479 1954 2549; x_wconf 84' lang='lat' dir='ltr'><strong>potesta-</strong></span> 
     </span>
     <span class='ocr_line' id='line_1_35' title="bbox 295 2563 1957 2638; baseline -0.001 -16"><span class='ocrx_word' id='word_1_252' title='bbox 295 2565 395 2633; x_wconf 87' lang='lat' dir='ltr'><strong>tis,</strong></span> <span class='ocrx_word' id='word_1_253' title='bbox 420 2565 791 2637; x_wconf 87' lang='lat' dir='ltr'><strong>honorisque</strong></span> <span class='ocrx_word' id='word_1_254' title='bbox 809 2565 900 2622; x_wconf 88' lang='lat' dir='ltr'><strong>sui</strong></span> <span class='ocrx_word' id='word_1_255' title='bbox 923 2565 1213 2637; x_wconf 87' lang='lat' dir='ltr'><strong>dignitate</strong></span> <span class='ocrx_word' id='word_1_256' title='bbox 1228 2570 1447 2632; x_wconf 87' lang='lat' dir='ltr'><strong>careat,</strong></span> <span class='ocrx_word' id='word_1_257' title='bbox 1465 2581 1755 2638; x_wconf 87' lang='lat' dir='ltr'><strong>reamque</strong></span> <span class='ocrx_word' id='word_1_258' title='bbox 1778 2581 1841 2621; x_wconf 89' lang='lat' dir='ltr'><strong>se</strong></span> <span class='ocrx_word' id='word_1_259' title='bbox 1865 2563 1957 2621; x_wconf 90' lang='lat' dir='ltr'><strong>di·</strong></span> 
     </span>
     <span class='ocr_line' id='line_1_36' title="bbox 295 2653 1957 2730; baseline -0.001 -19"><span class='ocrx_word' id='word_1_260' title='bbox 295 2654 438 2711; x_wconf 80' lang='lat' dir='ltr'><strong>vino</strong></span> <span class='ocrx_word' id='word_1_261' title='bbox 448 2654 470 2725; x_wconf 78' lang='lat' dir='ltr'><strong>j</strong></span> <span class='ocrx_word' id='word_1_262' title='bbox 481 2653 678 2710; x_wconf 89' lang='lat' dir='ltr'><strong>udicio</strong></span> <span class='ocrx_word' id='word_1_263' title='bbox 693 2653 940 2711; x_wconf 83' lang='lat' dir='ltr'><strong>existere</strong></span> <span class='ocrx_word' id='word_1_264' title='bbox 956 2653 1032 2711; x_wconf 89' lang='lat' dir='ltr'><strong>de</strong></span> <span class='ocrx_word' id='word_1_265' title='bbox 1053 2661 1391 2728; x_wconf 87' lang='lat' dir='ltr'><strong>perpetrata</strong></span> <span class='ocrx_word' id='word_1_266' title='bbox 1407 2655 1716 2730; x_wconf 88' lang='lat' dir='ltr'><strong>iniquitate</strong></span> <span class='ocrx_word' id='word_1_267' title='bbox 1731 2669 1957 2726; x_wconf 81' lang='lat' dir='ltr'><strong>cogno·</strong></span> 
     </span>
     <span class='ocr_line' id='line_1_37' title="bbox 293 2741 1952 2815; baseline 0.001 -16"><span class='ocrx_word' id='word_1_268' title='bbox 293 2747 442 2810; x_wconf 87' lang='lat' dir='ltr'><strong>scat,</strong></span> <span class='ocrx_word' id='word_1_269' title='bbox 468 2747 527 2799; x_wconf 90' lang='lat' dir='ltr'><strong>et</strong></span> <span class='ocrx_word' id='word_1_270' title='bbox 553 2757 590 2799; x_wconf 91' lang='lat' dir='ltr'><strong>a</strong></span> <span class='ocrx_word' id='word_1_271' title='bbox 612 2741 1018 2800; x_wconf 87' lang='lat' dir='ltr'><strong>sacratissimo</strong></span> <span class='ocrx_word' id='word_1_272' title='bbox 1043 2759 1294 2815; x_wconf 90' lang='lat' dir='ltr'><strong>corpore</strong></span> <span class='ocrx_word' id='word_1_273' title='bbox 1320 2760 1389 2801; x_wconf 89' lang='lat' dir='ltr'><strong>ac</strong></span> <span class='ocrx_word' id='word_1_274' title='bbox 1428 2744 1719 2814; x_wconf 88' lang='lat' dir='ltr'><strong>sanguine</strong></span> <span class='ocrx_word' id='word_1_275' title='bbox 1753 2744 1848 2800; x_wconf 91' lang='lat' dir='ltr'><strong>Dei</strong></span> <span class='ocrx_word' id='word_1_276' title='bbox 1895 2748 1952 2800; x_wconf 89' lang='lat' dir='ltr'><strong>et</strong></span> 
     </span>
     <span class='ocr_line' id='line_1_38' title="bbox 292 2830 1943 2905; baseline 0 -16"><span class='ocrx_word' id='word_1_277' title='bbox 292 2830 534 2889; x_wconf 90' lang='lat' dir='ltr'><strong>Domini</strong></span> <span class='ocrx_word' id='word_1_278' title='bbox 561 2831 971 2905; x_wconf 82' lang='lat' dir='ltr'><strong>Redemptoris</strong></span> <span class='ocrx_word' id='word_1_279' title='bbox 996 2832 1180 2889; x_wconf 90' lang='lat' dir='ltr'><strong>nostri</strong></span> <span class='ocrx_word' id='word_1_280' title='bbox 1197 2833 1341 2889; x_wconf 81' lang='lat' dir='ltr'><strong>Jesu</strong></span> <span class='ocrx_word' id='word_1_281' title='bbox 1364 2832 1578 2891; x_wconf 85' lang='lat' dir='ltr'><strong>Christi</strong></span> <span class='ocrx_word' id='word_1_282' title='bbox 1599 2832 1797 2889; x_wconf 91' lang='lat' dir='ltr'><strong>aliena</strong></span> <span class='ocrx_word' id='word_1_283' title='bbox 1821 2831 1943 2900; x_wconf 86' lang='lat' dir='ltr'><strong>fiat.</strong></span> 
     </span>
     <span class='ocr_line' id='line_1_39' title="bbox 292 2920 1945 2994; baseline -0.002 -15"><span class='ocrx_word' id='word_1_284' title='bbox 292 2927 473 2994; x_wconf 87' lang='lat' dir='ltr'><strong>atque</strong></span> <span class='ocrx_word' id='word_1_285' title='bbox 490 2921 554 2978; x_wconf 89' lang='lat' dir='ltr'><strong>in</strong></span> <span class='ocrx_word' id='word_1_286' title='bbox 575 2926 841 2978; x_wconf 87' lang='lat' dir='ltr'><strong>extremo</strong></span> <span class='ocrx_word' id='word_1_287' title='bbox 856 2920 1132 2977; x_wconf 87' lang='lat' dir='ltr'><strong>examine</strong></span> <span class='ocrx_word' id='word_1_288' title='bbox 1152 2921 1370 2978; x_wconf 69' lang='lat' dir='ltr'><strong>divinae</strong></span> <span class='ocrx_word' id='word_1_289' title='bbox 1386 2921 1597 2979; x_wconf 91' lang='lat' dir='ltr'><strong>ultioni</strong></span> <span class='ocrx_word' id='word_1_290' title='bbox 1615 2921 1945 2993; x_wconf 85' lang='lat' dir='ltr'><strong>subjaceat.</strong></span> 
     </span>
    </p>
   </div>
   <div class='ocr_carea' id='block_1_8' title="bbox 2058 1851 3719 2996">
    <p class='ocr_par' dir='ltr' id='par_1_8' title="bbox 2058 1851 3719 2996">
     <span class='ocr_line' id='line_1_40' title="bbox 2063 1851 3710 1926; baseline -0.001 -18"><span class='ocrx_word' id='word_1_291' title='bbox 2063 1851 2390 1923; x_wconf 89' lang='lat' dir='ltr'><strong>mancipati</strong></span> <span class='ocrx_word' id='word_1_292' title='bbox 2419 1853 2558 1908; x_wconf 89' lang='lat' dir='ltr'><strong>estis</strong></span> <span class='ocrx_word' id='word_1_293' title='bbox 2576 1852 2894 1926; x_wconf 87' lang='lat' dir='ltr'><strong>obsequio,</strong></span> <span class='ocrx_word' id='word_1_294' title='bbox 2910 1851 3026 1909; x_wconf 88' lang='lat' dir='ltr'><strong>sub</strong></span> <span class='ocrx_word' id='word_1_295' title='bbox 3047 1851 3210 1910; x_wconf 84' lang='lat' dir='ltr'><strong>beati</strong></span> <span class='ocrx_word' id='word_1_296' title='bbox 3228 1852 3383 1908; x_wconf 86' lang='lat' dir='ltr'><strong>Petri</strong></span> <span class='ocrx_word' id='word_1_297' title='bbox 3421 1856 3482 1907; x_wconf 89' lang='lat' dir='ltr'><strong>et</strong></span> <span class='ocrx_word' id='word_1_298' title='bbox 3519 1856 3710 1907; x_wconf 77' lang='lat' dir='ltr'><strong>nostra</strong></span> 
     </span>
     <span class='ocr_line' id='line_1_41' title="bbox 2058 1938 3713 2014; baseline -0.001 -18"><span class='ocrx_word' id='word_1_299' title='bbox 2058 1941 2424 2014; x_wconf 89' lang='lat' dir='ltr'><strong>protectione</strong></span> <span class='ocrx_word' id='word_1_300' title='bbox 2454 1941 2837 2014; x_wconf 87' lang='lat' dir='ltr'><strong>suscipimus,</strong></span> <span class='ocrx_word' id='word_1_301' title='bbox 2863 1946 2919 1998; x_wconf 93' lang='lat' dir='ltr'><strong>et</strong></span> <span class='ocrx_word' id='word_1_302' title='bbox 2969 1941 3280 2014; x_wconf 70' lang='lat' dir='ltr'><strong>praesentis</strong></span> <span class='ocrx_word' id='word_1_303' title='bbox 3307 1939 3528 2012; x_wconf 88' lang='lat' dir='ltr'><strong>scripti</strong></span> <span class='ocrx_word' id='word_1_304' title='bbox 3549 1938 3713 2010; x_wconf 82' lang='lat' dir='ltr'><strong>privi-</strong></span> 
     </span>
     <span class='ocr_line' id='line_1_42' title="bbox 2060 2028 3711 2103; baseline -0.001 -18"><span class='ocrx_word' id='word_1_305' title='bbox 2060 2028 2219 2099; x_wconf 90' lang='lat' dir='ltr'><strong>legio</strong></span> <span class='ocrx_word' id='word_1_306' title='bbox 2240 2030 2688 2086; x_wconf 90' lang='lat' dir='ltr'><strong>communimus</strong></span> <span class='ocrx_word' id='word_1_307' title='bbox 2696 2049 2715 2103; x_wconf 87' lang='lat'>;</span> <span class='ocrx_word' id='word_1_308' title='bbox 2730 2035 3076 2100; x_wconf 76' lang='lat' dir='ltr'><strong>statuentes,</strong></span> <span class='ocrx_word' id='word_1_309' title='bbox 3095 2035 3156 2087; x_wconf 85' lang='lat' dir='ltr'><strong>ut</strong></span> <span class='ocrx_word' id='word_1_310' title='bbox 3167 2044 3579 2103; x_wconf 83' lang='lat' dir='ltr'><strong>quascunque</strong></span> <span class='ocrx_word' id='word_1_311' title='bbox 3591 2043 3711 2101; x_wconf 84' lang='lat' dir='ltr'><strong>pos·</strong></span> 
     </span>
     <span class='ocr_line' id='line_1_43' title="bbox 2061 2117 3717 2193; baseline -0.002 -17"><span class='ocrx_word' id='word_1_312' title='bbox 2061 2118 2376 2186; x_wconf 87' lang='lat' dir='ltr'><strong>sessiones,</strong></span> <span class='ocrx_word' id='word_1_313' title='bbox 2410 2135 2782 2193; x_wconf 66' lang='lat' dir='ltr'><strong>quacunque</strong></span> <span class='ocrx_word' id='word_1_314' title='bbox 2808 2121 2991 2188; x_wconf 90' lang='lat' dir='ltr'><strong>bona,</strong></span> <span class='ocrx_word' id='word_1_315' title='bbox 3042 2157 3058 2173; x_wconf 94' lang='lat'><strong>.</strong></span> <span class='ocrx_word' id='word_1_316' title='bbox 3100 2161 3118 2179; x_wconf 91' lang='lat'><strong>.</strong></span> <span class='ocrx_word' id='word_1_317' title='bbox 3160 2161 3174 2176; x_wconf 87' lang='lat'><strong>.</strong></span> <span class='ocrx_word' id='word_1_318' title='bbox 3227 2119 3294 2176; x_wconf 92' lang='lat' dir='ltr'><strong>in</strong></span> <span class='ocrx_word' id='word_1_319' title='bbox 3325 2118 3558 2192; x_wconf 83' lang='lat' dir='ltr'><strong>quibus</strong></span> <span class='ocrx_word' id='word_1_320' title='bbox 3598 2117 3717 2173; x_wconf 64' lang='lat' dir='ltr'><strong>hec</strong></span> 
     </span>
     <span class='ocr_line' id='line_1_44' title="bbox 2060 2206 3718 2282; baseline -0.002 -17"><span class='ocrx_word' id='word_1_321' title='bbox 2060 2207 2318 2282; x_wconf 81' lang='lat' dir='ltr'><strong>propriis</strong></span> <span class='ocrx_word' id='word_1_322' title='bbox 2341 2208 2626 2266; x_wconf 83' lang='lat' dir='ltr'><strong>duximus</strong></span> <span class='ocrx_word' id='word_1_323' title='bbox 2651 2209 3046 2281; x_wconf 84' lang='lat' dir='ltr'><strong>exprimenda</strong></span> <span class='ocrx_word' id='word_1_324' title='bbox 3073 2207 3388 2266; x_wconf 85' lang='lat' dir='ltr'><strong>vocabulis</strong></span> <span class='ocrx_word' id='word_1_325' title='bbox 3415 2206 3718 2264; x_wconf 86' lang='lat' dir='ltr'><strong>:redditus</strong></span> 
     </span>
     <span class='ocr_line' id='line_1_45' title="bbox 2060 2296 3719 2372; baseline -0.002 -18"><span class='ocrx_word' id='word_1_326' title='bbox 2060 2314 2218 2372; x_wconf 90' lang='lat' dir='ltr'><strong>quos</strong></span> <span class='ocrx_word' id='word_1_327' title='bbox 2245 2297 2484 2355; x_wconf 89' lang='lat' dir='ltr'><strong>habetis</strong></span> <span class='ocrx_word' id='word_1_328' title='bbox 2524 2315 2560 2355; x_wconf 92' lang='lat' dir='ltr'><strong>a</strong></span> <span class='ocrx_word' id='word_1_329' title='bbox 2580 2298 2842 2371; x_wconf 89' lang='lat' dir='ltr'><strong>capitulo</strong></span> <span class='ocrx_word' id='word_1_330' title='bbox 2885 2298 3218 2366; x_wconf 71' lang='lat' dir='ltr'><strong>parisiensi,</strong></span> <span class='ocrx_word' id='word_1_331' title='bbox 3251 2296 3543 2354; x_wconf 83' lang='lat' dir='ltr'><strong>videlicet</strong></span> <span class='ocrx_word' id='word_1_332' title='bbox 3570 2296 3719 2353; x_wconf 84' lang='lat' dir='ltr'><strong>duos</strong></span> 
     </span>
     <span class='ocr_line' id='line_1_46' title="bbox 2064 2385 3719 2460; baseline -0.002 -16"><span class='ocrx_word' id='word_1_333' title='bbox 2064 2387 2300 2444; x_wconf 89' lang='lat' dir='ltr'><strong>modios</strong></span> <span class='ocrx_word' id='word_1_334' title='bbox 2329 2393 2385 2444; x_wconf 89' lang='lat' dir='ltr'><strong>et</strong></span> <span class='ocrx_word' id='word_1_335' title='bbox 2406 2394 2540 2444; x_wconf 89' lang='lat' dir='ltr'><strong>octo</strong></span> <span class='ocrx_word' id='word_1_336' title='bbox 2569 2389 2856 2445; x_wconf 81' lang='lat' dir='ltr'><strong>sextarios</strong></span> <span class='ocrx_word' id='word_1_337' title='bbox 2872 2387 3131 2460; x_wconf 89' lang='lat' dir='ltr'><strong>purioris</strong></span> <span class='ocrx_word' id='word_1_338' title='bbox 3157 2386 3450 2444; x_wconf 78' lang='lat' dir='ltr'><strong>frumenti</strong></span> <span class='ocrx_word' id='word_1_339' title='bbox 3462 2385 3719 2457; x_wconf 88' lang='lat' dir='ltr'><strong>granarii</strong></span> 
     </span>
     <span class='ocr_line' id='line_1_47' title="bbox 2065 2475 3712 2549; baseline -0.001 -17"><span class='ocrx_word' id='word_1_340' title='bbox 2065 2478 2178 2543; x_wconf 91' lang='lat' dir='ltr'><strong>sui,</strong></span> <span class='ocrx_word' id='word_1_341' title='bbox 2208 2477 2284 2533; x_wconf 89' lang='lat' dir='ltr'><strong>ad</strong></span> <span class='ocrx_word' id='word_1_342' title='bbox 2302 2478 2532 2534; x_wconf 89' lang='lat' dir='ltr'><strong>minam</strong></span> <span class='ocrx_word' id='word_1_343' title='bbox 2563 2477 2816 2547; x_wconf 78' lang='lat' dir='ltr'><strong>regiam,</strong></span> <span class='ocrx_word' id='word_1_344' title='bbox 2838 2477 3100 2549; x_wconf 88' lang='lat' dir='ltr'><strong>exceptis</strong></span> <span class='ocrx_word' id='word_1_345' title='bbox 3112 2483 3345 2549; x_wconf 87' lang='lat' dir='ltr'><strong>septem</strong></span> <span class='ocrx_word' id='word_1_346' title='bbox 3366 2475 3596 2533; x_wconf 88' lang='lat' dir='ltr'><strong>modiis</strong></span> <span class='ocrx_word' id='word_1_347' title='bbox 3616 2475 3712 2547; x_wconf 89' lang='lat' dir='ltr'><strong>qui</strong></span> 
     </span>
     <span class='ocr_line' id='line_1_48' title="bbox 2062 2564 3708 2639; baseline -0.002 -16"><span class='ocrx_word' id='word_1_348' title='bbox 2062 2567 2344 2624; x_wconf 86' lang='lat' dir='ltr'><strong>dicuntur</strong></span> <span class='ocrx_word' id='word_1_349' title='bbox 2369 2567 2444 2623; x_wconf 89' lang='lat' dir='ltr'><strong>de</strong></span> <span class='ocrx_word' id='word_1_350' title='bbox 2464 2566 2777 2634; x_wconf 87' lang='lat' dir='ltr'><strong>altaribus,</strong></span> <span class='ocrx_word' id='word_1_351' title='bbox 2820 2570 2878 2623; x_wconf 90' lang='lat' dir='ltr'><strong>et</strong></span> <span class='ocrx_word' id='word_1_352' title='bbox 2923 2565 3249 2639; x_wconf 90' lang='lat' dir='ltr'><strong>unicuique</strong></span> <span class='ocrx_word' id='word_1_353' title='bbox 3279 2564 3708 2622; x_wconf 88' lang='lat' dir='ltr'><strong>canonicorum</strong></span> 
     </span>
     <span class='ocr_line' id='line_1_49' title="bbox 2063 2651 3709 2728; baseline -0.002 -16"><span class='ocrx_word' id='word_1_354' title='bbox 2063 2656 2335 2713; x_wconf 60' lang='lat' dir='ltr'><strong>Ecclesia!</strong></span> <span class='ocrx_word' id='word_1_355' title='bbox 2355 2660 2585 2722; x_wconf 63' lang='lat' dir='ltr'><strong>vestrae,</strong></span> <span class='ocrx_word' id='word_1_356' title='bbox 2613 2660 2847 2712; x_wconf 88' lang='lat' dir='ltr'><strong>tantum</strong></span> <span class='ocrx_word' id='word_1_357' title='bbox 2873 2655 2947 2711; x_wconf 87' lang='lat' dir='ltr'><strong>de</strong></span> <span class='ocrx_word' id='word_1_358' title='bbox 2981 2668 3136 2728; x_wconf 88' lang='lat' dir='ltr'><strong>pane</strong></span> <span class='ocrx_word' id='word_1_359' title='bbox 3159 2658 3218 2710; x_wconf 89' lang='lat' dir='ltr'><strong>et</strong></span> <span class='ocrx_word' id='word_1_360' title='bbox 3243 2653 3416 2722; x_wconf 76' lang='lat' dir='ltr'><strong>vino,</strong></span> <span class='ocrx_word' id='word_1_361' title='bbox 3439 2654 3608 2727; x_wconf 90' lang='lat' dir='ltr'><strong>quod</strong></span> <span class='ocrx_word' id='word_1_362' title='bbox 3635 2651 3709 2708; x_wconf 86' lang='lat' dir='ltr'><strong>di-</strong></span> 
     </span>
     <span class='ocr_line' id='line_1_50' title="bbox 2060 2742 3707 2818; baseline -0.002 -16"><span class='ocrx_word' id='word_1_363' title='bbox 2060 2747 2210 2802; x_wconf 88' lang='lat' dir='ltr'><strong>citur</strong></span> <span class='ocrx_word' id='word_1_364' title='bbox 2222 2743 2726 2815; x_wconf 76' lang='lat' dir='ltr'><strong>Quadragesimoe.</strong></span> <span class='ocrx_word' id='word_1_365' title='bbox 2748 2748 3048 2818; x_wconf 88' lang='lat' dir='ltr'><strong>quantum</strong></span> <span class='ocrx_word' id='word_1_366' title='bbox 3067 2747 3125 2801; x_wconf 90' lang='lat' dir='ltr'><strong>et</strong></span> <span class='ocrx_word' id='word_1_367' title='bbox 3149 2742 3255 2799; x_wconf 89' lang='lat' dir='ltr'><strong>uni</strong></span> <span class='ocrx_word' id='word_1_368' title='bbox 3281 2742 3707 2800; x_wconf 88' lang='lat' dir='ltr'><strong>canonicorum</strong></span> 
     </span>
     <span class='ocr_line' id='line_1_51' title="bbox 2058 2830 3707 2906; baseline -0.002 -15"><span class='ocrx_word' id='word_1_369' title='bbox 2058 2834 2445 2892; x_wconf 89' lang='lat' dir='ltr'><strong>residentium</strong></span> <span class='ocrx_word' id='word_1_370' title='bbox 2463 2836 2653 2890; x_wconf 86' lang='lat' dir='ltr'><strong>Beatae</strong></span> <span class='ocrx_word' id='word_1_371' title='bbox 2684 2836 2895 2899; x_wconf 75' lang='lat' dir='ltr'><strong>Mariae,</strong></span> <span class='ocrx_word' id='word_1_372' title='bbox 2928 2832 3334 2906; x_wconf 75' lang='lat' dir='ltr'><strong>domumquae</strong></span> <span class='ocrx_word' id='word_1_373' title='bbox 3359 2831 3537 2889; x_wconf 89' lang='lat' dir='ltr'><strong>estin</strong></span> <span class='ocrx_word' id='word_1_374' title='bbox 3563 2830 3707 2888; x_wconf 84' lang='lat' dir='ltr'><strong>clau·</strong></span> 
     </span>
     <span class='ocr_line' id='line_1_52' title="bbox 2058 2922 3712 2996; baseline -0.003 -15"><span class='ocrx_word' id='word_1_375' title='bbox 2058 2930 2180 2983; x_wconf 86' lang='lat' dir='ltr'><strong>stro</strong></span> <span class='ocrx_word' id='word_1_376' title='bbox 2211 2926 2377 2996; x_wconf 83' lang='lat' dir='ltr'><strong>juxta</strong></span> <span class='ocrx_word' id='word_1_377' title='bbox 2400 2923 2711 2980; x_wconf 87' lang='lat' dir='ltr'><strong>ecclesiam</strong></span> <span class='ocrx_word' id='word_1_378' title='bbox 2741 2928 3023 2988; x_wconf 83' lang='lat' dir='ltr'><strong>vestram,</strong></span> <span class='ocrx_word' id='word_1_379' title='bbox 3045 2926 3103 2979; x_wconf 89' lang='lat' dir='ltr'><strong>et</strong></span> <span class='ocrx_word' id='word_1_380' title='bbox 3145 2922 3370 2979; x_wconf 89' lang='lat' dir='ltr'><strong>domos</strong></span> <span class='ocrx_word' id='word_1_381' title='bbox 3400 2936 3547 2995; x_wconf 67' lang='lat' dir='ltr'><strong>quas</strong></span> <span class='ocrx_word' id='word_1_382' title='bbox 3583 2922 3712 2977; x_wconf 86' lang='lat' dir='ltr'><strong>sunt</strong></span> 
     </span>
    </p>
   </div>
   <div class='ocr_carea' id='block_1_9' title="bbox 291 3009 3713 3174">
    <p class='ocr_par' dir='ltr' id='par_1_9' title="bbox 291 3009 3713 3174">
     <span class='ocr_line' id='line_1_53' title="bbox 291 3009 3712 3106; baseline 0.001 -39"><span class='ocrx_word' id='word_1_383' title='bbox 291 3011 529 3068; x_wconf 89' lang='lat' dir='ltr'><strong>Cunctis</strong></span> <span class='ocrx_word' id='word_1_384' title='bbox 546 3015 751 3068; x_wconf 87' lang='lat' dir='ltr'><strong>autem</strong></span> <span class='ocrx_word' id='word_1_385' title='bbox 778 3009 973 3067; x_wconf 85' lang='lat' dir='ltr'><strong>eidem</strong></span> <span class='ocrx_word' id='word_1_386' title='bbox 1002 3010 1134 3068; x_wconf 93' lang='lat' dir='ltr'><strong>loco</strong></span> <span class='ocrx_word' id='word_1_387' title='bbox 1159 3028 1267 3068; x_wconf 89' lang='lat' dir='ltr'><strong>sua</strong></span> <span class='ocrx_word' id='word_1_388' title='bbox 1290 3012 1427 3082; x_wconf 83' lang='lat' dir='ltr'><strong>iura</strong></span> <span class='ocrx_word' id='word_1_389' title='bbox 1457 3009 1833 3068; x_wconf 83' lang='lat' dir='ltr'><strong>servantibus</strong></span> <span class='ocrx_word' id='word_1_390' title='bbox 1871 3011 1945 3067; x_wconf 93' lang='lat' dir='ltr'><strong>sit</strong></span> <span class='ocrx_word' id='word_1_391' title='bbox 1983 3050 2026 3106; x_wconf 76' lang='lat' dir='ltr'>C</span> <span class='ocrx_word' id='word_1_392' title='bbox 2054 3020 2221 3074; x_wconf 82' lang='lat' dir='ltr'><strong>extra</strong></span> <span class='ocrx_word' id='word_1_393' title='bbox 2244 3020 2481 3090; x_wconf 84' lang='lat' dir='ltr'><strong>portam</strong></span> <span class='ocrx_word' id='word_1_394' title='bbox 2521 3013 2757 3071; x_wconf 84' lang='lat' dir='ltr'><strong>claustri</strong></span> <span class='ocrx_word' id='word_1_395' title='bbox 2788 3013 2862 3071; x_wconf 92' lang='lat' dir='ltr'><strong>ad</strong></span> <span class='ocrx_word' id='word_1_396' title='bbox 2902 3018 3271 3086; x_wconf 82' lang='lat' dir='ltr'><strong>posternam,</strong></span> <span class='ocrx_word' id='word_1_397' title='bbox 3306 3026 3454 3085; x_wconf 71' lang='lat' dir='ltr'><strong>qum</strong></span> <span class='ocrx_word' id='word_1_398' title='bbox 3480 3009 3712 3068; x_wconf 73' lang='lat' dir='ltr'><strong>duobus</strong></span> 
     </span>
     <span class='ocr_line' id='line_1_54' title="bbox 291 3098 3713 3174; baseline -0 -18"><span class='ocrx_word' id='word_1_399' title='bbox 291 3114 415 3172; x_wconf 82' lang='lat' dir='ltr'><strong>pax</strong></span> <span class='ocrx_word' id='word_1_400' title='bbox 442 3099 680 3156; x_wconf 90' lang='lat' dir='ltr'><strong>Domini</strong></span> <span class='ocrx_word' id='word_1_401' title='bbox 709 3098 895 3156; x_wconf 88' lang='lat' dir='ltr'><strong>nostri</strong></span> <span class='ocrx_word' id='word_1_402' title='bbox 914 3101 1051 3156; x_wconf 84' lang='lat' dir='ltr'><strong>Jesu</strong></span> <span class='ocrx_word' id='word_1_403' title='bbox 1066 3098 1298 3164; x_wconf 86' lang='lat' dir='ltr'><strong>Christi,</strong></span> <span class='ocrx_word' id='word_1_404' title='bbox 1314 3107 1613 3174; x_wconf 89' lang='lat' dir='ltr'><strong>quatenus</strong></span> <span class='ocrx_word' id='word_1_405' title='bbox 1629 3108 1685 3155; x_wconf 91' lang='lat' dir='ltr'><strong>et</strong></span> <span class='ocrx_word' id='word_1_406' title='bbox 1701 3099 1800 3156; x_wconf 89' lang='lat' dir='ltr'><strong>hic</strong></span> <span class='ocrx_word' id='word_1_407' title='bbox 1820 3099 1944 3155; x_wconf 79' lang='lat' dir='ltr'><strong>fru-</strong></span> <span class='ocrx_word' id='word_1_408' title='bbox 2056 3105 2361 3163; x_wconf 74' lang='lat' dir='ltr'><strong>canonicis</strong></span> <span class='ocrx_word' id='word_1_409' title='bbox 2384 3108 2522 3161; x_wconf 77' lang='lat' dir='ltr'><strong>sunt</strong></span> <span class='ocrx_word' id='word_1_410' title='bbox 2549 3103 2871 3174; x_wconf 64' lang='lat' dir='ltr'><strong>assignata</strong></span> <span class='ocrx_word' id='word_1_411' title='bbox 2896 3119 2967 3160; x_wconf 85' lang='lat' dir='ltr'><strong>ex</strong></span> <span class='ocrx_word' id='word_1_412' title='bbox 2987 3103 3151 3160; x_wconf 83' lang='lat' dir='ltr'><strong>dono</strong></span> <span class='ocrx_word' id='word_1_413' title='bbox 3185 3102 3456 3160; x_wconf 87' lang='lat' dir='ltr'><strong>Simonis</strong></span> <span class='ocrx_word' id='word_1_414' title='bbox 3481 3101 3558 3158; x_wconf 87' lang='lat' dir='ltr'><strong>de</strong></span> <span class='ocrx_word' id='word_1_415' title='bbox 3579 3102 3713 3158; x_wconf 86' lang='lat' dir='ltr'><strong>San-</strong></span> 
     </span>
    </p>
   </div>
   <div class='ocr_carea' id='block_1_10' title="bbox 283 3186 1945 4401">
    <p class='ocr_par' dir='ltr' id='par_1_10' title="bbox 283 3186 1941 3433">
     <span class='ocr_line' id='line_1_55' title="bbox 291 3186 1941 3262; baseline 0.001 -18"><span class='ocrx_word' id='word_1_416' title='bbox 291 3192 454 3245; x_wconf 88' lang='lat' dir='ltr'><strong>ctum</strong></span> <span class='ocrx_word' id='word_1_417' title='bbox 496 3186 674 3245; x_wconf 74' lang='lat' dir='ltr'><strong>bonae</strong></span> <span class='ocrx_word' id='word_1_418' title='bbox 697 3186 947 3244; x_wconf 86' lang='lat' dir='ltr'><strong>actionis</strong></span> <span class='ocrx_word' id='word_1_419' title='bbox 973 3188 1304 3260; x_wconf 87' lang='lat' dir='ltr'><strong>percipiant</strong></span> <span class='ocrx_word' id='word_1_420' title='bbox 1328 3193 1387 3244; x_wconf 87' lang='lat' dir='ltr'><strong>et</strong></span> <span class='ocrx_word' id='word_1_421' title='bbox 1410 3189 1572 3262; x_wconf 89' lang='lat' dir='ltr'><strong>apud</strong></span> <span class='ocrx_word' id='word_1_422' title='bbox 1608 3187 1941 3246; x_wconf 85' lang='lat' dir='ltr'><strong>districtum</strong></span> 
     </span>
     <span class='ocr_line' id='line_1_56' title="bbox 283 3275 1938 3350; baseline 0.001 -17"><span class='ocrx_word' id='word_1_423' title='bbox 283 3275 553 3350; x_wconf 83' lang='lat' dir='ltr'><strong>judicem</strong></span> <span class='ocrx_word' id='word_1_424' title='bbox 609 3277 858 3348; x_wconf 77' lang='lat' dir='ltr'><strong>praemia</strong></span> <span class='ocrx_word' id='word_1_425' title='bbox 889 3281 1124 3333; x_wconf 58' lang='lat' dir='ltr'><strong>aeternas</strong></span> <span class='ocrx_word' id='word_1_426' title='bbox 1171 3277 1339 3349; x_wconf 89' lang='lat' dir='ltr'><strong>pacis</strong></span> <span class='ocrx_word' id='word_1_427' title='bbox 1373 3276 1695 3335; x_wconf 88' lang='lat' dir='ltr'><strong>inveniant.</strong></span> <span class='ocrx_word' id='word_1_428' title='bbox 1728 3279 1938 3346; x_wconf 84' lang='lat' dir='ltr'><strong>Amen,</strong></span> 
     </span>
     <span class='ocr_line' id='line_1_57' title="bbox 289 3379 724 3433; baseline -0.002 -9"><span class='ocrx_word' id='word_1_429' title='bbox 289 3381 491 3433; x_wconf 86' lang='lat' dir='ltr'><strong>amen.</strong></span> <span class='ocrx_word' id='word_1_430' title='bbox 518 3379 724 3423; x_wconf 89' lang='lat' dir='ltr'><strong>amen.</strong></span> 
     </span>
    </p>

    <p class='ocr_par' dir='ltr' id='par_1_11' title="bbox 362 3453 1724 3530">
     <span class='ocr_line' id='line_1_58' title="bbox 362 3453 1724 3530; baseline 0.001 -18"><span class='ocrx_word' id='word_1_431' title='bbox 362 3457 486 3527; x_wconf 84' lang='lat' dir='ltr'><strong>Ego</strong></span> <span class='ocrx_word' id='word_1_432' title='bbox 513 3454 727 3512; x_wconf 88' lang='lat' dir='ltr'><strong>Lucius</strong></span> <span class='ocrx_word' id='word_1_433' title='bbox 756 3453 1064 3512; x_wconf 62' lang='lat' dir='ltr'><strong>catholicas</strong></span> <span class='ocrx_word' id='word_1_434' title='bbox 1090 3453 1363 3512; x_wconf 74' lang='lat' dir='ltr'><strong>Ecclesiae</strong></span> <span class='ocrx_word' id='word_1_435' title='bbox 1382 3455 1724 3530; x_wconf 87' lang='lat' dir='ltr'><strong>episcopus.</strong></span> 
     </span>
    </p>

    <p class='ocr_par' dir='ltr' id='par_1_12' title="bbox 287 3543 1943 3708">
     <span class='ocr_line' id='line_1_59' title="bbox 362 3543 1943 3616; baseline 0.001 -15"><span class='ocrx_word' id='word_1_436' title='bbox 362 3546 486 3616; x_wconf 80' lang='lat' dir='ltr'><strong>Ego</strong></span> <span class='ocrx_word' id='word_1_437' title='bbox 505 3543 848 3601; x_wconf 86' lang='lat' dir='ltr'><strong>Theodinus</strong></span> <span class='ocrx_word' id='word_1_438' title='bbox 894 3544 1226 3602; x_wconf 68' lang='lat' dir='ltr'><strong>portuensis</strong></span> <span class='ocrx_word' id='word_1_439' title='bbox 1258 3546 1490 3603; x_wconf 77' lang='lat' dir='ltr'><strong>Sanctae</strong></span> <span class='ocrx_word' id='word_1_440' title='bbox 1520 3544 1750 3603; x_wconf 80' lang='lat' dir='ltr'><strong>Rufinae</strong></span> <span class='ocrx_word' id='word_1_441' title='bbox 1782 3546 1943 3604; x_wconf 85' lang='lat' dir='ltr'><strong>sedis</strong></span> 
     </span>
     <span class='ocr_line' id='line_1_60' title="bbox 287 3634 626 3708; baseline -0.006 -16"><span class='ocrx_word' id='word_1_442' title='bbox 287 3634 626 3708; x_wconf 88' lang='lat' dir='ltr'><strong>episcopus.</strong></span> 
     </span>
    </p>

    <p class='ocr_par' dir='ltr' id='par_1_13' title="bbox 363 3720 1547 3796">
     <span class='ocr_line' id='line_1_61' title="bbox 363 3720 1547 3796; baseline -0.002 -15"><span class='ocrx_word' id='word_1_443' title='bbox 363 3725 487 3795; x_wconf 84' lang='lat' dir='ltr'><strong>Ego</strong></span> <span class='ocrx_word' id='word_1_444' title='bbox 515 3721 801 3780; x_wconf 80' lang='lat' dir='ltr'><strong>Benricus</strong></span> <span class='ocrx_word' id='word_1_445' title='bbox 828 3720 1186 3779; x_wconf 80' lang='lat' dir='ltr'><strong>Albanensis</strong></span> <span class='ocrx_word' id='word_1_446' title='bbox 1208 3723 1547 3796; x_wconf 88' lang='lat' dir='ltr'><strong>episcopus.</strong></span> 
     </span>
    </p>

    <p class='ocr_par' dir='ltr' id='par_1_14' title="bbox 366 3809 1549 3882">
     <span class='ocr_line' id='line_1_62' title="bbox 366 3809 1549 3882; baseline 0 -16"><span class='ocrx_word' id='word_1_447' title='bbox 366 3812 487 3882; x_wconf 85' lang='lat' dir='ltr'><strong>Ego</strong></span> <span class='ocrx_word' id='word_1_448' title='bbox 520 3809 734 3869; x_wconf 88' lang='lat' dir='ltr'><strong>paulus</strong></span> <span class='ocrx_word' id='word_1_449' title='bbox 755 3810 1156 3867; x_wconf 78' lang='lat' dir='ltr'><strong>Praenestinus</strong></span> <span class='ocrx_word' id='word_1_450' title='bbox 1205 3811 1549 3882; x_wconf 87' lang='lat' dir='ltr'><strong>episcopus.</strong></span> 
     </span>
    </p>

    <p class='ocr_par' dir='ltr' id='par_1_15' title="bbox 291 3897 1945 4047">
     <span class='ocr_line' id='line_1_63' title="bbox 363 3897 1945 3972; baseline -0.001 -14"><span class='ocrx_word' id='word_1_451' title='bbox 363 3902 486 3972; x_wconf 78' lang='lat' dir='ltr'><strong>Ego</strong></span> <span class='ocrx_word' id='word_1_452' title='bbox 505 3900 711 3957; x_wconf 86' lang='lat' dir='ltr'><strong>Petrus</strong></span> <span class='ocrx_word' id='word_1_453' title='bbox 740 3897 1054 3972; x_wconf 81' lang='lat' dir='ltr'><strong>presbyter</strong></span> <span class='ocrx_word' id='word_1_454' title='bbox 1070 3898 1395 3957; x_wconf 86' lang='lat' dir='ltr'><strong>cardinalis</strong></span> <span class='ocrx_word' id='word_1_455' title='bbox 1415 3899 1567 3956; x_wconf 88' lang='lat' dir='ltr'><strong>tituli</strong></span> <span class='ocrx_word' id='word_1_456' title='bbox 1582 3900 1811 3957; x_wconf 80' lang='lat' dir='ltr'><strong>Sanctoe</strong></span> <span class='ocrx_word' id='word_1_457' title='bbox 1840 3903 1945 3957; x_wconf 87' lang='lat' dir='ltr'><strong>Su-</strong></span> 
     </span>
     <span class='ocr_line' id='line_1_64' title="bbox 291 4003 520 4047; baseline 0 -1"><span class='ocrx_word' id='word_1_458' title='bbox 291 4003 520 4047; x_wconf 74' lang='lat' dir='ltr'><strong>sannae.</strong></span> 
     </span>
    </p>

    <p class='ocr_par' dir='ltr' id='par_1_16' title="bbox 289 4075 1942 4237">
     <span class='ocr_line' id='line_1_65' title="bbox 359 4075 1942 4150; baseline 0.001 -15"><span class='ocrx_word' id='word_1_459' title='bbox 359 4079 484 4149; x_wconf 76' lang='lat' dir='ltr'><strong>Ego</strong></span> <span class='ocrx_word' id='word_1_460' title='bbox 541 4075 831 4135; x_wconf 82' lang='lat' dir='ltr'><strong>vivianus</strong></span> <span class='ocrx_word' id='word_1_461' title='bbox 865 4075 1011 4133; x_wconf 89' lang='lat' dir='ltr'><strong>tituli</strong></span> <span class='ocrx_word' id='word_1_462' title='bbox 1043 4077 1273 4134; x_wconf 80' lang='lat' dir='ltr'><strong>Sanctae</strong></span> <span class='ocrx_word' id='word_1_463' title='bbox 1306 4076 1593 4150; x_wconf 87' lang='lat' dir='ltr'><strong>Stephani</strong></span> <span class='ocrx_word' id='word_1_464' title='bbox 1646 4076 1709 4134; x_wconf 90' lang='lat' dir='ltr'><strong>in</strong></span> <span class='ocrx_word' id='word_1_465' title='bbox 1760 4078 1942 4137; x_wconf 84' lang='lat' dir='ltr'><strong>Coelio</strong></span> 
     </span>
     <span class='ocr_line' id='line_1_66' title="bbox 289 4163 1190 4237; baseline -0.008 -13"><span class='ocrx_word' id='word_1_466' title='bbox 289 4167 482 4224; x_wconf 66' lang='lat' dir='ltr'><strong>Uonte</strong></span> <span class='ocrx_word' id='word_1_467' title='bbox 506 4165 814 4237; x_wconf 85' lang='lat' dir='ltr'><strong>presbyter</strong></span> <span class='ocrx_word' id='word_1_468' title='bbox 850 4163 1190 4222; x_wconf 89' lang='lat' dir='ltr'><strong>cardinalis.</strong></span> 
     </span>
    </p>

    <p class='ocr_par' dir='ltr' id='par_1_17' title="bbox 287 4252 1940 4401">
     <span class='ocr_line' id='line_1_67' title="bbox 363 4252 1940 4327; baseline 0.003 -17"><span class='ocrx_word' id='word_1_469' title='bbox 363 4256 484 4325; x_wconf 84' lang='lat' dir='ltr'><strong>Ego</strong></span> <span class='ocrx_word' id='word_1_470' title='bbox 495 4252 805 4310; x_wconf 86' lang='lat' dir='ltr'><strong>Laborans</strong></span> <span class='ocrx_word' id='word_1_471' title='bbox 823 4252 1137 4327; x_wconf 85' lang='lat' dir='ltr'><strong>presbyter</strong></span> <span class='ocrx_word' id='word_1_472' title='bbox 1155 4253 1476 4312; x_wconf 88' lang='lat' dir='ltr'><strong>cardinalis</strong></span> <span class='ocrx_word' id='word_1_473' title='bbox 1493 4256 1723 4314; x_wconf 78' lang='lat' dir='ltr'><strong>Sanctae</strong></span> <span class='ocrx_word' id='word_1_474' title='bbox 1748 4257 1940 4315; x_wconf 60' lang='lat' dir='ltr'><strong>uarias</strong></span> 
     </span>
     <span class='ocr_line' id='line_1_68' title="bbox 287 4341 1188 4401; baseline -0.001 -1"><span class='ocrx_word' id='word_1_475' title='bbox 287 4345 454 4400; x_wconf 81' lang='lat' dir='ltr'><strong>trans</strong></span> <span class='ocrx_word' id='word_1_476' title='bbox 480 4342 733 4398; x_wconf 88' lang='lat' dir='ltr'><strong>Tiberim</strong></span> <span class='ocrx_word' id='word_1_477' title='bbox 765 4341 916 4399; x_wconf 85' lang='lat' dir='ltr'><strong>tituli</strong></span> <span class='ocrx_word' id='word_1_478' title='bbox 962 4341 1188 4401; x_wconf 85' lang='lat' dir='ltr'><strong>Calixti.</strong></span> 
     </span>
    </p>
   </div>
   <div class='ocr_carea' id='block_1_11' title="bbox 2049 3189 3713 4340">
    <p class='ocr_par' dir='ltr' id='par_1_18' title="bbox 2049 3189 3713 4340">
     <span class='ocr_line' id='line_1_69' title="bbox 2051 3189 3712 3269; baseline -0.005 -14"><span class='ocrx_word' id='word_1_479' title='bbox 2051 3201 2147 3255; x_wconf 93' lang='lat' dir='ltr'><strong>cto</strong></span> <span class='ocrx_word' id='word_1_480' title='bbox 2178 3196 2487 3269; x_wconf 88' lang='lat' dir='ltr'><strong>Dionysio;</strong></span> <span class='ocrx_word' id='word_1_481' title='bbox 2510 3193 2923 3252; x_wconf 89' lang='lat' dir='ltr'><strong>molendinum</strong></span> <span class='ocrx_word' id='word_1_482' title='bbox 2952 3192 3025 3249; x_wconf 90' lang='lat' dir='ltr'><strong>de</strong></span> <span class='ocrx_word' id='word_1_483' title='bbox 3050 3190 3348 3257; x_wconf 83' lang='lat' dir='ltr'><strong>Genestai‚</strong></span> <span class='ocrx_word' id='word_1_484' title='bbox 3370 3191 3615 3253; x_wconf 88' lang='lat' dir='ltr'><strong>domos,</strong></span> <span class='ocrx_word' id='word_1_485' title='bbox 3637 3189 3712 3246; x_wconf 78' lang='lat' dir='ltr'><strong>vi·</strong></span> 
     </span>
     <span class='ocr_line' id='line_1_70' title="bbox 2053 3280 3713 3358; baseline -0.005 -14"><span class='ocrx_word' id='word_1_486' title='bbox 2053 3302 2220 3356; x_wconf 89' lang='lat' dir='ltr'><strong>neas,</strong></span> <span class='ocrx_word' id='word_1_487' title='bbox 2298 3288 2488 3358; x_wconf 88' lang='lat' dir='ltr'><strong>prata,</strong></span> <span class='ocrx_word' id='word_1_488' title='bbox 2550 3299 2799 3340; x_wconf 89' lang='lat' dir='ltr'><strong>censum</strong></span> <span class='ocrx_word' id='word_1_489' title='bbox 2863 3281 2939 3339; x_wconf 91' lang='lat' dir='ltr'><strong>de</strong></span> <span class='ocrx_word' id='word_1_490' title='bbox 2997 3280 3378 3348; x_wconf 83' lang='lat' dir='ltr'><strong>Botunvileir.</strong></span> <span class='ocrx_word' id='word_1_491' title='bbox 3449 3286 3713 3354; x_wconf 85' lang='lat' dir='ltr'><strong>pastum,</strong></span> 
     </span>
     <span class='ocr_line' id='line_1_71' title="bbox 2054 3368 3712 3446; baseline -0.006 -12"><span class='ocrx_word' id='word_1_492' title='bbox 2054 3380 2275 3435; x_wconf 88' lang='lat' dir='ltr'><strong>terram</strong></span> <span class='ocrx_word' id='word_1_493' title='bbox 2340 3379 2397 3430; x_wconf 92' lang='lat' dir='ltr'><strong>et</strong></span> <span class='ocrx_word' id='word_1_494' title='bbox 2437 3373 2750 3446; x_wconf 76' lang='lat' dir='ltr'><strong>Justitiam,</strong></span> <span class='ocrx_word' id='word_1_495' title='bbox 2808 3388 2950 3429; x_wconf 90' lang='lat' dir='ltr'><strong>cum</strong></span> <span class='ocrx_word' id='word_1_496' title='bbox 3003 3370 3290 3428; x_wconf 88' lang='lat' dir='ltr'><strong>omnibus</strong></span> <span class='ocrx_word' id='word_1_497' title='bbox 3341 3368 3712 3443; x_wconf 84' lang='lat' dir='ltr'><strong>appendiciis</strong></span> 
     </span>
     <span class='ocr_line' id='line_1_72' title="bbox 2054 3458 3709 3538; baseline -0.005 -16"><span class='ocrx_word' id='word_1_498' title='bbox 2054 3465 2116 3523; x_wconf 92' lang='lat' dir='ltr'><strong>in</strong></span> <span class='ocrx_word' id='word_1_499' title='bbox 2155 3465 2505 3538; x_wconf 88' lang='lat' dir='ltr'><strong>episcopatu</strong></span> <span class='ocrx_word' id='word_1_500' title='bbox 2531 3461 2816 3519; x_wconf 84' lang='lat' dir='ltr'><strong>Meldensi</strong></span> <span class='ocrx_word' id='word_1_501' title='bbox 2847 3480 2866 3533; x_wconf 86' lang='lat'>;</span> <span class='ocrx_word' id='word_1_502' title='bbox 2894 3460 3193 3518; x_wconf 87' lang='lat' dir='ltr'><strong>decimam</strong></span> <span class='ocrx_word' id='word_1_503' title='bbox 3222 3458 3299 3516; x_wconf 86' lang='lat' dir='ltr'><strong>de</strong></span> <span class='ocrx_word' id='word_1_504' title='bbox 3345 3461 3540 3516; x_wconf 81' lang='lat' dir='ltr'><strong>Parvo</strong></span> <span class='ocrx_word' id='word_1_505' title='bbox 3563 3460 3709 3516; x_wconf 82' lang='lat' dir='ltr'><strong>Nan·</strong></span> 
     </span>
     <span class='ocr_line' id='line_1_73' title="bbox 2056 3546 3708 3624; baseline -0.006 -11"><span class='ocrx_word' id='word_1_506' title='bbox 2056 3554 2234 3624; x_wconf 89' lang='lat' dir='ltr'><strong>teolo,</strong></span> <span class='ocrx_word' id='word_1_507' title='bbox 2265 3552 2564 3610; x_wconf 83' lang='lat' dir='ltr'><strong>decimam</strong></span> <span class='ocrx_word' id='word_1_508' title='bbox 2611 3551 2687 3607; x_wconf 88' lang='lat' dir='ltr'><strong>de</strong></span> <span class='ocrx_word' id='word_1_509' title='bbox 2719 3549 3012 3617; x_wconf 78' lang='lat' dir='ltr'><strong>vinantis,</strong></span> <span class='ocrx_word' id='word_1_510' title='bbox 3066 3548 3366 3606; x_wconf 87' lang='lat' dir='ltr'><strong>decimam</strong></span> <span class='ocrx_word' id='word_1_511' title='bbox 3416 3546 3494 3604; x_wconf 86' lang='lat' dir='ltr'><strong>de</strong></span> <span class='ocrx_word' id='word_1_512' title='bbox 3555 3546 3708 3614; x_wconf 76' lang='lat' dir='ltr'><strong>Tuis,</strong></span> 
     </span>
     <span class='ocr_line' id='line_1_74' title="bbox 2055 3633 3708 3711; baseline -0.006 -10"><span class='ocrx_word' id='word_1_513' title='bbox 2055 3643 2302 3702; x_wconf 74' lang='lat' dir='ltr'><strong>feudum</strong></span> <span class='ocrx_word' id='word_1_514' title='bbox 2330 3641 2580 3699; x_wconf 77' lang='lat' dir='ltr'><strong>decimae</strong></span> <span class='ocrx_word' id='word_1_515' title='bbox 2632 3639 2707 3697; x_wconf 90' lang='lat' dir='ltr'><strong>de</strong></span> <span class='ocrx_word' id='word_1_516' title='bbox 2760 3639 2982 3697; x_wconf 85' lang='lat' dir='ltr'><strong>Sancto</strong></span> <span class='ocrx_word' id='word_1_517' title='bbox 3021 3638 3298 3704; x_wconf 74' lang='lat' dir='ltr'><strong>Maximo,</strong></span> <span class='ocrx_word' id='word_1_518' title='bbox 3354 3651 3551 3711; x_wconf 87' lang='lat' dir='ltr'><strong>quam</strong></span> <span class='ocrx_word' id='word_1_519' title='bbox 3583 3633 3708 3692; x_wconf 86' lang='lat' dir='ltr'><strong>Bul·</strong></span> 
     </span>
     <span class='ocr_line' id='line_1_75' title="bbox 2054 3724 3707 3790; baseline -0.006 0"><span class='ocrx_word' id='word_1_520' title='bbox 2054 3730 2317 3790; x_wconf 88' lang='lat' dir='ltr'><strong>chardus</strong></span> <span class='ocrx_word' id='word_1_521' title='bbox 2340 3729 2414 3787; x_wconf 90' lang='lat' dir='ltr'><strong>de</strong></span> <span class='ocrx_word' id='word_1_522' title='bbox 2443 3730 2616 3788; x_wconf 90' lang='lat' dir='ltr'><strong>Sanci</strong></span> <span class='ocrx_word' id='word_1_523' title='bbox 2648 3733 2805 3785; x_wconf 90' lang='lat' dir='ltr'><strong>tenet</strong></span> <span class='ocrx_word' id='word_1_524' title='bbox 2833 3727 2896 3784; x_wconf 92' lang='lat' dir='ltr'><strong>in</strong></span> <span class='ocrx_word' id='word_1_525' title='bbox 2936 3727 3115 3785; x_wconf 83' lang='lat' dir='ltr'><strong>feudo</strong></span> <span class='ocrx_word' id='word_1_526' title='bbox 3144 3742 3181 3784; x_wconf 91' lang='lat' dir='ltr'><strong>a</strong></span> <span class='ocrx_word' id='word_1_527' title='bbox 3209 3729 3408 3783; x_wconf 83' lang='lat' dir='ltr'><strong>vestra</strong></span> <span class='ocrx_word' id='word_1_528' title='bbox 3437 3724 3707 3790; x_wconf 83' lang='lat' dir='ltr'><strong>ecclesia,</strong></span> 
     </span>
     <span class='ocr_line' id='line_1_76' title="bbox 2053 3813 3710 3894; baseline -0.005 -15"><span class='ocrx_word' id='word_1_529' title='bbox 2053 3822 2117 3879; x_wconf 89' lang='lat' dir='ltr'><strong>in</strong></span> <span class='ocrx_word' id='word_1_530' title='bbox 2132 3821 2471 3894; x_wconf 88' lang='lat' dir='ltr'><strong>episcopatu</strong></span> <span class='ocrx_word' id='word_1_531' title='bbox 2488 3818 2829 3886; x_wconf 86' lang='lat' dir='ltr'><strong>Parisiensi;</strong></span> <span class='ocrx_word' id='word_1_532' title='bbox 2850 3817 3147 3874; x_wconf 89' lang='lat' dir='ltr'><strong>decimam</strong></span> <span class='ocrx_word' id='word_1_533' title='bbox 3161 3815 3232 3872; x_wconf 91' lang='lat' dir='ltr'><strong>de</strong></span> <span class='ocrx_word' id='word_1_534' title='bbox 3243 3814 3462 3873; x_wconf 74' lang='lat' dir='ltr'><strong>Alneto</strong></span> <span class='ocrx_word' id='word_1_535' title='bbox 3481 3817 3543 3872; x_wconf 90' lang='lat' dir='ltr'><strong>et</strong></span> <span class='ocrx_word' id='word_1_536' title='bbox 3565 3813 3710 3871; x_wconf 84' lang='lat' dir='ltr'><strong>deci·</strong></span> 
     </span>
     <span class='ocr_line' id='line_1_77' title="bbox 2055 3902 3704 3981; baseline -0.005 -14"><span class='ocrx_word' id='word_1_537' title='bbox 2055 3926 2222 3967; x_wconf 91' lang='lat' dir='ltr'><strong>mam</strong></span> <span class='ocrx_word' id='word_1_538' title='bbox 2250 3909 2327 3966; x_wconf 91' lang='lat' dir='ltr'><strong>de</strong></span> <span class='ocrx_word' id='word_1_539' title='bbox 2349 3908 2683 3974; x_wconf 88' lang='lat' dir='ltr'><strong>Dimiacho,</strong></span> <span class='ocrx_word' id='word_1_540' title='bbox 2713 3923 2868 3981; x_wconf 89' lang='lat' dir='ltr'><strong>quas</strong></span> <span class='ocrx_word' id='word_1_541' title='bbox 2897 3906 2971 3964; x_wconf 89' lang='lat' dir='ltr'><strong>de</strong></span> <span class='ocrx_word' id='word_1_542' title='bbox 2992 3905 3383 3963; x_wconf 87' lang='lat' dir='ltr'><strong>concessione</strong></span> <span class='ocrx_word' id='word_1_543' title='bbox 3427 3902 3704 3968; x_wconf 61' lang='lat' dir='ltr'><strong>lauricii,</strong></span> 
     </span>
     <span class='ocr_line' id='line_1_78' title="bbox 2054 3993 3709 4070; baseline -0.005 -13"><span class='ocrx_word' id='word_1_544' title='bbox 2054 3997 2405 4057; x_wconf 85' lang='lat' dir='ltr'><strong>Parisiensis</strong></span> <span class='ocrx_word' id='word_1_545' title='bbox 2424 3997 2710 4070; x_wconf 88' lang='lat' dir='ltr'><strong>episcopi,</strong></span> <span class='ocrx_word' id='word_1_546' title='bbox 2737 3995 3055 4069; x_wconf 85' lang='lat' dir='ltr'><strong>possidetis</strong></span> <span class='ocrx_word' id='word_1_547' title='bbox 3082 4010 3156 4051; x_wconf 83' lang='lat' dir='ltr'><strong>ex</strong></span> <span class='ocrx_word' id='word_1_548' title='bbox 3185 3993 3351 4051; x_wconf 93' lang='lat' dir='ltr'><strong>dono</strong></span> <span class='ocrx_word' id='word_1_549' title='bbox 3397 3993 3576 4058; x_wconf 84' lang='lat' dir='ltr'><strong>Petri,</strong></span> <span class='ocrx_word' id='word_1_550' title='bbox 3621 4007 3709 4049; x_wconf 89' lang='lat' dir='ltr'><strong>ca-</strong></span> 
     </span>
     <span class='ocr_line' id='line_1_79' title="bbox 2052 4082 3706 4158; baseline -0.007 -10"><span class='ocrx_word' id='word_1_551' title='bbox 2052 4088 2254 4147; x_wconf 88' lang='lat' dir='ltr'><strong>nonici</strong></span> <span class='ocrx_word' id='word_1_552' title='bbox 2283 4087 2555 4145; x_wconf 80' lang='lat' dir='ltr'><strong>Ecclesiae</strong></span> <span class='ocrx_word' id='word_1_553' title='bbox 2585 4091 2799 4145; x_wconf 77' lang='lat' dir='ltr'><strong>vestrae</strong></span> <span class='ocrx_word' id='word_1_554' title='bbox 2832 4104 2847 4150; x_wconf 71' lang='grc' dir='ltr'>ς</span> <span class='ocrx_word' id='word_1_555' title='bbox 2880 4085 3147 4158; x_wconf 88' lang='lat' dir='ltr'><strong>quinque</strong></span> <span class='ocrx_word' id='word_1_556' title='bbox 3173 4082 3404 4140; x_wconf 88' lang='lat' dir='ltr'><strong>solidos</strong></span> <span class='ocrx_word' id='word_1_557' title='bbox 3431 4084 3508 4139; x_wconf 89' lang='lat' dir='ltr'><strong>de</strong></span> <span class='ocrx_word' id='word_1_558' title='bbox 3525 4096 3706 4139; x_wconf 87' lang='lat' dir='ltr'><strong>censu</strong></span> 
     </span>
     <span class='ocr_line' id='line_1_80' title="bbox 2053 4169 3705 4251; baseline -0.006 -14"><span class='ocrx_word' id='word_1_559' title='bbox 2053 4178 2217 4251; x_wconf 86' lang='lat' dir='ltr'><strong>apud</strong></span> <span class='ocrx_word' id='word_1_560' title='bbox 2227 4175 2659 4248; x_wconf 77' lang='lat' dir='ltr'><strong>Argentolium.</strong></span> <span class='ocrx_word' id='word_1_561' title='bbox 2675 4176 3039 4232; x_wconf 89' lang='lat' dir='ltr'><strong>etdecimam</strong></span> <span class='ocrx_word' id='word_1_562' title='bbox 3057 4173 3176 4230; x_wconf 83' lang='lat' dir='ltr'><strong>vini</strong></span> <span class='ocrx_word' id='word_1_563' title='bbox 3197 4188 3336 4245; x_wconf 64' lang='lat' dir='ltr'><strong>quaa</strong></span> <span class='ocrx_word' id='word_1_564' title='bbox 3363 4173 3622 4244; x_wconf 87' lang='lat' dir='ltr'><strong>pertinet</strong></span> <span class='ocrx_word' id='word_1_565' title='bbox 3635 4169 3705 4228; x_wconf 89' lang='lat' dir='ltr'><strong>ad</strong></span> 
     </span>
     <span class='ocr_line' id='line_1_81' title="bbox 2049 4259 3704 4340; baseline -0.005 -17"><span class='ocrx_word' id='word_1_566' title='bbox 2049 4268 2255 4340; x_wconf 89' lang='lat' dir='ltr'><strong>ipsum</strong></span> <span class='ocrx_word' id='word_1_567' title='bbox 2282 4282 2531 4323; x_wconf 91' lang='lat' dir='ltr'><strong>censum</strong></span> <span class='ocrx_word' id='word_1_568' title='bbox 2563 4281 2577 4333; x_wconf 92' lang='grc'><strong>;</strong></span> <span class='ocrx_word' id='word_1_569' title='bbox 2605 4270 2716 4322; x_wconf 85' lang='lat' dir='ltr'><strong>tres</strong></span> <span class='ocrx_word' id='word_1_570' title='bbox 2744 4262 2969 4320; x_wconf 88' lang='lat' dir='ltr'><strong>solidos</strong></span> <span class='ocrx_word' id='word_1_571' title='bbox 3005 4268 3066 4320; x_wconf 87' lang='lat' dir='ltr'><strong>et</strong></span> <span class='ocrx_word' id='word_1_572' title='bbox 3088 4267 3351 4334; x_wconf 88' lang='lat' dir='ltr'><strong>quatuor</strong></span> <span class='ocrx_word' id='word_1_573' title='bbox 3403 4259 3704 4323; x_wconf 82' lang='lat' dir='ltr'><strong>denarios,</strong></span> 
     </span>
    </p>
   </div>
   <div class='ocr_carea' id='block_1_12' title="bbox 2043 4348 3705 4429">
    <p class='ocr_par' dir='ltr' id='par_1_19' title="bbox 2043 4348 3705 4429">
     <span class='ocr_line' id='line_1_82' title="bbox 2043 4348 3705 4429; baseline -0.006 -15"><span class='ocrx_word' id='word_1_574' title='bbox 2043 4356 2219 4429; x_wconf 85' lang='lat' dir='ltr'><strong>juxta</strong></span> <span class='ocrx_word' id='word_1_575' title='bbox 2245 4356 2505 4426; x_wconf 89' lang='lat' dir='ltr'><strong>burgum</strong></span> <span class='ocrx_word' id='word_1_576' title='bbox 2533 4353 2732 4412; x_wconf 89' lang='lat' dir='ltr'><strong>Sancti</strong></span> <span class='ocrx_word' id='word_1_577' title='bbox 2764 4351 3030 4426; x_wconf 83' lang='lat' dir='ltr'><strong>Dionysii</strong></span> <span class='ocrx_word' id='word_1_578' title='bbox 3053 4368 3074 4424; x_wconf 79' lang='lat'>3</span> <span class='ocrx_word' id='word_1_579' title='bbox 3104 4355 3325 4408; x_wconf 88' lang='lat' dir='ltr'><strong>terram</strong></span> <span class='ocrx_word' id='word_1_580' title='bbox 3375 4348 3456 4406; x_wconf 87' lang='lat' dir='ltr'><strong>dc</strong></span> <span class='ocrx_word' id='word_1_581' title='bbox 3484 4350 3705 4408; x_wconf 61' lang='lat' dir='ltr'><strong>liliaco</strong></span> 
     </span>
    </p>
   </div>
   <div class='ocr_carea' id='block_1_13' title="bbox 363 4405 3703 4516">
    <p class='ocr_par' dir='ltr' id='par_1_20' title="bbox 363 4405 3703 4516">
     <span class='ocr_line' id='line_1_83' title="bbox 363 4405 3703 4516; baseline -0.001 -17"><span class='ocrx_word' id='word_1_582' title='bbox 363 4429 487 4503; x_wconf 87' lang='lat' dir='ltr'><strong>Ego</strong></span> <span class='ocrx_word' id='word_1_583' title='bbox 532 4431 821 4489; x_wconf 65' lang='lat' dir='ltr'><strong>nasserius</strong></span> <span class='ocrx_word' id='word_1_584' title='bbox 851 4431 1162 4506; x_wconf 64' lang='lat' dir='ltr'><strong>pressbytflr</strong></span> <span class='ocrx_word' id='word_1_585' title='bbox 1206 4432 1527 4491; x_wconf 61' lang='lat' dir='ltr'><strong>cardinalis</strong></span> <span class='ocrx_word' id='word_1_586' title='bbox 1582 4436 1937 4495; x_wconf 67' lang='lat' dir='ltr'><strong>Sanctorum</strong></span> <span class='ocrx_word' id='word_1_587' title='bbox 1968 4405 2015 4464; x_wconf 81' lang='lat' dir='ltr'>D</span> <span class='ocrx_word' id='word_1_588' title='bbox 2046 4445 2357 4512; x_wconf 86' lang='lat' dir='ltr'><strong>arabilem,</strong></span> <span class='ocrx_word' id='word_1_589' title='bbox 2409 4445 2632 4510; x_wconf 86' lang='lat' dir='ltr'><strong>vineas,</strong></span> <span class='ocrx_word' id='word_1_590' title='bbox 2662 4448 2857 4516; x_wconf 86' lang='lat' dir='ltr'><strong>prata,</strong></span> <span class='ocrx_word' id='word_1_591' title='bbox 2887 4442 3162 4508; x_wconf 88' lang='lat' dir='ltr'><strong>domum,</strong></span> <span class='ocrx_word' id='word_1_592' title='bbox 3196 4438 3624 4497; x_wconf 84' lang='lat' dir='ltr'><strong>molendinum</strong></span> <span class='ocrx_word' id='word_1_593' title='bbox 3650 4438 3703 4495; x_wconf 88' lang='lat' dir='ltr'><strong>in</strong></span> 
     </span>
    </p>
   </div>
   <div class='ocr_carea' id='block_1_14' title="bbox 288 4520 1944 4939">
    <p class='ocr_par' dir='ltr' id='par_1_21' title="bbox 289 4520 1437 4580">
     <span class='ocr_line' id='line_1_84' title="bbox 289 4520 1437 4580; baseline -0.001 -2"><span class='ocrx_word' id='word_1_594' title='bbox 289 4520 543 4579; x_wconf 67' lang='lat' dir='ltr'><strong>loannis</strong></span> <span class='ocrx_word' id='word_1_595' title='bbox 574 4523 632 4579; x_wconf 91' lang='lat' dir='ltr'><strong>et</strong></span> <span class='ocrx_word' id='word_1_596' title='bbox 660 4520 829 4580; x_wconf 88' lang='lat' dir='ltr'><strong>Pauli</strong></span> <span class='ocrx_word' id='word_1_597' title='bbox 872 4520 1020 4578; x_wconf 88' lang='lat' dir='ltr'><strong>tituli</strong></span> <span class='ocrx_word' id='word_1_598' title='bbox 1049 4522 1437 4580; x_wconf 88' lang='lat' dir='ltr'><strong>pammachii.</strong></span> 
     </span>
    </p>

    <p class='ocr_par' dir='ltr' id='par_1_22' title="bbox 291 4610 1940 4758">
     <span class='ocr_line' id='line_1_85' title="bbox 365 4610 1940 4686; baseline 0.004 -19"><span class='ocrx_word' id='word_1_599' title='bbox 365 4612 486 4685; x_wconf 80' lang='lat' dir='ltr'><strong>Ego</strong></span> <span class='ocrx_word' id='word_1_600' title='bbox 515 4610 809 4668; x_wconf 79' lang='lat' dir='ltr'><strong>Hubertus</strong></span> <span class='ocrx_word' id='word_1_601' title='bbox 849 4610 1163 4686; x_wconf 86' lang='lat' dir='ltr'><strong>presbyter</strong></span> <span class='ocrx_word' id='word_1_602' title='bbox 1211 4611 1532 4671; x_wconf 88' lang='lat' dir='ltr'><strong>cardinalis</strong></span> <span class='ocrx_word' id='word_1_603' title='bbox 1560 4613 1714 4671; x_wconf 87' lang='lat' dir='ltr'><strong>tituli</strong></span> <span class='ocrx_word' id='word_1_604' title='bbox 1741 4615 1940 4673; x_wconf 90' lang='lat' dir='ltr'><strong>Sancti</strong></span> 
     </span>
     <span class='ocr_line' id='line_1_86' title="bbox 291 4698 1018 4758; baseline 0.001 -1"><span class='ocrx_word' id='word_1_605' title='bbox 291 4698 589 4757; x_wconf 86' lang='lat' dir='ltr'><strong>Laurentii</strong></span> <span class='ocrx_word' id='word_1_606' title='bbox 643 4699 704 4757; x_wconf 88' lang='lat' dir='ltr'><strong>in</strong></span> <span class='ocrx_word' id='word_1_607' title='bbox 741 4703 1018 4758; x_wconf 89' lang='lat' dir='ltr'><strong>Damaso.</strong></span> 
     </span>
    </p>

    <p class='ocr_par' dir='ltr' id='par_1_23' title="bbox 288 4790 1944 4939">
     <span class='ocr_line' id='line_1_87' title="bbox 363 4790 1944 4863; baseline 0.004 -17"><span class='ocrx_word' id='word_1_608' title='bbox 363 4791 485 4863; x_wconf 83' lang='lat' dir='ltr'><strong>Ego</strong></span> <span class='ocrx_word' id='word_1_609' title='bbox 510 4790 876 4863; x_wconf 81' lang='lat' dir='ltr'><strong>Hyacinthus</strong></span> <span class='ocrx_word' id='word_1_610' title='bbox 904 4790 1197 4851; x_wconf 87' lang='lat' dir='ltr'><strong>diaconus</strong></span> <span class='ocrx_word' id='word_1_611' title='bbox 1226 4791 1544 4851; x_wconf 86' lang='lat' dir='ltr'><strong>cardinalis</strong></span> <span class='ocrx_word' id='word_1_612' title='bbox 1572 4793 1802 4851; x_wconf 80' lang='lat' dir='ltr'><strong>Sanctae</strong></span> <span class='ocrx_word' id='word_1_613' title='bbox 1834 4797 1944 4853; x_wconf 74' lang='lat' dir='ltr'><strong>Ma-</strong></span> 
     </span>
     <span class='ocr_line' id='line_1_88' title="bbox 288 4877 845 4939; baseline -0.009 -1"><span class='ocrx_word' id='word_1_614' title='bbox 288 4878 390 4938; x_wconf 80' lang='lat' dir='ltr'><strong>riae</strong></span> <span class='ocrx_word' id='word_1_615' title='bbox 417 4877 476 4935; x_wconf 92' lang='lat' dir='ltr'><strong>in</strong></span> <span class='ocrx_word' id='word_1_616' title='bbox 509 4879 845 4939; x_wconf 83' lang='lat' dir='ltr'><strong>cosmedin.</strong></span> 
     </span>
    </p>
   </div>
   <div class='ocr_carea' id='block_1_15' title="bbox 291 4967 1945 5116">
    <p class='ocr_par' dir='ltr' id='par_1_24' title="bbox 291 4967 1945 5116">
     <span class='ocr_line' id='line_1_89' title="bbox 364 4967 1945 5041; baseline 0.004 -16"><span class='ocrx_word' id='word_1_617' title='bbox 364 4968 486 5041; x_wconf 83' lang='lat' dir='ltr'><strong>Ego</strong></span> <span class='ocrx_word' id='word_1_618' title='bbox 515 4967 832 5029; x_wconf 89' lang='lat' dir='ltr'><strong>Gratianus</strong></span> <span class='ocrx_word' id='word_1_619' title='bbox 888 4973 1244 5031; x_wconf 86' lang='lat' dir='ltr'><strong>Sanctorum</strong></span> <span class='ocrx_word' id='word_1_620' title='bbox 1301 4973 1528 5031; x_wconf 76' lang='lat' dir='ltr'><strong>Cosmoe</strong></span> <span class='ocrx_word' id='word_1_621' title='bbox 1565 4978 1625 5030; x_wconf 90' lang='lat' dir='ltr'><strong>et</strong></span> <span class='ocrx_word' id='word_1_622' title='bbox 1669 4974 1945 5033; x_wconf 89' lang='lat' dir='ltr'><strong>Damiani</strong></span> 
     </span>
     <span class='ocr_line' id='line_1_90' title="bbox 291 5057 609 5116; baseline -0.006 -1"><span class='ocrx_word' id='word_1_623' title='bbox 291 5057 609 5116; x_wconf 87' lang='lat' dir='ltr'><strong>diaconus.</strong></span> 
     </span>
    </p>
   </div>
   <div class='ocr_carea' id='block_1_16' title="bbox 260 5148 1944 5495">
    <p class='ocr_par' dir='ltr' id='par_1_25' title="bbox 260 5148 1944 5495">
     <span class='ocr_line' id='line_1_91' title="bbox 367 5148 1835 5223; baseline 0.005 -19"><span class='ocrx_word' id='word_1_624' title='bbox 367 5149 490 5220; x_wconf 79' lang='lat' dir='ltr'><strong>Ego</strong></span> <span class='ocrx_word' id='word_1_625' title='bbox 509 5148 672 5206; x_wconf 88' lang='lat' dir='ltr'><strong>Bobo</strong></span> <span class='ocrx_word' id='word_1_626' title='bbox 702 5150 901 5208; x_wconf 88' lang='lat' dir='ltr'><strong>Sancti</strong></span> <span class='ocrx_word' id='word_1_627' title='bbox 928 5152 1132 5223; x_wconf 79' lang='lat' dir='ltr'><strong>Angeli</strong></span> <span class='ocrx_word' id='word_1_628' title='bbox 1162 5151 1458 5210; x_wconf 82' lang='lat' dir='ltr'><strong>diaconus</strong></span> <span class='ocrx_word' id='word_1_629' title='bbox 1489 5152 1835 5211; x_wconf 83' lang='lat' dir='ltr'><strong>cardinalis.</strong></span> 
     </span>
     <span class='ocr_line' id='line_1_92' title="bbox 365 5237 1937 5310; baseline 0.003 -15"><span class='ocrx_word' id='word_1_630' title='bbox 365 5239 487 5310; x_wconf 84' lang='lat' dir='ltr'><strong>Ego</strong></span> <span class='ocrx_word' id='word_1_631' title='bbox 497 5237 801 5297; x_wconf 84' lang='lat' dir='ltr'><strong>Gerardus</strong></span> <span class='ocrx_word' id='word_1_632' title='bbox 812 5240 1104 5299; x_wconf 89' lang='lat' dir='ltr'><strong>diaconus</strong></span> <span class='ocrx_word' id='word_1_633' title='bbox 1115 5241 1439 5300; x_wconf 90' lang='lat' dir='ltr'><strong>cardinalis</strong></span> <span class='ocrx_word' id='word_1_634' title='bbox 1465 5243 1660 5300; x_wconf 89' lang='lat' dir='ltr'><strong>Sancti</strong></span> <span class='ocrx_word' id='word_1_635' title='bbox 1673 5242 1937 5301; x_wconf 78' lang='lat' dir='ltr'><strong>Adriani.</strong></span> 
     </span>
     <span class='ocr_line' id='line_1_93' title="bbox 260 5328 1944 5399; baseline 0.004 -16"><span class='ocrx_word' id='word_1_636' title='bbox 260 5367 277 5377; x_wconf 90' lang='lat'><em>-</em></span> <span class='ocrx_word' id='word_1_637' title='bbox 371 5329 494 5399; x_wconf 85' lang='lat' dir='ltr'><strong>Ego</strong></span> <span class='ocrx_word' id='word_1_638' title='bbox 524 5328 880 5387; x_wconf 84' lang='lat' dir='ltr'><strong>Octavianus</strong></span> <span class='ocrx_word' id='word_1_639' title='bbox 908 5330 1205 5390; x_wconf 90' lang='lat' dir='ltr'><strong>diaconus</strong></span> <span class='ocrx_word' id='word_1_640' title='bbox 1233 5330 1556 5389; x_wconf 88' lang='lat' dir='ltr'><strong>cardinalis</strong></span> <span class='ocrx_word' id='word_1_641' title='bbox 1586 5334 1944 5390; x_wconf 89' lang='lat' dir='ltr'><strong>Sanctorum</strong></span> 
     </span>
     <span class='ocr_line' id='line_1_94' title="bbox 260 5424 840 5495; baseline 0.01 -15"><span class='ocrx_word' id='word_1_642' title='bbox 260 5457 275 5466; x_wconf 89' lang='lat'>-</span> <span class='ocrx_word' id='word_1_643' title='bbox 302 5424 484 5495; x_wconf 89' lang='lat' dir='ltr'><strong>Sergii</strong></span> <span class='ocrx_word' id='word_1_644' title='bbox 515 5432 572 5484; x_wconf 93' lang='lat' dir='ltr'><strong>et</strong></span> <span class='ocrx_word' id='word_1_645' title='bbox 608 5429 840 5486; x_wconf 89' lang='lat' dir='ltr'><strong>Bacchi.</strong></span> 
     </span>
    </p>
   </div>
   <div class='ocr_carea' id='block_1_17' title="bbox 373 5513 1870 5589">
    <p class='ocr_par' dir='ltr' id='par_1_26' title="bbox 373 5513 1870 5589">
     <span class='ocr_line' id='line_1_95' title="bbox 373 5513 1870 5589; baseline 0.008 -19"><span class='ocrx_word' id='word_1_646' title='bbox 373 5513 495 5589; x_wconf 83' lang='lat' dir='ltr'><strong>Ego</strong></span> <span class='ocrx_word' id='word_1_647' title='bbox 522 5516 774 5576; x_wconf 79' lang='lat' dir='ltr'><strong>Albinus</strong></span> <span class='ocrx_word' id='word_1_648' title='bbox 802 5519 956 5580; x_wconf 91' lang='lat' dir='ltr'><strong>diac.</strong></span> <span class='ocrx_word' id='word_1_649' title='bbox 989 5518 1157 5580; x_wconf 86' lang='lat' dir='ltr'><strong>card.</strong></span> <span class='ocrx_word' id='word_1_650' title='bbox 1186 5519 1419 5580; x_wconf 78' lang='lat' dir='ltr'><strong>Sanctae</strong></span> <span class='ocrx_word' id='word_1_651' title='bbox 1456 5519 1651 5581; x_wconf 75' lang='lat' dir='ltr'><strong>Mariae</strong></span> <span class='ocrx_word' id='word_1_652' title='bbox 1674 5522 1870 5582; x_wconf 70' lang='lat' dir='ltr'><strong>Novis.</strong></span> 
     </span>
    </p>
   </div>
   <div class='ocr_carea' id='block_1_18' title="bbox 2049 4527 3708 5500">
    <p class='ocr_par' dir='ltr' id='par_1_27' title="bbox 2049 4527 3707 5314">
     <span class='ocr_line' id='line_1_96' title="bbox 2049 4527 3700 4608; baseline -0.005 -15"><span class='ocrx_word' id='word_1_653' title='bbox 2049 4535 2308 4608; x_wconf 65' lang='lat' dir='ltr'><strong>mibreyo</strong></span> <span class='ocrx_word' id='word_1_654' title='bbox 2325 4535 2530 4600; x_wconf 87' lang='lat' dir='ltr'><strong>situm.</strong></span> <span class='ocrx_word' id='word_1_655' title='bbox 2544 4534 2710 4606; x_wconf 89' lang='lat' dir='ltr'><strong>quod</strong></span> <span class='ocrx_word' id='word_1_656' title='bbox 2735 4532 2952 4588; x_wconf 87' lang='lat' dir='ltr'><strong>dicitur</strong></span> <span class='ocrx_word' id='word_1_657' title='bbox 2967 4532 3257 4598; x_wconf 85' lang='lat' dir='ltr'><strong>Quartum</strong></span> <span class='ocrx_word' id='word_1_658' title='bbox 3275 4527 3700 4592; x_wconf 63' lang='lat' dir='ltr'><strong>Nolendinum,</strong></span> 
     </span>
     <span class='ocr_line' id='line_1_97' title="bbox 2051 4618 3702 4700; baseline -0.005 -17"><span class='ocrx_word' id='word_1_659' title='bbox 2051 4628 2145 4700; x_wconf 85' lang='lat' dir='ltr'><strong>cuj</strong></span> <span class='ocrx_word' id='word_1_660' title='bbox 2158 4643 2225 4682; x_wconf 89' lang='lat' dir='ltr'><strong>us</strong></span> <span class='ocrx_word' id='word_1_661' title='bbox 2237 4624 2612 4682; x_wconf 89' lang='lat' dir='ltr'><strong>medietatem</strong></span> <span class='ocrx_word' id='word_1_662' title='bbox 2629 4623 2771 4680; x_wconf 91' lang='lat' dir='ltr'><strong>emit</strong></span> <span class='ocrx_word' id='word_1_663' title='bbox 2787 4622 2992 4693; x_wconf 82' lang='lat' dir='ltr'><strong>viginti</strong></span> <span class='ocrx_word' id='word_1_664' title='bbox 3010 4621 3191 4678; x_wconf 87' lang='lat' dir='ltr'><strong>libras</strong></span> <span class='ocrx_word' id='word_1_665' title='bbox 3206 4618 3567 4677; x_wconf 74' lang='lat' dir='ltr'><strong>parisiensis</strong></span> <span class='ocrx_word' id='word_1_666' title='bbox 3589 4634 3702 4676; x_wconf 91' lang='lat' dir='ltr'><strong>mo·</strong></span> 
     </span>
     <span class='ocr_line' id='line_1_98' title="bbox 2053 4708 3699 4787; baseline -0.007 -11"><span class='ocrx_word' id='word_1_667' title='bbox 2053 4723 2227 4783; x_wconf 79' lang='lat' dir='ltr'><strong>netae,</strong></span> <span class='ocrx_word' id='word_1_668' title='bbox 2241 4715 2519 4787; x_wconf 88' lang='lat' dir='ltr'><strong>reliquam</strong></span> <span class='ocrx_word' id='word_1_669' title='bbox 2534 4729 2671 4770; x_wconf 83' lang='lat' dir='ltr'><strong>vero</strong></span> <span class='ocrx_word' id='word_1_670' title='bbox 2682 4716 2900 4786; x_wconf 88' lang='lat' dir='ltr'><strong>partem</strong></span> <span class='ocrx_word' id='word_1_671' title='bbox 2920 4710 3064 4768; x_wconf 90' lang='lat' dir='ltr'><strong>emit</strong></span> <span class='ocrx_word' id='word_1_672' title='bbox 3089 4708 3606 4767; x_wconf 84' lang='lat' dir='ltr'><strong>sexdecimlibras:</strong></span> <span class='ocrx_word' id='word_1_673' title='bbox 3639 4723 3699 4764; x_wconf 83' lang='lat' dir='ltr'><strong>ex</strong></span> 
     </span>
     <span class='ocr_line' id='line_1_99' title="bbox 2054 4798 3702 4868; baseline -0.007 -2"><span class='ocrx_word' id='word_1_674' title='bbox 2054 4808 2239 4866; x_wconf 90' lang='lat' dir='ltr'><strong>domo</strong></span> <span class='ocrx_word' id='word_1_675' title='bbox 2271 4803 2633 4862; x_wconf 85' lang='lat' dir='ltr'><strong>Barbedauri</strong></span> <span class='ocrx_word' id='word_1_676' title='bbox 2658 4802 2870 4860; x_wconf 91' lang='lat' dir='ltr'><strong>decani</strong></span> <span class='ocrx_word' id='word_1_677' title='bbox 2900 4803 3091 4858; x_wconf 78' lang='lat' dir='ltr'><strong>Beatoe</strong></span> <span class='ocrx_word' id='word_1_678' title='bbox 3119 4799 3313 4856; x_wconf 72' lang='lat' dir='ltr'><strong>Marioe</strong></span> <span class='ocrx_word' id='word_1_679' title='bbox 3335 4798 3702 4868; x_wconf 81' lang='lat' dir='ltr'><strong>parisiensis,</strong></span> 
     </span>
     <span class='ocr_line' id='line_1_100' title="bbox 2053 4887 3704 4969; baseline -0.005 -15"><span class='ocrx_word' id='word_1_680' title='bbox 2053 4899 2264 4955; x_wconf 81' lang='lat' dir='ltr'><strong>vineas</strong></span> <span class='ocrx_word' id='word_1_681' title='bbox 2276 4896 2427 4969; x_wconf 91' lang='lat' dir='ltr'><strong>apud</strong></span> <span class='ocrx_word' id='word_1_682' title='bbox 2441 4897 2684 4952; x_wconf 75' lang='lat' dir='ltr'><strong>Montem</strong></span> <span class='ocrx_word' id='word_1_683' title='bbox 2699 4892 3039 4956; x_wconf 86' lang='lat' dir='ltr'><strong>camacum,</strong></span> <span class='ocrx_word' id='word_1_684' title='bbox 3062 4888 3135 4946; x_wconf 89' lang='lat' dir='ltr'><strong>ad</strong></span> <span class='ocrx_word' id='word_1_685' title='bbox 3146 4887 3438 4944; x_wconf 87' lang='lat' dir='ltr'><strong>luminare</strong></span> <span class='ocrx_word' id='word_1_686' title='bbox 3449 4888 3704 4945; x_wconf 70' lang='lat' dir='ltr'><strong>ecclesio</strong></span> 
     </span>
     <span class='ocr_line' id='line_1_101' title="bbox 2054 4977 3707 5052; baseline -0.007 -8"><span class='ocrx_word' id='word_1_687' title='bbox 2054 4992 2261 5044; x_wconf 73' lang='lat' dir='ltr'><strong>vestrae</strong></span> <span class='ocrx_word' id='word_1_688' title='bbox 2303 5001 2317 5052; x_wconf 91' lang='lat'>;</span> <span class='ocrx_word' id='word_1_689' title='bbox 2348 4989 2408 5041; x_wconf 90' lang='lat' dir='ltr'><strong>et</strong></span> <span class='ocrx_word' id='word_1_690' title='bbox 2431 4999 2502 5040; x_wconf 83' lang='lat' dir='ltr'><strong>ex</strong></span> <span class='ocrx_word' id='word_1_691' title='bbox 2531 4982 2695 5038; x_wconf 90' lang='lat' dir='ltr'><strong>dono</strong></span> <span class='ocrx_word' id='word_1_692' title='bbox 2725 4978 3023 5037; x_wconf 87' lang='lat' dir='ltr'><strong>Richeldis</strong></span> <span class='ocrx_word' id='word_1_693' title='bbox 3063 4978 3288 5035; x_wconf 89' lang='lat' dir='ltr'><strong>sororis</strong></span> <span class='ocrx_word' id='word_1_694' title='bbox 3339 4978 3610 5036; x_wconf 84' lang='lat' dir='ltr'><strong>Simonis</strong></span> <span class='ocrx_word' id='word_1_695' title='bbox 3639 4977 3707 5034; x_wconf 86' lang='lat' dir='ltr'><strong>de</strong></span> 
     </span>
     <span class='ocr_line' id='line_1_102' title="bbox 2054 5066 3706 5145; baseline -0.008 -9"><span class='ocrx_word' id='word_1_696' title='bbox 2054 5078 2272 5136; x_wconf 87' lang='lat' dir='ltr'><strong>Sancto</strong></span> <span class='ocrx_word' id='word_1_697' title='bbox 2280 5071 2582 5145; x_wconf 88' lang='lat' dir='ltr'><strong>Dionysio,</strong></span> <span class='ocrx_word' id='word_1_698' title='bbox 2599 5087 2658 5128; x_wconf 81' lang='lat' dir='ltr'><strong>iv</strong></span> <span class='ocrx_word' id='word_1_699' title='bbox 2671 5070 2895 5126; x_wconf 88' lang='lat' dir='ltr'><strong>solidos</strong></span> <span class='ocrx_word' id='word_1_700' title='bbox 2909 5066 3219 5125; x_wconf 85' lang='lat' dir='ltr'><strong>censuales</strong></span> <span class='ocrx_word' id='word_1_701' title='bbox 3240 5068 3410 5139; x_wconf 89' lang='lat' dir='ltr'><strong>apud</strong></span> <span class='ocrx_word' id='word_1_702' title='bbox 3423 5069 3706 5124; x_wconf 88' lang='lat' dir='ltr'><strong>Sanctum</strong></span> 
     </span>
     <span class='ocr_line' id='line_1_103' title="bbox 2050 5155 3707 5231; baseline -0.007 -8"><span class='ocrx_word' id='word_1_703' title='bbox 2050 5164 2426 5225; x_wconf 67' lang='lat' dir='ltr'><strong>medericum.</strong></span> <span class='ocrx_word' id='word_1_704' title='bbox 2452 5159 2831 5218; x_wconf 87' lang='lat' dir='ltr'><strong>Decrevimus</strong></span> <span class='ocrx_word' id='word_1_705' title='bbox 2844 5173 2985 5231; x_wconf 89' lang='lat' dir='ltr'><strong>ergo</strong></span> <span class='ocrx_word' id='word_1_706' title='bbox 3006 5161 3071 5213; x_wconf 88' lang='grc' dir='ltr'><strong>ιιι</strong></span> <span class='ocrx_word' id='word_1_707' title='bbox 3089 5155 3507 5215; x_wconf 87' lang='lat' dir='ltr'><strong>nulliomnino</strong></span> <span class='ocrx_word' id='word_1_708' title='bbox 3517 5155 3707 5215; x_wconf 85' lang='lat' dir='ltr'><strong>homi-</strong></span> 
     </span>
     <span class='ocr_line' id='line_1_104' title="bbox 2052 5252 2626 5314; baseline -0.014 -2"><span class='ocrx_word' id='word_1_709' title='bbox 2052 5270 2198 5312; x_wconf 89' lang='lat' dir='ltr'><strong>num</strong></span> <span class='ocrx_word' id='word_1_710' title='bbox 2229 5253 2320 5310; x_wconf 85' lang='lat' dir='ltr'><strong>fas</strong></span> <span class='ocrx_word' id='word_1_711' title='bbox 2351 5252 2444 5314; x_wconf 84' lang='lat' dir='ltr'><strong>sit.</strong></span> <span class='ocrx_word' id='word_1_712' title='bbox 2468 5254 2626 5306; x_wconf 90' lang='lat' dir='ltr'><strong>etc...</strong></span> 
     </span>
    </p>

    <p class='ocr_par' dir='ltr' id='par_1_28' title="bbox 2056 5333 3708 5500">
     <span class='ocr_line' id='line_1_105' title="bbox 2123 5333 3708 5410; baseline -0.004 -11"><span class='ocrx_word' id='word_1_713' title='bbox 2123 5343 2340 5399; x_wconf 88' lang='lat' dir='ltr'><strong>Datum</strong></span> <span class='ocrx_word' id='word_1_714' title='bbox 2366 5339 2614 5399; x_wconf 86' lang='lat' dir='ltr'><strong>velletri.</strong></span> <span class='ocrx_word' id='word_1_715' title='bbox 2668 5353 2775 5410; x_wconf 87' lang='lat' dir='ltr'><strong>per</strong></span> <span class='ocrx_word' id='word_1_716' title='bbox 2801 5350 3053 5393; x_wconf 89' lang='lat' dir='ltr'><strong>manum</strong></span> <span class='ocrx_word' id='word_1_717' title='bbox 3092 5333 3312 5392; x_wconf 79' lang='lat' dir='ltr'><strong>Alberti</strong></span> <span class='ocrx_word' id='word_1_718' title='bbox 3344 5341 3584 5394; x_wconf 63' lang='lat' dir='ltr'><strong>sanctie</strong></span> <span class='ocrx_word' id='word_1_719' title='bbox 3611 5339 3708 5394; x_wconf 83' lang='lat' dir='ltr'><strong>Ro-</strong></span> 
     </span>
     <span class='ocr_line' id='line_1_106' title="bbox 2056 5422 3705 5500; baseline -0.005 -11"><span class='ocrx_word' id='word_1_720' title='bbox 2056 5448 2253 5490; x_wconf 80' lang='lat' dir='ltr'><strong>manae</strong></span> <span class='ocrx_word' id='word_1_721' title='bbox 2281 5428 2551 5487; x_wconf 80' lang='lat' dir='ltr'><strong>Ecclesioe</strong></span> <span class='ocrx_word' id='word_1_722' title='bbox 2564 5425 2894 5500; x_wconf 86' lang='lat' dir='ltr'><strong>presbyteri</strong></span> <span class='ocrx_word' id='word_1_723' title='bbox 2916 5422 3236 5482; x_wconf 87' lang='lat' dir='ltr'><strong>cardinalis</strong></span> <span class='ocrx_word' id='word_1_724' title='bbox 3260 5427 3317 5479; x_wconf 89' lang='lat' dir='ltr'><strong>et</strong></span> <span class='ocrx_word' id='word_1_725' title='bbox 3342 5425 3705 5493; x_wconf 87' lang='lat' dir='ltr'><strong>cancellarii,</strong></span> 
     </span>
    </p>
   </div>
   <div class='ocr_carea' id='block_1_19' title="bbox 2054 5512 3707 5590">
    <p class='ocr_par' dir='ltr' id='par_1_29' title="bbox 2054 5512 3707 5590">
     <span class='ocr_line' id='line_1_107' title="bbox 2054 5512 3707 5590; baseline -0.006 -8"><span class='ocrx_word' id='word_1_726' title='bbox 2054 5537 2097 5583; x_wconf 86' lang='lat' dir='ltr'><strong>n</strong></span> <span class='ocrx_word' id='word_1_727' title='bbox 2121 5521 2261 5580; x_wconf 88' lang='lat' dir='ltr'><strong>ldus</strong></span> <span class='ocrx_word' id='word_1_728' title='bbox 2309 5518 2599 5585; x_wconf 82' lang='lat' dir='ltr'><strong>Januarii.</strong></span> <span class='ocrx_word' id='word_1_729' title='bbox 2649 5515 2977 5576; x_wconf 87' lang='lat' dir='ltr'><strong>indictione</strong></span> <span class='ocrx_word' id='word_1_730' title='bbox 3014 5514 3231 5590; x_wconf 86' lang='lat' dir='ltr'><strong>prima,</strong></span> <span class='ocrx_word' id='word_1_731' title='bbox 3275 5512 3707 5578; x_wconf 78' lang='lat' dir='ltr'><strong>lncamattcnis</strong></span> 
     </span>
    </p>
   </div>
  </div>
 </body>
</html>
