3784 6000
162 199 249 262 ⁷3

1672 214 2104 282 EPISTOLAE.

3504 246 3582 303 'u

152 368 285 421 χω
319 366 515 425 neque
545 353 743 421 fldem,
794 372 983 430 neque
1008 357 1234 416 stenem
1286 367 1692 432 promerentur
1719 382 1820 423 au-
1851 350 1904 418 Α
1933 350 2087 407 inter
2114 368 2213 409 eos
2247 353 2407 412 nulla
2450 356 2595 414 fides
2626 363 2734 429 cst,
2765 362 2850 419 sic
2880 364 3080 425 nullus
3113 384 3254 426 verte
3284 371 3584 431 charitatis

150 441 379 498 ditum.
428 442 591 507 Quod
648 445 699 501 si
749 444 895 502 sorte
962 463 1159 519 preces
1216 448 1423 524 alique
1479 470 1657 526 super
1714 456 1825 516 bac

150 547 339 589 cansa
387 533 551 590 vobis
606 544 880 606 porrectas
927 542 1082 607 sunt,
1132 556 1333 599 secure
1369 554 1649 616 tauquam
1679 548 1826 604 sub-

149 621 427 691 reptitias
468 622 779 692 estimato,
830 642 1017 700 neque
1083 646 1316 689 necesse
1363 636 1452 689 est
1512 633 1823 695 Ecclesiam

146 709 392 784 aliquod
428 719 665 785 propter
712 731 815 774 eas
845 718 962 789 pati
1009 719 1402 792 dispendium,
1434 726 1707 797 quoniam
1747 728 1820 785 ad

147 803 618 860 conservandam
666 806 833 863 vobis
882 807 1056 866 fldem
1099 813 1158 866 et
1203 813 1451 884 gratiam
1489 816 1616 886 ejus
1649 834 1683 874 a
1710 833 1821 888 quo

146 890 349 946 misse
397 898 561 960 sunt,
622 893 771 951 satis
819 896 930 953 erit
958 898 1178 973 absque
1224 902 1385 959 omni
1426 905 1646 962 offensa
1679 907 1819 963 siin

144 980 409 1053 propriis
434 982 929 1052 postulationibus
960 986 1128 1045 fuerit
1166 992 1496 1050 exauditus.
1527 995 1611 1051 Ad
1651 1012 1821 1052 sum-

148 1085 309 1125 mam
345 1070 552 1142 loquar
579 1073 649 1128 ad
687 1074 984 1131 Dominum
1021 1092 1225 1150 meum,
1254 1097 1378 1136 cum
1423 1085 1527 1139 sim
1554 1086 1736 1157 pulvis
1765 1102 1819 1150 et

142 1155 287 1211 cinis
317 1156 483 1228 (Gen.
519 1160 700 1231 xvm).
721 1160 1055 1222 Jucundum
1079 1166 1153 1222 sit
1182 1168 1231 1224 ei
1263 1169 1563 1242 eloquium
1597 1191 1816 1243 meum,

144 1249 203 1300 ut
240 1246 355 1316 pie
406 1248 725 1318 postulatio
754 1250 1070 1312 voluntatis
1111 1257 1289 1329 optati
1321 1259 1567 1330 gratiam
1609 1277 1809 1319 conse·

138 1341 365 1407 quatur
406 1337 671 1397 effectus.
726 1340 993 1413 Domine,
1042 1362 1350 1418 personam
1404 1354 1653 1408 vestram
1703 1370 1813 1425 pu-

138 1424 293 1481 blica
340 1429 720 1486 commendat
763 1430 983 1504 opinio,
1023 1435 1367 1510 animosque
1397 1442 1453 1495 et
1484 1456 1654 1498 aures
1685 1458 1811 1498 om-

136 1516 297 1572 nium
351 1531 597 1587 operum
648 1524 977 1579 vestrorum
1025 1528 1375 1597 exspectatio
1410 1529 1640 1586 curiosa
1677 1547 1809 1588 sus·

132 1604 339 1675 pendit
388 1608 529 1662 dum
562 1607 923 1681 malignandi
957 1615 1260 1672 materiam
1305 1621 1549 1675 venatur
1586 1619 1808 1693 iniqui·

1935 442 2214 512 affectus;
2249 446 2709 521 uniuscuiusque
2733 453 2997 511 studium
3022 466 3130 527 est,
3160 458 3340 517 alium
3368 461 3586 534 quibus

1935 538 2122 604 potest
2153 536 2342 593 modis
2371 537 2693 609 excludere,
2739 545 2798 598 ut
2844 543 3110 602 solitarias
3141 548 3253 605 sibi
3282 547 3587 608 familiari·

1935 624 2069 679 tatis
2118 625 2486 698 privilegium
2520 631 2770 700 gaudeat
2815 635 3154 707 acquisisse.
3193 641 3585 699 Accessurum

1935 713 2046 769 sibi
2077 721 2284 785 putant
2312 717 2593 789 quidquid
2616 719 2716 777 alii
2751 721 2924 779 fuerit
2952 725 3315 799 derogatum,
3349 746 3587 802 proven·

1935 806 2142 873 tueque
2189 821 2329 862 suos
2378 814 2648 879 reputant
2694 810 2938 868 aliorum
2967 831 3200 887 semper
3230 818 3586 877 utilitatibus

1931 889 2188 947 obviare.
2222 892 2339 964 Ego
2382 894 2560 965 igitur
2589 897 2687 969 qui
2717 905 3000 969 quantum
3030 901 3312 960 damnosa
3339 905 3418 962 sit
3443 922 3580 964 sus·

1931 979 2144 1050 picatio
2174 980 2528 1054 principum,
2559 985 2695 1042 licet
2723 986 3024 1059 innocens,
3055 992 3453 1064 frequentibus
3479 996 3580 1053 de·

1930 1069 2222 1127 trimentis
2252 1072 2480 1143 agnovi,
2511 1075 2874 1134 occasionem
2907 1081 3107 1137 censui
3147 1083 3577 1156 postulandam,

1928 1175 2042 1231 qua
2071 1159 2161 1216 vel
2191 1161 2262 1216 ab
2288 1177 2355 1218 eo
2385 1162 2542 1220 sicut
2568 1167 2921 1240 quandoque
2951 1170 3232 1241 mitterer,
3264 1172 3353 1229 vel
3382 1173 3580 1246 aliqua

1926 1264 2019 1305 me
2072 1249 2302 1306 trabere
2352 1255 2716 1311 necessitatis
2757 1255 3040 1316 instantia
3087 1260 3400 1318 videretur.
3440 1264 3579 1330 Qun

1924 1340 2064 1410 quia
2092 1339 2467 1398 differebatur
2497 1343 2641 1399 nihil
2671 1347 2828 1403 enim
2860 1364 3174 1407 onerosum
3196 1350 3342 1407 mibi
3371 1357 3576 1410 vestro

1922 1428 2104 1500 gratia
2156 1429 2533 1501 benignitatis
2581 1435 2851 1506 imponit,
2910 1438 3261 1495 mittendum
3310 1440 3470 1510 duxi,
3512 1444 3578 1499 ut

1922 1517 2212 1591 diligentis
2258 1521 2581 1578 absentiam
2635 1525 2838 1596 legatio
2894 1527 3183 1600 suppleat,
3251 1546 3378 1602 quae
3426 1530 3575 1591 bene

1921 1609 2138 1664 meritae
2189 1611 2474 1682 majestati
2522 1618 2723 1671 vestrae
2780 1616 3138 1676 devotionem
3190 1635 3399 1689 meam,
3454 1627 3571 1676 tam

134 1700 241 1762 tas,
271 1699 331 1752 et
360 1695 609 1769 gloriam
640 1699 866 1756 nomini
895 1707 1082 1760 vestro
1116 1706 1341 1765 devotio
1374 1708 1560 1766 fidelis
1591 1711 1795 1784 inqui-
1828 1732 1878 1798 Β
1916 1696 2043 1754 VM
2094 1716 2230 1756 V000
2278 1716 2455 1773 quam
2507 1702 2715 1761 ῙῙῑῑθΓῙΒ
2767 1713 3156 1778 ΓΘΡΓωὸθῦῑθῑ·
3207 1708 3411 1766 νθὸῖθῐ·
3438 1726 3569 1767 Sum

136 1785 225 1841 rit.
256 1785 435 1843 Absit
466 1786 649 1859 igitur
676 1805 708 1845 a
736 1789 902 1848 vobis
931 1796 997 1848 ut
1039 1795 1523 1865 praedecessorum
1570 1807 1791 1858 vestro-

136 1892 263 1931 rum
312 1880 526 1933 sancta
552 1877 836 1949 plantatio
880 1883 1085 1939 vestris
1115 1885 1468 1944 convellatur
1498 1892 1795 1964 manibus,

136 1965 337 2022 vestris
363 1965 592 2023 viribus
621 1970 1008 2042 exstirpetur!
1043 1975 1208 2031 Absit
1230 1981 1295 2033 ut
1322 1994 1422 2050 per
1439 1994 1543 2035 vos
1575 1987 1654 2037 tot
1681 1982 1798 2039 Ro·

138 2070 444 2114 manorum
476 2061 820 2130 pontificum
853 2062 1224 2123 anathemata
1249 2068 1538 2124 ducantur
1566 2069 1624 2124 in
1658 2069 1794 2127 irri-

136 2146 297 2201 tnml
348 2147 524 2206 Absit
571 2154 639 2206 ut
667 2166 772 2223 per
800 2165 900 2208 eos
930 2156 1154 2210 remota
1195 2156 1553 2215 secularitas
1593 2161 1791 2217 aucto·

135 2231 310 2291 ritatis
343 2239 554 2293 vestris
583 2239 873 2296 sententia
891 2244 1225 2299 revocetur!

864 2364 1066 2423 XLIII.

437 2488 515 2529 an
544 2488 810 2531 neutrum
838 2490 1031 2532 mrim
1056 2492 1469 2537 numanam«.

189 2594 521 2670 Regressus
540 2598 612 2657 ab
631 2599 840 2673 Augila
863 2601 934 2657 ad
967 2601 1143 2673 pedes
1173 2610 1383 2661 vestrae
1407 2603 1784 2663 beatitudinis

126 2687 560 2760 amplectendos
618 2691 796 2748 debui
851 2693 1177 2750 cucurrisse
1235 2694 1338 2751 sed
1394 2698 1784 2768 exspectanda

20 2760 27 2787 ¹
126 2775 225 2832 fnit
252 2779 510 2852 occasio,
541 2796 658 2854 qua
690 2796 781 2838 me
820 2780 1006 2855 magis
1051 2784 1299 2841 traxisse
1337 2787 1657 2843 necessitas
1703 2786 1785 2843 vi-

124 2866 371 2935 deretur,
420 2885 603 2942 quam
646 2870 875 2927 devotio
923 2872 1280 2943 perduxisse.
1326 2874 1563 2932 Animus
1595 2876 1778 2949 siqui-

124 2959 237 3018 dem
269 2959 562 3035 principis
592 2961 780 3020 nostri
810 2961 1241 3036 aliquantulum
1274 2964 1345 3022 ab
1370 2982 1457 3039 ea,
1490 2983 1607 3041 qua
1642 2985 1778 3026 sau·

123 3047 375 3106 etitatem
426 3054 683 3108 vestram
750 3050 891 3107 olim
957 3053 1294 3125 complexus
1341 3059 1449 3124 est,
1499 3056 1778 3115 charitate

121 3136 377 3208 descivit,
428 3138 575 3197 adeo
624 3144 690 3197 ut
722 3141 874 3197 inter
913 3140 1227 3199 familiares
1256 3161 1397 3201 suos
1426 3149 1779 3219 quandoque

122 3231 475 3301 conquestus
504 3229 585 3285 sit
613 3245 673 3286 se
696 3229 982 3287 minorem
1018 3230 1077 3287 in
1110 3232 1274 3289 vobis
1307 3249 1480 3305 quam
1511 3251 1778 3306 sperave·

120 3323 195 3372 rat
233 3317 495 3391 gratiam
526 3317 841 3376 invenisse.
874 3321 968 3375 Ait
996 3319 1055 3375 ln
1086 3322 1620 3393 opportunitatibus
1652 3326 1777 3383 suis

120 3422 211 3463 vos
240 3422 375 3464 esse
396 3405 724 3474 difficilem,
749 3407 808 3464 in
830 3408 1321 3479 postulationibus
1343 3412 1774 3485 scrupulosum,

118 3501 376 3570 acceptos
429 3496 599 3553 vobis
645 3512 774 3554 esse
822 3500 879 3554 et
918 3498 1138 3571 ,iugiter
1183 3500 1242 3556 in
1272 3500 1446 3557 Curia
1484 3503 1777 3561 demorari

119 3585 423 3656 quosdam,
458 3585 558 3657 qui
588 3586 904 3643 mendaciis
934 3589 1053 3645 suis
1070 3586 1315 3660 gloriam
1353 3592 1519 3662 regias
1555 3593 1775 3650 sereni—

20 3717 23 3734 .
116 3673 243 3730 tatis
272 3674 585 3731 offuscant.

176 3762 501 3819 convenire
548 3761 839 3838 siquidem
883 3764 954 3821 ad
1012 3765 1389 3838 apostolicam
1450 3770 1647 3827 sedem
1704 3790 1773 3830 ex

118 3852 307 3909 multis
356 3852 632 3926 partibus
682 3853 921 3924 multos,
955 3870 1203 3929 quorum
1253 3874 1426 3915 aures
1467 3858 1550 3915 illi
1582 3878 1771 3931 pravae

116 3958 331 4001 veneno
396 3941 784 4016 malignitatis
840 3941 1131 4016 inficiunt,
1177 3949 1242 4002 ut
1298 3948 1380 4004 sic
1435 3949 1767 4022 opinionem

116 4033 234 4105 ejus
280 4031 456 4105 qnasi
500 4032 852 4090 transmissa
893 4034 963 4090 ad
1014 4050 1218 4092 omnes
1248 4042 1450 4109 gentes
1482 4036 1768 4097 delatione

115 4121 431 4196 denigrent.
482 4120 716 4177 Furtive
768 4122 999 4193 quidem
1054 4123 1114 4179 id
1165 4124 1279 4197 agi,
1332 4132 1391 4182 ut
1438 4127 1766 4200 iniquitatis

116 4217 387 4284 operante
438 4210 715 4285 mysterio
745 4219 962 4284 quanto
1010 4213 1200 4286 magis
1232 4231 1322 4272 res
1366 4215 1598 4274 silentio
1629 4236 1764 4290 pre-

20 4317 23 4330 ·
118 4301 322 4357 menda
366 4299 612 4367 dicitur,
643 4306 800 4357 tanto
847 4301 1212 4360 diffundatur
1242 4303 1301 4360 in
1333 4305 1546 4378 plureS,
1575 4324 1766 4380 quan-

20 4365 23 4416 ἶ
118 4395 285 4463 toque
311 4389 602 4448 secretius
620 4390 834 4464 agitur,
868 4395 1028 4450 tanto
1048 4392 1128 4449 sit
1152 4394 1443 4453 efficacior
1462 4397 1532 4453 ad
1553 4415 1763 4457 nocen-

1907 1791 2118 1845 sanctae
2166 1790 2437 1847 Romanas
2496 1792 2759 1849 Ecclesiae
2794 1799 2909 1852 tam
2949 1813 3126 1854 verna
3166 1814 3343 1869 quam
3379 1798 3567 1868 tilius,

1908 1878 2074 1948 cujus
2127 1896 2218 1935 me
2266 1882 2502 1939 assidue
2551 1883 2897 1941 reminiscor
2935 1886 3319 1945 exhilaratum
3358 1888 3566 1967 gratia,

1907 1973 2264 2038 praeventum
2298 1970 2614 2043 beneficiis,
2642 1972 2966 2031 bonoribus
3007 1977 3375 2048 ampliatum.
3409 1975 3564 2035 Nihil

1906 2073 2166 2129 unquam
2191 2076 2296 2131 par
2323 2066 2490 2117 tantae
2513 2061 2834 2133 dignationi
2862 2064 3127 2135 reseram,
3152 2065 3299 2122 nibil
3320 2066 3564 2139 dignum

1905 2152 1982 2204 tot
2014 2148 2234 2206 meritis
2263 2149 2567 2222 exhibeb0,
2599 2153 2698 2208 sed
2732 2154 2838 2210 etsi
2875 2170 2991 2210 nou
3019 2154 3338 2213 debitorem
3367 2158 3566 2230 operis

1901 2236 2202 2308 exhibitio,
2255 2241 2509 2311 perfecta
2570 2244 2768 2298 tamen
2837 2243 3092 2301 ebaritas
3139 2251 3562 2305 consummate

1900 2326 2226 2385 devotionis
2256 2328 2522 2388 absolvit.

2635 2421 2826 2478 XL1V.

2098 2524 2172 2564 An
2201 2524 2534 2566 cinnam-uu
2566 2527 3002 2569 noscomsasau
3032 2529 3378 2571 erlscoruu.

1967 2596 2139 2652 Lator
2168 2600 2539 2669 presentium
2589 2601 2810 2658 amicus
2843 2607 3038 2660 noster
3076 2607 3186 2673 est,
3225 2604 3556 2678 nostrisque

1895 2685 2039 2756 petit
2061 2687 2326 2758 precibus
2358 2690 2510 2760 apud
2541 2706 2641 2745 vos
2679 2691 2965 2760 adjuvari,
3001 2708 3186 2764 eoque
3215 2693 3554 2781 instantius,

1892 2775 2032 2847 quia
2061 2778 2303 2834 considit
2352 2780 2507 2851 quod
2549 2795 2749 2850 preces
2781 2787 2991 2838 nostras
3023 2785 3177 2853 apud
3210 2784 3555 2843 charitatem

1892 2869 2142 2922 vestram
2167 2866 2369 2924 utilem
2390 2869 2517 2924 sine
2538 2869 2882 2928 difficultate
2901 2871 3224 2930 sortiantur
3259 2874 3550 2942 effectum,

1889 2956 2114 3013 Gaudet
2157 2959 2311 3030 quod
2352 2959 2600 3017 amatori
2654 2960 2891 3031 justitias
2936 2963 3194 3021 veritatis
3241 2965 3321 3022 sit
3394 2965 3554 3025 dele·

1889 3051 2027 3117 gata
2046 3046 2319 3117 cognitio,
2345 3048 2500 3119 quod
2516 3063 2752 3120 precum
2770 3055 3103 3106 nostrorum
3129 3052 3409 3124 suffragio
3431 3068 3552 3110 mu·

1890 3136 2047 3191 nitus
2094 3137 2339 3205 accedit,
2374 3141 2434 3193 ut
2477 3138 2533 3193 in
2569 3142 2913 3209 proventum
2944 3139 3074 3211 ejus
3113 3141 3269 3212 apud
3301 3158 3401 3198 vos
3432 3142 3555 3198 sin-

1888 3239 2022 3280 cera
2050 3224 2313 3281 fraternis
2363 3225 2567 3299 religio
2597 3227 2867 3284 charitati
2896 3232 3228 3286 concurrat.
3262 3229 3424 3288 Licet
3444 3247 3550 3289 au-

1887 3316 2004 3370 tem
2038 3312 2344 3385 pluralitas
2375 3316 2901 3375 instrumentorum
2932 3318 3082 3374 viam
3119 3320 3304 3391 possit
3323 3320 3547 3392 aperire

1878 3403 2122 3472 Judicio,
2163 3420 2400 3461 omnem
2430 3410 2624 3462 tamen
2659 3406 2915 3463 absolvet
2945 3408 3180 3464 testium
3223 3409 3550 3470 numerosi-

1886 3498 1974 3548 tas
2021 3498 2077 3548 et
2113 3494 2324 3550 veritas
2354 3495 2581 3551 notoria
2610 3495 3013 3566 questionem,
3045 3498 3390 3570 desertaque
3420 3516 3552 3573 pro·

1884 3583 2106 3638 vocatio
2156 3584 2620 3655 motumjudicis
2651 3587 2948 3654 excitabit,
2981 3602 3159 3657 quam
3187 3587 3414 3646 scilicet
3444 3589 3550 3646 ad-

1882 3670 2173 3728 versarius
2211 3672 2389 3743 hujus
2438 3675 2663 3730 censuit
2708 3675 3139 3748 opponendam,
3188 3692 3254 3734 eo
3304 3677 3546 3749 quidem

1881 3763 2037 3825 astu,
2088 3765 2152 3816 ut
2196 3760 2248 3817 ei
2296 3765 2530 3817 vacaret
2587 3762 2918 3819 affectatam
2971 3762 3233 3833 rapinam
3284 3763 3346 3821 ln
3394 3765 3548 3822 bona

1881 3848 2157 3919 pauperis
2203 3848 2476 3906 licentius
2527 3866 2812 3908 exercere.
2859 3850 3073 3909 Verum
3115 3852 3256 3922 quid
3286 3852 3347 3908 in
3379 3853 3544 3911 malai

1880 3936 2015 3993 fidei
2066 3953 2464 4008 possessorem
2535 3938 2659 3995 sine
2744 3939 2933 4006 titulo,
2992 3954 3170 4011 super
3235 3941 3544 4016 principali

1879 4042 2055 4081 causa
2077 4044 2092 4096 ;
2117 4027 2248 4096 quid
2275 4026 2332 4080 iu
2359 4026 2714 4083 desertorem
2748 4028 3157 4101 appellationis
3188 4046 3368 4104 super
3385 4048 3545 4090 snm-

1879 4116 2075 4187 ptibus
2105 4121 2162 4173 et
2191 4116 2461 4188 expensis
2508 4117 2941 4178 decernendum
2982 4119 3081 4188 sit,
3121 4125 3312 4179 vestra
3341 4122 3545 4194 peritia

1877 4223 1993 4263 non
2045 4207 2302 4280 ignorat:
2356 4228 2427 4267 ne
2478 4211 2702 4268 scilicet
2750 4211 2837 4268 vis
2889 4213 2991 4267 aut
3037 4210 3211 4268 dolus
3260 4212 3543 4284 impunita

1876 4303 2241 4369 praetereant,
2272 4299 2359 4357 vel
2391 4301 2749 4358 immeritum
2800 4302 3055 4373 patiatur
3081 4301 3420 4360 innocentia
3446 4303 3543 4361 de-

1874 4388 2238 4448 trimentum.
2285 4391 2452 4448 Porro
2502 4391 2803 4464 negotium
2847 4391 3007 4448 vobis
3040 4392 3098 4448 in
3131 4393 3399 4464 expedito
3428 4392 3543 4451 Ro-

114 4479 269 4538 dum.
294 4479 420 4538 Non
469 4486 665 4537 tamen
700 4480 1020 4539 arbitratur
1046 4482 1106 4540 id
1132 4484 1203 4541 (ιο
1247 4494 1434 4545 vagu-2
1465 4489 1769 4545 conscien-
1796 4466 1845 4532 D
1878 4480 2040 4536 mani
2070 4480 2360 4553 pontificis
2403 4480 2705 4538 collocavit
2724 4482 3058 4549 auctoritas,
3100 4481 3335 4540 sublato
3360 4482 3540 4539 nimi-

113 4569 183 4626 tia
224 4571 319 4626 vel
361 4568 664 4626 voluntate
703 4572 1035 4644 procedere,
1085 4575 1184 4631 sed
1228 4574 1311 4632 eis
1369 4576 1440 4633 de
1487 4577 1766 4635 diuturna

110 4661 251 4733 apud
282 4675 389 4716 vos
444 4660 905 4718 commoratione
945 4670 1175 4736 paratur
1223 4667 1470 4733 eccesie,
1502 4672 1560 4725 et
1594 4670 1771 4726 auda·

112 4751 249 4808 ciam
292 4752 602 4820 comparat
629 4749 946 4808 assiduitas
975 4752 1266 4825 impunita
1299 4755 1558 4814 fallendi.
1591 4757 1772 4816 Addit

108 4841 420 4914 impetratu
436 4835 899 4912 facilequidquid
921 4841 991 4898 ab
1012 4842 1136 4914 ejtts
1158 4843 1383 4902 oemulis
1398 4845 1767 4921 imploratur,

109 4935 233 4988 vota
284 4932 491 4989 autem
539 4929 670 5000 ejus
716 4930 1006 5002 exquisita
1050 4933 1368 4993 subtilitate
1409 4936 1644 5002 discuti,
1677 4938 1766 4996 vel

108 5022 341 5079 tediosa
390 5021 675 5078 dilatione
722 5020 1025 5091 suspendi.
1077 5021 1133 5078 Si
1184 5040 1330 5096 quos
1366 5041 1504 5099 ergo
1541 5029 1611 5085 de
1641 5032 1765 5089 suis

106 5111 247 5170 viros
292 5110 667 5170 auctoritatis
720 5110 929 5182 loquor
969 5113 1040 5168 ad
1092 5116 1456 5186 praesentiam
1503 5122 1763 5178 vestram

106 5203 283 5260 venire
331 5201 661 5274 contingat,
710 5198 773 5256 bi
805 5199 906 5272 qui
964 5202 1315 5261 familiarius
1345 5207 1397 5262 ei
1453 5207 1762 5267 assistunt·

106 5288 385 5349 incertum
428 5289 786 5362 suspicionis
853 5289 1074 5348 malum
1132 5292 1270 5365 (35),
1318 5293 1510 5354 fallaci
1559 5299 1759 5357 statim

110 5382 435 5438 adulatione
462 5378 836 5438 confirmant.
867 5380 1175 5439 Consuevit
1206 5386 1365 5442 enim
1401 5387 1545 5445 illud
1577 5389 1764 5448 bomi-

112 5485 233 5528 snm
265 5487 459 5545 genus
486 5471 559 5528 de
588 5470 857 5529 minimis
885 5474 1142 5532 maxima
1181 5476 1486 5550 fabricare,
1519 5483 1578 5536 et
1605 5479 1760 5539 sicut

166 5561 269 5634 (35)
302 5566 397 5633 8.,
427 5563 485 5618 in
516 5561 751 5618 malum.

416 5662 687 5726 Pas-nor..
733 5663 878 5727 001.

1877 4587 2008 4627 rum
2041 4570 2451 4644 appellationis
2477 4572 2800 4640 obstaculo,
2833 4571 2891 4627 in
2924 4587 3042 4644 quo
3072 4571 3182 4628 sibi
3215 4572 3537 4629 calumnia·

1879 4666 2035 4718 tores
2067 4662 2406 4734 plerumque
2449 4663 2810 4720 occasionem
2862 4660 3107 4718 vexandi
3146 4661 3535 4723 constituunt,

1878 4759 1935 4811 et
1977 4755 2258 4824 retugium
2310 4755 2610 4813 evadendi.
2660 4753 2824 4809 Nunc
2871 4752 3027 4808 enim
3075 4751 3301 4821 parebit
3348 4751 3531 4820 vobis,

1879 4843 2014 4901 licet
2066 4845 2268 4915 iuvita,
2330 4846 2494 4917 quasi
2544 4842 2896 4917 quibusdam
2963 4838 3230 4896 terminis
3279 4840 3536 4899 circum·

1876 4935 2091 5006 scripta
2138 4934 2493 5007 malignitaS,
2551 4950 2685 4991 cum
2744 4946 2847 4987 nec
2902 4931 2974 4986 ad
3034 4943 3286 5002 praesens
3343 4931 3533 4989 forum

1876 5027 2144 5080 nostrum
2200 5024 2385 5095 possit
2429 5024 2723 5089 excedere,
2792 5036 2898 5078 nec
2955 5020 3282 5079 severitatis
3330 5026 3532 5079 vestra

1873 5113 2224 5171 sententiam
2257 5112 2567 5168 declinare.
2608 5110 2827 5167 Valete.

2619 5202 2788 5259 XLV.

2267 5309 2340 5349 an
2370 5309 2639 5350 Annam-sss
2675 5308 3131 5349 salamanassar.

1941 5385 2193 5450 Quartus
2245 5383 2504 5440 decimus
2561 5385 2782 5440 mensis
2829 5382 3037 5452 agitur,
3110 5377 3195 5436 vel
3257 5375 3529 5436 fortassis

1869 5477 2111 5530 exactus
2140 5477 2250 5542 est,
2311 5489 2375 5529 ex
2407 5489 2525 5545 quo
2571 5474 2645 5530 ad
2675 5472 2835 5531 aliud
2874 5485 3119 5544 regnum
3150 5471 3209 5527 et
3239 5472 3531 5526 transma-

3166 5669 3205 5728 3
