3784 6000
660 270 865 335 Hts'l'.
916 270 1188 335 RERUM
1229 270 1774 335 TRANSMARIN.
1821 299 1901 315 -
1943 270 2092 332 Lm.
2136 271 2299 337 xm.
2339 270 2788 337 BALDUINUS
2833 270 2887 332 11
2931 270 3107 333 REX.

3470 267 3592 335 566

169 420 587 463 mascenorum
620 421 718 461 rex
754 406 1110 476 ingreditur3
1154 406 1255 464 ubi
1303 406 1600 479 regionem
1629 403 1826 462 liberis
1854 402 1910 475 Α
1941 405 2114 462 urbes
2145 406 2442 481 singulm
2475 412 2534 465 et
2561 406 2712 463 infra
2743 421 2960 479 paucos
2985 405 3132 475 dies,
3149 404 3464 465 collectum
3496 408 3594 467 est

168 511 497 569 peragrans
516 494 896 566 discursibus,
930 495 1265 553 suburbana
1306 496 1573 569 quasdam
1604 494 1785 551 diruit

168 600 496 658 eorumque
551 584 912 643 habitatores
961 600 1157 642 secum
1205 586 1523 654 deducens,
1570 584 1828 656 praedam

179 674 499 729 maximam
532 678 586 731 et
611 672 798 744 spolia
829 673 899 729 de
925 674 1192 730 hostibus
1214 675 1465 732 reterens
1507 671 1824 739 uberrima,

172 780 381 834 sospes
409 772 462 819 et
494 762 809 819 incolumis
841 763 900 819 in
946 780 1054 819 sua
1086 780 1146 819 se
1186 766 1420 835 recepit.
1454 763 1829 831 Nondumque

176 851 487 909 dissolutis
515 851 852 908 cohortibus
893 851 984 908 vix
1021 852 1218 923 elapso
1253 854 1468 919 triduo,
1501 852 1827 922 nuntiatur,

174 941 905 1014 AEgypttorumexercitum
921 957 1055 997 cum
1086 942 1605 1014 ingentiapparatu
1639 942 1713 999 ad
1733 959 1767 997 u

177 1032 311 1087 bem
326 1029 673 1087 Ascalonem
687 1031 1003 1087 accessisse
1022 1048 1036 1101 3
1055 1042 1173 1087 erat
1203 1032 1360 1088 enim
1387 1032 1669 1106 AEgyptiis
1688 1053 1829 1094 con·

174 1121 432 1177 suetudo
465 1136 569 1192 per
597 1135 780 1175 annos
802 1119 1065 1191 singulos
1092 1125 1299 1193 quater
1330 1121 1402 1178 ad
1436 1125 1703 1180 eamdem
1734 1127 1827 1182 ci-

173 1211 417 1267 vitatem
445 1227 619 1266 novas
648 1210 1041 1279 expeditiones
1078 1210 1328 1283 dirigere
1359 1216 1423 1267 ut
1451 1212 1673 1270 viribus
1692 1231 1823 1273 con-

174 1301 344 1356 tinue
374 1299 675 1369 reparatis,
700 1299 991 1355 sustinere
1023 1308 1259 1371 possent
1298 1300 1568 1357 assiduos
1598 1309 1830 1362 nostro·

174 1405 308 1445 rum
341 1389 677 1457 conflictus,
708 1394 767 1443 et
796 1404 941 1460 pene
960 1389 1267 1445 continuas
1285 1406 1412 1461 quo
1445 1392 1658 1463 saeplus
1690 1394 1831 1451 irro-

172 1478 1059 1551 gabanturinjurias.ilisautem
1085 1480 1184 1551 qui
1203 1482 1332 1536 novi
1350 1491 1722 1557 recentesque
1734 1502 1829 1541 ve-

172 1574 408 1638 nerant,
430 1574 750 1625 moseretet
768 1571 1152 1635 consuetudo,
1183 1579 1245 1626 ut
1268 1577 1598 1631 nostrorum
1650 1575 1829 1646 pluri-

172 1674 331 1715 mum
385 1657 726 1716 affectarent
795 1675 1171 1731 congressus,
1228 1662 1472 1733 experiri
1530 1665 1830 1733 cupientes

174 1752 511 1805 nostrorum
542 1748 713 1812 vires,
747 1752 804 1804 et
842 1751 911 1804 de
958 1765 1066 1806 sua
1108 1749 1393 1820 probitate
1420 1756 1578 1809 certa
1608 1753 1830 1811 civibus

174 1839 313 1895 dare
335 1844 679 1910 argumenta
714 1855 728 1895 ε
764 1840 921 1896 unde
975 1844 1033 1895 et
1078 1840 1440 1912 frequentius
1488 1842 1546 1899 in
1608 1843 1831 1902 bellicis

174 1927 695 1998 congressionibus
720 1927 890 1983 exeis
915 1928 1132 1999 piures,
1152 1930 1349 1999 etcapi
1381 1936 1828 1999 consueverant,

176 2021 234 2073 et
256 2015 472 2087 gladiis
521 2016 753 2073 interire
780 2018 1014 2090 saepius,
1037 2025 1318 2091 tanquam
1345 2020 1600 2092 regionis
1622 2022 1831 2095 ignari·

176 2113 233 2162 et
265 2121 563 2161 armorum
617 2105 841 2176 plenam
904 2124 1017 2162 non
1076 2109 1326 2163 assecuti
1372 2110 1787 2181 experientiam
1814 2130 1829 2183 ς

173 2194 470 2248 veteranis
483 2193 731 2264 civibus,
752 2200 1084 2251 nostrorum
1114 2197 1457 2266 prudentius
1480 2197 1831 2256 declinanti-

182 2283 293 2339 bus
309 2299 642 2351 occursum,
662 2290 719 2340 et
740 2285 1044 2340 remissius
1066 2285 1497 2343 insectantibus
1520 2288 1832 2358 aliqnando

176 2371 495 2441 fugientes.
529 2373 687 2438 Quod
712 2378 1021 2445 postquem
1040 2375 1278 2430 domino
1313 2378 1467 2448 regis
1500 2379 1830 2436 nuntiatum

174 2466 285 2527 est,
324 2462 513 2533 magis
553 2462 887 2519 continuata
933 2480 1106 2534 quani
1142 2471 1413 2520 renovata
1442 2466 1829 2538 expeditione,

177 2549 325 2606 illuc
350 2549 627 2606 celerrine
657 2553 958 2607 contendit
987 2569 1130 2622 :quo
1152 2569 1282 2608 cum
1311 2555 1693 2627 pervenisset,
1715 2559 1833 2627 ipse

181 2656 317 2696 cum
354 2638 690 2695 fortioribus
711 2649 763 2696 et
784 2643 972 2713 magis
995 2643 1388 2700 strenulsloco
1402 2645 1471 2700 ad
1497 2644 1550 2699 ld
1577 2662 1837 2719 congruo

177 2744 237 2785 se
260 2728 416 2783 locat
444 2728 504 2783 in
535 2728 788 2795 insidiis,
821 2729 962 2785 levis
992 2738 1301 2787 armaturas
1333 2734 1653 2804 praemissis
1686 2734 1838 2793 miti-

180 2818 367 2884 tibus,
398 2819 495 2889 qui
531 2819 1001 2875 discursionibus
1030 2821 1194 2891 vagis
1221 2822 1576 2880 urbanorum
1607 2824 1840 2881 irritent

179 2908 439 2975 animos,
470 2913 528 2962 et
560 2916 863 2976 provocent
883 2909 952 2962 ad
974 2909 1402 2967 insectandum.
1428 2914 1498 2966 At
1527 2928 1661 2968 vero
1687 2914 1842 2970 cives

180 2996 449 3053 videntes
507 2995 705 3053 liberis
748 2996 1208 3056 discursionibus
1246 3016 1345 3072 per
1386 2997 1515 3057 loca
1544 3000 1670 3058 urbi
1702 3019 1846 3059 con-

1938 495 2190 553 universi
2221 497 2376 568 regni
2411 496 2607 566 robur,
2639 495 2811 569 quasi
2866 494 2952 553 vir
2991 511 3164 563 unus,
3193 496 3357 567 iuxta
3377 494 3583 555 urbem

1935 584 2430 654 Tiberiadensem,
2462 586 2632 658 quasi
2690 584 2754 642 in
2803 584 2950 645 fines
2981 584 3478 645 Damascenorum
3517 600 3588 641 ex

1936 675 2200 733 condicto
2221 675 2562 741 ingressuri.
2594 676 2719 742 Quo
2750 674 3176 748 pervenientes,
3209 674 3395 746 signis
3428 688 3588 731 com-

1938 764 2142 820 moniti
2167 764 2543 831 militaribus,
2561 762 2900 834 compositis
2922 762 3164 821 sarcinis
3179 768 3237 819 et
3249 760 3591 835 agminibus

1933 853 2138 910 ordine
2199 853 2626 922 incedentibus,
2660 857 2962 924 peragrata
3019 851 3290 923 Decapoli
3326 849 3580 921 regione,

1934 943 2382 999 terrashostium
2398 941 2981 1012 ingrediunturzinde
3009 940 3220 997 vallem
3243 944 3576 1012 angustam.

1937 1047 2065 1102 quse
2091 1030 2305 1087 dicitur
2333 1032 2515 1088 Cavea
2543 1030 2724 1100 Roob,
2756 1045 2940 1102 usque
2968 1029 3040 1086 ad
3073 1027 3428 1098 campestria
3465 1027 3584 1087 Me-

1935 1120 2048 1176 dan
2077 1120 2456 1177 transierunt.
2489 1119 2591 1175 Est
2616 1133 2810 1175 autem
2849 1118 3118 1188 planities
3149 1116 3320 1190 longe
3351 1116 3581 1187 lateque

1939 1215 2170 1282 patens,
2203 1210 2610 1283 prospectibus
2636 1210 2838 1277 libera,
2872 1225 2971 1278 per
2999 1224 3176 1279 quam
3211 1207 3442 1277 fluvius,
3463 1205 3592 1265 Dan

1939 1300 2198 1367 nomine,
2232 1300 2546 1365 transiens,
2571 1298 2724 1353 inter
2779 1295 3139 1353 Tiberiadom
3180 1300 3237 1352 et
3263 1294 3590 1367 Scythopo-

1938 1386 2065 1455 lim,
2098 1404 2227 1459 quai
2249 1386 2386 1442 olim
2420 1387 2577 1443 diota
2604 1390 2694 1443 est
2725 1384 2998 1452 Bethsan,
3028 1382 3342 1441 Jordanem
3373 1379 3594 1443 intiuit,

1936 1477 2313 1535 Arbitrantur
2342 1474 2923 1548 autsmquidam,qui
2955 1478 3013 1530 et
3035 1472 3595 1544 nominisjuvantur

1937 1573 2307 1639 argumento,
2342 1567 2496 1639 quod
2530 1567 2640 1623 iste
2669 1566 2748 1623 sit
2789 1564 3019 1632 fluvius,
3052 1564 3152 1635 qui
3179 1562 3416 1621 Jordani
3441 1576 3594 1635 pro-

1939 1665 2058 1717 stat
2094 1661 2356 1716 ultimam
2375 1658 2631 1716 nominis
2653 1662 3060 1729 partsm;nam
3075 1653 3361 1726 quidquid
3390 1652 3592 1709 inma-

1940 1765 2000 1806 re
2034 1750 2335 1805 descendit
2377 1747 2649 1815 Gatttaea,
2682 1751 2738 1805 et
2764 1744 2902 1801 inde
2947 1743 3263 1817 egreditur,
3303 1756 3491 1814 usque
3517 1740 3590 1799 sd

1941 1839 2112 1896 istius
2142 1838 2404 1895 numinis
2442 1836 2835 1903 influentiam,
2860 1835 2962 1892 Jor
3016 1833 3258 1902 dicuntg
3293 1831 3591 1903 reliquum

1940 1943 2076 1986 vero
2107 1928 2259 2000 quod
2318 1927 2525 1984 exinde
2570 1924 2790 1991 defluit,
2823 1924 3142 1980 Jordanem
3183 1936 3307 1979 esse
3361 1919 3588 1989 dicunt,

1943 2019 2112 2092 quasi
2142 2020 2239 2075 Jor
2258 2021 2314 2073 et
2343 2018 2466 2074 Dan
2498 2014 2844 2073 commistis.
2862 2015 3012 2071 Beda
3043 2014 3332 2080 tamen,ct
3349 2009 3592 2082 quidam

1945 2110 2047 2165 alii
2081 2108 2263 2165 nostri
2296 2109 2580 2174 doctores,
2611 2103 2975 2162 auctoritatis
3012 2102 3333 2175 precipuo,
3367 2107 3594 2157 utrum

1943 2214 2055 2271 que
2087 2198 2304 2253 iontem
2330 2198 2498 2268 juxta
2525 2197 2837 2253 essai-eam
2869 2192 3142 2263 Philippi,
3161 2192 3231 2248 ad
3258 2190 3480 2248 radices
3493 2187 3596 2247 Lt-

1945 2287 2080 2343 bani
2114 2287 2312 2347 sitam.
2342 2285 2626 2358 originem
2658 2284 2863 2340 dicunt
2881 2281 3135 2348 haben-03
3168 2296 3420 2353 quorum
3445 2278 3594 2335 alter

1945 2376 2067 2444 Jor,
2100 2375 2244 2431 alter
2263 2374 2478 2432 dicitur
2507 2376 2668 2440 Dan;
2701 2388 2770 2430 ex
2807 2370 3023 2444 quibus
3060 2368 3334 2427 Jordsnis
3373 2368 3596 2425 fluenta

1949 2465 2320 2531 contrahens,
2347 2467 2504 2520 totus
2561 2461 2695 2517 inde
2745 2459 2802 2515 in
2834 2465 3109 2531 stagnum
3141 2455 3598 2529 Genesar,quod

1946 2560 2037 2611 est
2095 2569 2251 2612 mare
2296 2552 2565 2619 Galilaets,
2611 2550 3026 2615 descendit30t
3077 2548 3209 2604 inde
3242 2551 3400 2603 totus
3421 2560 3594 2619 egre-

1947 2646 2139 2709 diens,
2171 2659 2271 2715 per
2314 2638 3087 2713 milliariapenecentum,in
3119 2637 3311 2693 lacum
3334 2632 3591 2705 Asphal-

1949 2738 2105 2800 tites,
2137 2732 2238 2805 qui
2281 2731 2397 2788 alio
2437 2730 2678 2786 nomine
2733 2728 2953 2785 dicitur
2986 2741 3144 2782 mars
3173 2724 3587 2792 salsissimum,

1949 2823 2161 2879 vallem
2191 2820 2427 2877 sulcans
2449 2818 2833 2883 illustrem,se
2861 2815 3139 2871 infundit.
3159 2813 3441 2871 Praedlcta
3461 2826 3596 2885 ergo

1952 2910 2303 2982 campestria
2333 2912 2530 2965 noster
2561 2905 2954 2980 pertransiens
2986 2903 3295 2970 exercitus,
3323 2902 3595 2974 usquead

1951 3002 2169 3068 vicum,
2193 2999 2287 3056 cui
2319 3014 2529 3054 nomen
2561 2995 2814 3062 Saloms,
2840 2992 3117 3066 pervenit.
3152 2991 3284 3048 Erat
3299 2996 3495 3049 autem
3519 2991 3600 3048 lo·

181 3084 434 3143 termina
456 3091 687 3142 nostros
734 3087 982 3158 evagari,
1014 3088 1255 3161 indigne
1304 3091 1550 3147 serentes
1590 3092 1843 3149 nimium
1959 3107 2065 3147 cus
2094 3089 2168 3157 is,
2194 3089 2348 3145 sicut
2367 3094 2424 3144 et
2445 3087 2636 3153 hodic,
2670 3084 3016 3140 Christianis
3038 3083 3354 3153 deputatus
3377 3081 3601 3138 habits·

183 3191 393 3234 eornm
422 3180 644 3233 tantam
675 3177 1005 3247 audaciam,
1028 3180 1290 3235 certatim
1318 3196 1481 3237 arma
1499 3182 1844 3255 corripiunt?
1876 3145 1921 3214 G
1961 3180 2188 3237 toribus
2217 3194 2232 3247 ς
2269 3179 2422 3235 unde
2451 3178 2634 3233 nostri
2665 3175 2790 3232 leco
2831 3179 3158 3248 parcentes,
3179 3169 3602 3230 habitatoribus

186 3275 238 3324 et
267 3266 489 3339 egressi
524 3266 925 3338 imprudenter
956 3285 1222 3326 seorsum
1257 3286 1359 3342 per
1375 3271 1724 3345 manipulos,
1746 3272 1849 3333 no*

189 3360 349 3412 stros
380 3361 589 3427 sponte
637 3360 799 3428 terga
848 3358 1080 3427 danteS,
1106 3362 1166 3414 in
1219 3359 1410 3430 fugam
1444 3366 1696 3418 vertunt.
1734 3363 1846 3419 Fu-

188 3446 419 3518 gientes
453 3461 686 3517 quoque
731 3453 1044 3518 sequentes
1076 3448 1525 3518 imprudentius,
1558 3467 1742 3524 usque
1771 3453 1843 3508 ad

190 3533 411 3600 lucum,
447 3534 545 3591 ubi
580 3551 678 3590 rex
699 3552 832 3591 cum
857 3535 1037 3592 electa
1054 3535 1262 3593 militia
1283 3536 1492 3593 latebat
1512 3540 1844 3611 ininsidiis,

190 3629 605 3694 pervenerunt.
649 3623 764 3680 Rtx
825 3632 1020 3682 autem
1082 3626 1575 3698 opportunitatem
1610 3645 1724 3685 non
1760 3645 1846 3685 re-

189 3728 412 3784 spuens
470 3713 748 3781 oblatam,
781 3721 833 3768 et
882 3715 980 3786 qui
1041 3730 1175 3772 cum
1201 3731 1267 3770 eo
1297 3721 1483 3784 erant,
1514 3716 1567 3774 ei
1597 3716 1847 3776 fideliter

190 3801 588 3870 adhaerentes,
619 3801 818 3858 hostes
849 3803 920 3859 ad
967 3803 1169 3861 urbem
1210 3804 1397 3862 redire
1424 3805 1683 3863 volentes
1707 3823 1850 3879 prae·

188 3889 459 3957 veniunt,
490 3907 623 3945 cum
658 3891 861 3964 eisque
915 3894 1181 3949 cominus
1213 3899 1608 3962 conserentes,
1632 3896 1843 3969 gladiis

189 3979 418 4037 instant
447 3980 772 4036 animosius
802 4000 816 4050 3
850 3986 906 4036 et
938 3988 1251 4054 antequam
1286 3985 1345 4039 in
1384 3985 1582 4040 urbem
1614 4000 1676 4041 se
1707 3984 1846 4040 reci·

192 4071 380 4141 piant,
413 4069 798 4142 quadraginta
829 4085 898 4126 ex
927 4071 1012 4127 eis
1034 4073 1253 4142 passim
1275 4073 1649 4143 obtruncant,
1680 4078 1846 4131 caete-

196 4158 277 4215 ris
310 4157 370 4214 in
402 4158 605 4213 urbem
620 4160 1108 4231 confugientibus,
1132 4170 1187 4217 et
1209 4161 1299 4217 vix
1318 4162 1472 4218 intra
1498 4162 1709 4219 moenia
1730 4163 1844 4219 sal·

194 4247 318 4304 vari
347 4263 413 4304 se
443 4248 833 4307 credentibus,
854 4250 961 4315 Qui
983 4255 1174 4307 autem
1195 4252 1551 4321 ceciderunt,
1575 4256 1845 4310 strenuos

194 4337 402 4403 fuisse,
442 4341 501 4394 et
530 4337 601 4392 de
631 4338 1034 4408 nobilioribus,
1065 4340 1279 4397 civium
1310 4340 1636 4399 lamentaet
1663 4342 1846 4413 eJula·

194 4430 293 4483 tus
316 4426 373 4481 in
399 4424 633 4481 civitate
653 4427 826 4482 solito
857 4429 1486 4501 amplior,docuerunt.
1511 4431 1629 4488 Rex
1646 4437 1841 4487 autem

1955 3271 2083 3342 ejus
2115 3270 2280 3343 quasi
2301 3266 2598 3334 fratribus,
2623 3264 2736 3331 usi,
2767 3264 2840 3321 ad
2873 3263 3066 3322 locum
3089 3261 3184 3319 cui
3214 3275 3424 3318 nomen
3443 3258 3604 3318 Mer-

1955 3360 2192 3434 gisatar,
2222 3359 2508 3418 ordinatis
2549 3355 2909 3422 cohortibus,
2941 3358 3000 3411 et
3041 3351 3252 3410 militia
3287 3350 3431 3408 locis
3452 3365 3602 3408 enn-

1957 3450 2119 3522 gruis
2148 3450 2443 3522 deputsta,
2458 3449 2834 3504 contendunt.
2852 3443 3070 3499 Dicitur
3089 3445 3286 3498 autem
3306 3441 3458 3498 idem
3472 3453 3599 3495 esse

1953 3540 2141 3610 locus,
2161 3538 2221 3596 in
2277 3554 2395 3610 quo
2450 3534 2681 3602 Saulus,
2711 3534 2892 3605 lupus
2950 3547 3144 3603 rapax,
3196 3528 3458 3586 Ecclesia
3495 3526 3600 3584 Dei

1956 3635 2307 3703 persecutor,
2342 3641 2538 3683 vocem
2594 3622 2820 3680 audivit
2848 3620 3099 3676 dicentis
3130 3635 3150 3674 .·
3188 3617 3377 3687 Saule,
3409 3615 3602 3684 Saule,

1955 3721 2088 3792 quid
2115 3733 2201 3775 me
2227 3712 2611 3788 persequeris?
2631 3712 2768 3781 (Act.
2799 3725 2878 3777 tx,
2905 3708 2957 3781 t)
2989 3714 3044 3764 et
3101 3710 3326 3763 cetera.
3359 3701 3604 3760 Videtur

1954 3815 2153 3866 autem
2183 3804 2462 3862 divinitus
2493 3805 2901 3874 procuratum,
2931 3800 2996 3853 ut
3029 3796 3088 3852 in
3119 3794 3356 3864 eoloco,
3388 3791 3446 3848 in
3480 3805 3598 3862 quc

1955 3899 2077 3954 bisc
2133 3895 2482 3960 acciderant,
2504 3892 2704 3948 eadem
2762 3888 2857 3945 die
2913 3901 3032 3959 qua
3060 3883 3182 3940 bisc
3207 3883 3410 3939 eadem
3441 3878 3604 3938 scci-

1955 3990 2112 4046 disse
2140 3985 2502 4049 dicebantur,
2535 3986 2596 4036 nt
2652 3994 2722 4035 ex
2765 3978 3132 4047 persecutore
3173 3972 3333 4028 fleret
3351 3985 3452 4026 vas
3479 3966 3600 4025 ele-

1956 4076 2194 4142 ctionis,
2225 4071 2485 4130 ildellum
2518 4068 2806 4126 exercitus
2835 4064 2978 4121 illue
2992 4062 3335 4136 perveniret.
3353 4058 3442 4116 lili
3465 4073 3600 4128 ergo

1956 4163 2421 4237 congregati,psr
2438 4159 2674 4216 biduum
2697 4154 3273 4222 sustinentes,eastra
3292 4149 3602 4206 Damasce-

1955 4269 2163 4312 norum
2196 4256 2399 4309 contra
2427 4264 2490 4306 se
2520 4247 2712 4320 posita
2741 4242 3105 4315 nonlongius
3131 4235 3604 4297 intuentur.Ter-

1956 4344 2034 4399 tia
2060 4342 2298 4399 demum
2348 4339 2441 4395 die
2488 4334 2896 4394 convenientes
2952 4329 3300 4395 adinvicem,
3340 4325 3602 4384 ordinato

1954 4430 2089 4486 hinc
2119 4430 2254 4485 inde
2270 4432 2328 4485 et
2359 4425 2693 4497 diligentius
2725 4422 3011 4480 instructo
3039 4415 3340 4492 praeliandi
3361 4428 3606 4486 appara-

194 4515 359 4571 tubis
388 4513 817 4587 clangentibus,
851 4522 908 4572 et
929 4522 1338 4590 tympanorum
1361 4521 1609 4593 strepitu
1634 4520 1763 4577 suis
1786 4520 1857 4576 ad
1890 4512 1938 4582 D
1967 4526 2052 4587 tn,
2084 4534 2249 4577 arma
2277 4515 2581 4576 conterunt
2608 4528 2678 4572 ex
2707 4515 2958 4583 utraque
2990 4503 3343 4580 partenimis
3371 4499 3610 4560 hostili-

192 4619 263 4662 se
296 4605 599 4669 revocatis,
622 4620 757 4660 cum
788 4606 1009 4678 ingenti
1063 4607 1263 4665 laetltia
1292 4625 1469 4682 prope
1501 4609 1703 4666 urbem
1745 4625 1850 4666 ca-

193 4698 593 4760 strametatus»,
628 4697 750 4750 tota
780 4701 947 4751 noete
982 4697 1197 4753 ibidem
1216 4700 1402 4755 victor
1422 4699 1681 4773 quievlt3
1715 4698 1849 4756 inde

194 4799 405 4856 sospes
438 4782 894 4858 Hierosolymam
929 4800 1189 4842 reversus
1219 4793 1327 4844 est.

797 4893 1031 4950 CAPUT
1060 4894 1254 4952 xvttt.

198 4984 321 5039 Rex
349 4980 481 5050 fines
514 4981 971 5039 Damascenorum
1003 4985 1309 5056 inqreditur
1327 5003 1347 5049 ,·
1374 4991 1609 5043 occurrit
1631 4993 1682 5045 ei
1720 4987 1852 5044 Dol-
1890 4973 1900 4982 ’

270 5052 580 5135 ‹ioquin-tus:
604 5071 793 5127 pugna
843 5059 1232 5120 committitur:
1278 5061 1447 5115 victor
1493 5059 1638 5115 redit
1666 5065 1855 5116 noster

270 5131 581 5183 exercitus.

270 5231 557 5303 Sequenti
586 5249 719 5289 vero
750 5249 925 5304 anno,
957 5235 1059 5307 qut
1090 5238 1212 5293 erat
1239 5235 1724 5293 ablncarnatione
1738 5236 1852 5294 Do-

198 5322 347 5379 mini
375 5321 536 5390 ¹126,
571 5324 734 5395 regni
758 5340 887 5381 vero
907 5327 1167 5396 ejusdem
1199 5326 1422 5383 domini
1466 5326 1857 5384 Balduinioc-

195 5416 395 5478 tavus,
412 5427 614 5468 mense
641 5411 673 5467 J
681 5413 941 5482 anuario,
962 5420 1344 5488 congregatus
1375 5420 1465 5472 est
1485 5417 1556 5473 de
1580 5417 1854 5474 mandato

198 5501 427 5560 domini
454 5500 603 5574 regis
630 5507 687 5558 et
717 5503 1067 5576 principum,
1093 5505 1349 5563 universi
1388 5505 1546 5578 regni
1580 5505 1853 5580 populus,

196 5609 235 5649 a
267 5587 531 5647 maximo
563 5605 748 5664 usque
776 5593 848 5650 ad
886 5593 1221 5666 minimum,
1252 5609 1395 5654 voce
1422 5594 1733 5670 prasente,
1754 5611 1857 5670 per

1956 4615 2080 4678 ter;
2111 4612 2170 4666 et
2198 4608 2438 4682 paribus
2457 4594 3412 4677 quasicongressibusincedsntes,
3443 4587 3607 4647 anci-

1959 4700 2140 4775 pitem
2172 4699 2274 4755 diu
2304 4698 2379 4753 de
2408 4693 2645 4751 victoria
2676 4690 3082 4763 protraxerunt
3097 4677 3609 4741 sententiam.Rsx

1958 4795 2156 4848 tamen
2182 4804 2340 4845 more
2365 4785 2538 4844 solito
2569 4782 2836 4839 hostibus
2880 4779 3107 4835 instans
3154 4769 3428 4836 atrocius,
3461 4775 3609 4826 stre·

1962 4895 2211 4936 nuorum
2237 4890 2528 4950 quemque
2559 4875 2725 4928 vocat
2743 4884 2811 4926 ex
2839 4867 3099 4932 nomine,
3120 4866 3177 4920 et
3205 4858 3396 4916 verbis
3432 4855 3611 4916 simul

1960 4976 2015 5025 st
2046 4966 2310 5038 exemplo
2341 4974 2743 5028 commonens,
2775 4957 2847 5014 ad
2898 4958 3150 5027 stragem
3208 4948 3418 5008 invitat
3446 4955 3504 5005 st
3523 4945 3612 5004 vl-

1961 5057 2204 5115 ctoriam
2235 5053 2557 5127 pollicetur.
2591 5048 2684 5106 ttti
2705 5063 2835 5104 vero
2883 5043 3089 5102 stricto
3117 5039 3314 5115 gladio
3343 5035 3611 5096 hostibus

1963 5145 2390 5213 incumbentes,
2426 5155 2616 5214 regem
2649 5136 2842 5211 quoad
2865 5136 3130 5208 possunt,
3161 5135 3397 5187 strenus
3425 5124 3608 5183 nimIs

1962 5235 2181 5297 imitari
2211 5234 2518 5298 nituntur3
2549 5232 2608 5286 et
2635 5225 2769 5283 fidei
2798 5223 2988 5282 selum
3020 5221 3326 5285 habentes,
3348 5214 3610 5272 divinam

1962 5323 2223 5383 simulet
2252 5337 2390 5379 suas
2421 5319 2624 5378 ulcisci
2655 5311 3207 5384 nituntur-injurias.
3242 5307 3308 5365 At
3334 5321 3467 5363 vero
3482 5301 3613 5361 Dol-

1965 5416 2259 5488 dcquinus
2278 5428 2419 5469 suos
2447 5406 2833 5466 nihilominus
2857 5401 3028 5459 dictis
3058 5399 3370 5465 animat,et
3399 5394 3470 5450 ad
3505 5409 3615 5467 pu-

1964 5520 2138 5577 gnam
2161 5499 2466 5577 promissis
2484 5496 3046 5564 incendit,asserens
3057 5505 3156 5546 eos
3175 5488 3390 5560 justum
3404 5483 3612 5541 bellum

1962 5607 2166 5669 oerore
2187 5605 2290 5667 pro
2325 5588 2588 5649 maban
2613 5591 2668 5645 et
2697 5583 2928 5651 tuere,-
2956 5586 3015 5639 ει
3030 5593 3132 5655 pro
3169 5576 3440 5646 tibertau,
3463 5571 3607 5647 quod
