3784 6000
290 234 432 294 1285

1740 228 1933 291 LUCII
1973 229 2049 289 111
2089 231 2300 290 PAPAE

3577 238 3712 303 im

273 361 476 436 pertiri
519 360 896 432 suffragium.
952 362 1298 433 Eapropter,
1343 358 1540 417 dilecti
1577 359 1637 416 in
1669 357 1925 415 Domino
1953 355 2007 423 Α
2037 374 2146 416 seu
2173 358 2540 433 quibuslibet
2568 361 2988 420 vexationibus
3030 363 3325 438 fatigare;
3359 364 3472 422 sed
3503 364 3714 425 omnia

270 452 395 521 filii,
415 454 628 510 vestris
648 452 823 522 iustis
844 449 1352 523 postulationibus
1375 449 1695 507 clementer
1714 446 1926 505 annui-

274 557 434 609 mus,
466 546 525 599 et
556 537 872 612 proefatum
924 539 1355 594 monasterium
1391 540 1445 595 S.
1475 539 1770 597 Trinitatis
1803 537 1924 593 Flo·

272 631 543 695 rentinoe,
568 630 627 684 in
679 644 802 701 quo
832 626 1034 683 divino
1064 627 1384 699 mancipati
1427 629 1565 683 estis
1607 627 1925 699 obsequio,

2035 448 2266 519 integra
2290 455 2718 507 conserventur
2739 466 2976 518 eorum,
3006 467 3118 526 pro
3135 468 3405 527 quorum
3419 458 3714 513 sustenta-

2039 537 2196 594 tione
2223 543 2282 594 et
2301 538 2735 609 gubernatione
2764 555 3065 599 concessa
3084 548 3244 609 sunt.
3277 543 3498 601 usibus
3526 542 3716 602 omni-

2039 627 2235 683 modis
2266 626 2598 699 profutura,
2614 631 2784 687 salva
2810 628 2969 686 sedis
2989 630 3338 702 apostolicas
3361 632 3714 692 auctoritate

273 719 386 775 sub
438 722 495 774 Β.
541 718 693 774 Petri
723 722 780 773 et
826 721 1031 773 nostra
1074 717 1441 789 protectione
1471 712 1833 788 suscipimus
1872 718 1931 771 et
2036 715 2439 773 etdioecesani
2470 717 2738 791 episcopi
2758 719 3057 778 canonica
3073 720 3334 793 justitia.
3361 718 3430 777 Si
3457 736 3588 796 qua
3617 722 3714 795 igi-

270 807 584 882 praesentis
610 806 813 879 scripti
856 805 1165 879 privilegio
1205 807 1662 877 communimus,
1702 807 1764 862 in
1813 804 1931 877 pri-

272 896 391 953 mis
423 895 723 969 siquidem
754 900 1081 952 statuentes
1110 900 1170 952 ut
1199 895 1349 952 ordo
1388 894 1781 961 monasticus,
1821 892 1930 967 qui

262 985 596 1043 secundum
646 988 854 1050 Deum,
912 991 969 1041 et
1001 986 1063 1040 Β.
1102 984 1398 1041 Benedicti
1434 985 1721 1056 Regulam
1750 988 1931 1056 atque

262 1075 694 1133 institutionem
715 1074 966 1131 fratrum
984 1074 1467 1131 vallisumbrosae
1484 1073 1546 1130 in
1563 1074 1775 1131 eodem
1803 1088 1929 1130 mo·

268 1163 1930 1235 nasterioinstitutusessedignoscitur,perpetuisibidem

273 1254 650 1328 temporibus
694 1253 1113 1310 inviolabiliter
1169 1253 1537 1321 observetur,
1617 1256 1927 1320 Praeterea,

274 1359 676 1418 quascunque
704 1343 1140 1416 possessiones.
1171 1359 1551 1417 quaecunque
1576 1344 1740 1400 bona
1769 1342 1931 1400 idem

272 1434 704 1491 monasterium
752 1433 1270 1506 inpraesentiarum
1315 1432 1469 1504 juste
1531 1438 1588 1490 et
1642 1432 1930 1490 canonice

273 1521 563 1594 possidet,
596 1521 781 1578 autin
830 1521 1095 1577 futurum
1136 1521 1525 1577 concessione
1554 1522 1925 1593 pontificum,

270 1610 585 1680 largitione
602 1624 811 1680 regum
833 1609 927 1666 vel
945 1607 1615 1682 principum,oblatione
1635 1609 1926 1676 fidelium,

2041 807 2133 861 tur
2186 803 2249 861 in
2278 803 2546 863 futurum
2576 804 2983 866 ecclesiastica
3018 809 3404 868 saecularisve
3433 825 3714 884 persona,

2039 892 2198 951 banc
2223 898 2435 951 nostrie
2459 895 2909 954 constitutionis
2940 896 3232 972 paginam
3259 898 3490 967 sciens,
3521 904 3716 961 contra

2040 998 2177 1041 eam
2191 988 2410 1041 temere
2423 984 2621 1041 venire
2635 986 2927 1044 tentaveri
2942 991 2986 1053 t,
3005 987 3276 1046 secundo
3287 987 3548 1047 tertiove
3561 1005 3714 1047 com·

2041 1072 2288 1139 monita,
2334 1072 2448 1129 nisi
2479 1079 2714 1132 reatum
2762 1091 2941 1134 suum
2975 1075 3287 1149 condigna
3307 1076 3714 1139 satisfactione

2041 1163 2373 1231 correxerit,
2405 1163 2714 1235 potestatis
2753 1163 3124 1240 honorisque
3153 1164 3253 1224 sui
3294 1166 3602 1239 dignitate
3624 1183 3716 1227 ca·

2040 1255 2185 1317 reat,
2218 1268 2502 1326 reamque
2527 1269 2590 1310 se
2622 1252 2829 1311 divino
2849 1253 3080 1326 judicio
3105 1254 3366 1315 existere
3395 1254 3476 1314 de
3509 1272 3714 1331 perpe·

2039 1342 2515 1415 tratainiquitate
2527 1347 2871 1414 cognoscat,
2890 1349 2948 1401 et
2966 1359 3004 1402 a
3026 1343 3446 1404 sacratissimo
3465 1362 3714 1420 corpore

2039 1435 2097 1488 et
2125 1431 2417 1503 sanguine
2445 1431 2540 1488 Dei
2562 1437 2619 1489 et
2645 1432 2897 1489 Domino
2920 1431 3344 1506 Redemptoris
3365 1434 3564 1493 nostri
3591 1438 3718 1495 lesu

2041 1520 2250 1577 Christi
2279 1520 2478 1577 aliena
2507 1521 2634 1589 fiat,
2684 1526 2867 1595 atque
2924 1521 2985 1578 in
3018 1526 3292 1581 extremo
3323 1524 3616 1583 examine
3641 1525 3718 1583 di·

2039 1608 2194 1665 vinoe
2228 1608 2435 1666 ultioni
2469 1609 2805 1683 subjaceat.
2840 1608 3092 1668 Cunctis
3114 1616 3326 1669 autem
3359 1611 3570 1673 eidem
3596 1614 3718 1675 loco

269 1703 365 1755 vel
398 1699 529 1755 aliis
551 1699 735 1770 justis
766 1698 984 1764 modis,
1021 1703 1345 1769 praestante
1395 1698 1668 1765 Domino,
1717 1700 1928 1772 poterit
1965 1712 2016 1771 Β
2041 1714 2153 1755 sua
2177 1697 2316 1769 jura
2338 1699 2734 1768 servantibus,
2783 1700 2857 1757 sit
2907 1715 3029 1774 pax
3061 1700 3302 1759 Domini
3360 1703 3562 1760 nostri
3591 1705 3718 1761 Jesu

268 1787 542 1860 adispici.
591 1787 767 1843 firma
792 1787 965 1845 vobis
1014 1788 1353 1860 vestrisque
1392 1788 1841 1845 successoribus
1872 1793 1932 1846 et

268 1876 496 1933 illibata
526 1881 940 1949 permaneant.
974 1878 1036 1932 ln
1072 1876 1296 1950 quibus
1328 1877 1456 1934 haec
1483 1878 1737 1951 propriis
1759 1878 1931 1936 duxi-

270 1982 407 2022 mus
435 1966 832 2038 exprimenda
857 1965 1167 2022 vocabulis
1200 1983 1215 2022 :

343 2058 564 2112 Locum
593 2056 793 2128 ipsum
820 2056 879 2111 in
902 2071 1025 2128 quo
1053 2055 1370 2128 praefatum
1397 2057 1830 2115 monasterium
1857 2057 1931 2113 si-

269 2150 398 2202 tum
423 2150 640 2202 etcum
674 2144 958 2217 parochia
989 2161 1100 2203 sua
1141 2145 1314 2201 certis
1344 2145 1613 2202 terminis
1656 2144 1926 2212 diffinita,

270 2236 583 2291 curtemde
605 2232 811 2307 Ripule
836 2239 894 2291 et
921 2234 996 2291 de
1024 2232 1321 2302 varliano,
1350 2239 1579 2291 curtem
1612 2236 1688 2292 de
1713 2235 1930 2306 Ligna-

266 2323 376 2392 ria,
405 2329 633 2380 curtem
675 2323 750 2379 de
796 2325 987 2380 Monte
1035 2339 1174 2379 cum
1203 2323 1488 2382 omnibus
1515 2338 1724 2380 earum
1753 2324 1928 2398 perti·

263 2412 507 2481 nentiis,
538 2428 716 2484 agros
729 2413 804 2469 de
830 2414 1123 2482 Mugnone
1140 2417 1197 2469 et
1220 2412 1294 2469 de
1308 2412 1625 2469 Turi-icum
1654 2412 1779 2470 suis
1799 2429 1929 2486 per·

263 2501 540 2558 tinentiis.
576 2502 731 2558 Sane
761 2501 1073 2557 novalium
1101 2505 1458 2569 vestrorum,
1494 2517 1629 2575 quae
1669 2502 1926 2575 propriis

262 2589 568 2656 manibus,
609 2595 712 2646 aut
740 2590 1081 2662 sumptibus
1110 2590 1320 2657 colitis,
1352 2591 1474 2648 sive
1500 2590 1574 2647 de
1602 2592 1929 2649 nutrimen-

267 2678 340 2736 tis
370 2677 724 2735 animalium
755 2684 1089 2735 vestrorum
1136 2678 1337 2735 nullus
1375 2695 1413 2735 a
1441 2680 1609 2736 vobis
1662 2679 1928 2736 decimas

266 2772 618 2842 extorquere
642 2772 986 2840 praesumat.
1010 2766 1459 2841 Liceatquoque
1491 2767 1660 2825 vobis
1681 2768 1928 2827 clerlcos

264 2858 357 2915 vel
387 2857 595 2923 laicos,
617 2873 648 2914 e
679 2856 900 2914 saeculo
925 2856 1216 2927 fugientes
1246 2855 1467 2913 liberos
1508 2862 1568 2913 et
1593 2857 1926 2928 absolutos,

263 2948 342 3007 ad
366 2947 828 3005 conversionem
857 2946 1119 3020 recipere
1139 2951 1196 3003 et
1226 2962 1331 3004 eos
1350 2946 1579 3020 absque
1598 2948 1930 3007 contradic-

2041 1787 2265 1855 Christi,
2295 1794 2593 1861 quatenus
2613 1788 2790 1847 ethic
2819 1787 3078 1846 fructum
3104 1788 3286 1850 bonas
3313 1790 3585 1849 actionis
3603 1808 3720 1867 per·

2038 1876 2263 1949 cipiant
2283 1882 2340 1934 et
2361 1878 2524 1950 apud
2548 1876 2887 1935 districtum
2904 1876 3172 1951 judicem
3196 1879 3466 1951 promia.
3485 1885 3716 1943 estem·

2040 1965 2208 2039 pacis
2231 1965 2557 2024 inveniant.
2595 1972 2800 2039 Amen,
2837 1982 3044 2036 amen,
3074 1981 3286 2027 amen.

2113 2057 2235 2125 Ego
2276 2054 2495 2113 Lucius
2537 2054 2844 2115 catholicis
2874 2056 3154 2115 Ecclesioe
3181 2056 3554 2133 episcopus.

2109 2146 2232 2215 Ego
2259 2143 2642 2202 Theoduinus
2677 2144 3032 2206 portuensis
3054 2150 3113 2203 et
3143 2146 3200 2205 S.
3235 2144 3480 2205 Rufino
3507 2148 3720 2223 episco-

2038 2247 2150 2306 pus
2181 2234 2539 2308 subscripsi.

2107 2324 2228 2394 Ego
2253 2322 2538 2381 Henricus
2568 2322 2932 2380 Albanensis
2965 2321 3296 2397 episcopus
3335 2324 3686 2401 subscripsi,

2109 2413 2229 2482 Ego
2258 2411 2475 2470 Paulus
2503 2412 2906 2470 Proenestinus
2934 2412 3273 2486 episcopus
3301 2412 3654 2491 subscripsi.

2108 2502 2229 2571 Ego
2252 2503 2512 2559 loannes
2543 2499 2748 2575 presb.
2783 2500 2949 2558 card.
2987 2499 3071 2558 tit.
3093 2499 3155 2557 S.
3179 2502 3366 2561 Marci
3403 2504 3708 2581 subcripsi,

2110 2590 2231 2659 Ego
2276 2588 2586 2648 Laborans
2629 2586 2838 2662 presb.
2885 2588 3052 2645 card.
3107 2588 3171 2647 S.
3227 2588 3448 2649 Barim
3477 2591 3708 2653 intrans

2036 2676 2294 2734 Tiberim
2325 2678 2410 2735 tit.
2444 2678 2663 2736 Callisti
2687 2677 3039 2752 subscripsi.

2109 2767 2228 2836 Ego
2253 2769 2454 2823 Petrus
2500 2765 2705 2839 presb.
2741 2765 2976 2825 cardin.
3024 2766 3110 2824 tit.
3140 2768 3205 2825 S.
3265 2770 3572 2831 Susanna
3594 2772 3708 2833 sub.

2039 2869 2268 2928 scripsi.

2111 2945 2233 3015 Ego
2272 2942 2661 3017 pandulphus
2689 2942 2893 3018 presb.
2914 2942 3084 3004 card.
3125 2946 3222 3006 tit.
3255 2946 3548 3012 basilico
3579 2952 3710 3012 Duo·

266 3038 429 3096 tione
455 3037 658 3111 aliqua
686 3037 956 3094 retinere.
986 3035 1384 3093 probibemus
1410 3036 1658 3109 insuper
1691 3044 1754 3094 ut
1780 3038 1924 3096 nulli
1967 3072 2012 3134 G
2039 3032 2234 3091 decim
2262 3034 2702 3107 Apostolorum
2741 3033 3096 3109 subscripsi.

264 3127 518 3185 fratrum
550 3134 901 3192 vestrorum,
926 3131 1063 3199 post
1081 3125 1379 3182 factamin
1403 3126 1619 3184 eodem
1635 3125 1769 3184 loco
1797 3144 1927 3200 pro·

266 3216 613 3284 sessionem,
641 3216 735 3275 fas
774 3216 848 3273 sit
878 3217 1110 3289 absque
1133 3215 1370 3272 abbatis
1400 3216 1492 3272 sui
1518 3215 1778 3282 licentia,
1816 3217 1932 3274 nisi

271 3306 544 3366 arctioris
570 3305 876 3378 religionis
902 3305 1173 3372 obtentu,
1213 3304 1289 3361 de
1330 3303 1545 3365 eodem
1568 3305 1702 3363 loco
1744 3307 1931 3366 disce-

271 3395 413 3454 dere
443 3419 457 3463 ς
490 3396 897 3454 discedentem
921 3410 1065 3452 vero
1098 3394 1329 3468 absque
1360 3396 1803 3462 communium,
1851 3396 1931 3454 li·

269 3486 605 3544 centiarum
633 3486 929 3552 cautione,
978 3483 1179 3541 nullus
1206 3483 1425 3541 audeat
1481 3484 1749 3542 retinere.
1782 3486 1931 3544 Cum

269 3581 472 3634 autem
500 3576 777 3648 generale
802 3574 1183 3632 interdictum
1217 3579 1386 3630 terrae
1414 3573 1609 3640 fuerit,
1640 3573 1815 3633 liceat
1833 3591 1933 3632 vo·

270 3664 383 3732 bis,
418 3665 637 3722 clausis
664 3665 868 3737 januis
900 3663 1159 3721 exclusis
1187 3663 1728 3721 excommunicatis
1759 3669 1813 3721 et
1843 3665 1933 3722 in-

267 3753 551 3821 terdictis,
606 3769 730 3811 non
755 3754 1007 3827 pulsatis
1026 3753 1364 3825 campanis,
1404 3768 1731 3825 suppressa
1760 3769 1927 3822 voce,

269 3844 476 3902 divina
498 3842 694 3902 officia
720 3842 1043 3903 celebrare.

340 3934 687 3991 inhibemus
742 3934 991 4006 insuper
1041 3935 1102 3990 ut
1159 3931 1381 4001 nullus,
1434 3930 1594 3988 infra
1643 3933 1930 3991 terminos

265 4021 567 4094 parochias
598 4026 825 4089 vestrae,
860 4023 989 4079 sine
1020 4037 1266 4080 assensu
1312 4021 1635 4078 dioecesani
1660 4022 1928 4095 episcopi

266 4114 323 4167 et
343 4115 559 4176 vestro,
608 4111 930 4168 ecclesiam
956 4109 1048 4168 vel
1099 4111 1449 4178 oratorium,
1487 4110 1564 4167 de
1590 4126 1749 4168 novo
1787 4126 1928 4169 con·

266 4203 496 4256 struere
525 4199 765 4266 audeat,
797 4199 977 4257 salvis
1008 4205 1210 4257 tamen
1277 4199 1602 4273 privilegiis
1642 4203 1927 4259 Romanae

265 4287 561 4343 Ecclesiae.
594 4288 973 4359 sepulturam
1020 4305 1267 4362 quoque
1296 4288 1488 4361 ipsius
1529 4289 1645 4347 loci
1670 4289 1926 4348 liberam

265 4391 399 4433 esse
441 4375 836 4442 decernimus,
882 4382 945 4435 ut
994 4393 1202 4435 eorum
1232 4378 1536 4437 devotioni
1564 4385 1619 4436 et
1646 4385 1926 4437 extremae

266 4465 562 4524 voluntati
608 4465 713 4541 qui
767 4482 832 4524 se
872 4466 989 4524 illic
1037 4468 1270 4540 sepeliri
1295 4466 1764 4533 deliberaverint,
1814 4468 1928 4526 nisi

263 4554 413 4614 forte
493 4557 989 4614 excommunicati
1046 4557 1133 4615 vel
1192 4557 1486 4615 interdicti
1537 4558 1674 4625 sint,
1724 4558 1928 4616 nullus

261 4643 535 4713 obsistat,
569 4645 739 4704 salva
768 4651 968 4704 tamen
994 4647 1223 4719 justitia
1268 4646 1506 4704 illarum
1538 4647 1928 4705 ecclesiarum

262 4736 532 4808 aquibus
551 4742 927 4794 mortuorum
953 4752 1211 4810 corpora
1232 4741 1642 4795 assumuntur.
1661 4737 1928 4794 obeunte

261 4839 404 4883 vero
430 4830 485 4882 te
512 4826 961 4898 nunceJusdem
983 4826 1096 4884 loci
1123 4826 1369 4892 abbate,
1405 4825 1756 4884 veltuorum
1783 4841 1929 4899 quo-

259 4911 403 4971 libet
423 4931 866 4982 successorum,
897 4916 1100 4974 nullus
1137 4916 1221 4974 ibi
1247 4915 1928 4990 qualibetsnbreptionis

2111 3125 2234 3196 Ego
2273 3122 2537 3182 Jacobus
2565 3122 2723 3182 diac.
2750 3123 2916 3182 card.
2969 3125 3028 3184 S.
3057 3125 3260 3186 Hariie
3299 3127 3374 3188 in
3405 3132 3714 3194 cosmedin

2042 3212 2400 3286 subscripsi.

2113 3305 2235 3375 Ego
2260 3302 2574 3360 Gratianus
2624 3301 2780 3360 diac.
2841 3303 3006 3362 card.
3059 3305 3164 3364 SS.
3198 3307 3458 3368 cosma
3509 3315 3572 3370 et
3616 3313 3718 3370 ns·

2042 3393 2220 3450 miani
2246 3391 2598 3465 subscripsi.

2112 3486 2234 3554 Ego
2258 3481 2418 3540 Bobo
2444 3482 2599 3538 diac.
2619 3480 2782 3539 card.
2817 3483 2874 3540 S.
2894 3481 3104 3553 Angeli
3133 3483 3528 3562 subscripsi.

2112 3576 2235 3643 Ego
2280 3570 2551 3630 Sosi-idus
2601 3570 2763 3629 diac.
2801 3570 2966 3630 card.
2994 3571 3034 3628 S
3063 3571 3280 3632 Mariae
3333 3576 3404 3636 in
3435 3578 3550 3638 Via
3577 3579 3706 3640 Lm

2040 3660 2387 3734 subscripsi.

2111 3750 2329 3809 Datum
2380 3748 2684 3822 anagnias,
2744 3764 2846 3822 per
2874 3763 3128 3808 manum
3177 3751 3435 3814 alberti
3491 3759 3560 3815 S·
3589 3761 3653 3818 R.
3679 3761 3724 3818 Β·
3779 3749 3782 3816 1

2039 3840 2239 3914 presb.
2271 3839 2435 3898 card.
2477 3855 2549 3896 ac
2577 3837 2936 3906 cancellarii,
2966 3853 3078 3896 xm
3125 3839 3276 3899 Kal.
3311 3845 3544 3916 Hal-tii,
3571 3848 3726 3907 indie-

2039 3930 2196 3989 tione
2225 3927 2512 3996 secunda,
2529 3927 2961 3987 lucarnationis
2995 3928 3356 3992 Dominicoe
3379 3950 3558 3996 anno
3597 3939 3724 4010 ¹18³,

2038 4019 2423 4094 pontificatus
2456 4034 2597 4075 vero
2625 4017 2785 4074 Lucii
2815 4017 2986 4092 Papae
3037 4016 3114 4076 111
3137 4033 3332 4081 auno
3365 4026 3582 4086 tertio.

2757 4143 2978 4202 CXXIX

2037 4237 2107 4294 In
2151 4235 2420 4294 Ecclesia
2467 4233 2796 4292 Mutinensi
2811 4233 3048 4291 msmui
3100 4239 3488 4321 canonicos.
3517 4245 3634 4303 nisi
3667 4243 3724 4304 sl

2107 4308 2379 4439 grerzgtzbus
2427 4306 2730 4365 canonicis
2779 4311 2887 4364 aut
2939 4305 3180 4364 sanior-s·
3262 4319 3472 4382 poree
3523 4317 3718 4380 eleetos,

2524 4466 2856 4542 (Anagniae,
2891 4465 3060 4524 Febr.
3097 4469 3232 4544 27.)

2238 4558 2621 4633 [Tiassoscnn
2648 4557 2934 4615 Memor-ie
2959 4555 3242 4630 Medea„
3275 4561 3388 4630 111,
3421 4565 3554 4644 uk]

2111 4652 2310 4707 Luctus
2357 4647 2699 4721 episcopus,
2730 4661 2942 4704 servus
2969 4661 3312 4710 servorum
3350 4655 3496 4724 Dei,
3523 4655 3706 4716 dilesfi·

2038 4739 2176 4796 filiis
2206 4738 2526 4812 praeposito
2547 4741 2606 4794 et
2632 4735 2940 4794 canonicis
2959 4735 3468 4814 Mutinensibus,
3491 4745 3700 4806 uluis·

2039 4834 2095 4885 et
2119 4826 2511 4900 apostolicam
2556 4825 3054 4883 benedictionem.

2109 4917 2168 4974 Si
2217 4915 2463 4989 quando
2494 4913 2574 4972 ab
2617 4913 2948 4987 apostolica
2999 4911 3149 4972 sede
3175 4917 3696 4998 requiritur-,qnod

259 5004 481 5062 astutia
504 5019 611 5061 seu
634 5004 915 5063 violentia
944 5011 1354 5079 praeponatur,
1385 5006 1500 5063 nisi
1519 5021 1701 5079 quem
1721 5005 1931 5063 fratres
2033 5007 2155 5079 J‘uri
2171 5006 2450 5064 convenit
2475 5011 2531 5062 et
2559 5008 2849 5063 consonat
2878 5001 3123 5072 rationi,
3183 5010 3554 5078 petentium
3579 5011 3694 5072 desi-

259 5094 567 5152 communi
597 5110 914 5163 consensu,
959 5096 1055 5154 vel
1087 5095 1341 5154 fratrum
1381 5109 1523 5167 pars
1571 5094 1799 5152 consilii
1832 5111 1927 5151 sa·

2037 5096 2217 5153 deriis
2242 5094 2480 5153 facilem
2495 5093 2789 5152 debemus
2814 5091 3108 5166 impertiri
3119 5109 3554 5170 consensum,
3577 5117 3640 5162 us
3655 5101 3694 5158 'n

256 5182 459 5250 nioris,
493 5184 826 5240 secundum
876 5182 977 5242 Dei
1012 5184 1281 5241 timorem
1311 5188 1370 5240 et
1398 5186 1455 5240 B.
1481 5182 1776 5240 Benedicti
1818 5185 1930 5239 Re-
2037 5203 2110 5244 eo
2134 5185 2324 5259 (quod
2354 5184 2515 5243 absit
2537 5181 2858 5255 l)difficiles
2872 5181 3214 5252 videamur,
3251 5189 3444 5262 quod
3463 5189 3692 5250 conred

260 5271 486 5342 gulam,
519 5273 893 5347 providerint
916 5273 1285 5346 eligendum.

328 5361 713 5420 Decernimus
729 5379 872 5436 ergo
891 5369 953 5420 ut
983 5364 1127 5420 nulli
1153 5362 1402 5420 omnino
1416 5362 1730 5420 hominum
1747 5361 1835 5421 fas
1852 5363 1928 5420 sit

259 5447 572 5522 praefatum
597 5453 1028 5511 monasterium
1044 5459 1262 5510 temere
1280 5453 1649 5526 perturbare,
1671 5458 1776 5511 aut
1790 5453 1924 5525 ejus

251 5534 672 5610 possessiones
691 5540 944 5610 auferre,
959 5539 1057 5597 vel
1071 5540 1306 5601 ablatas
1331 5541 1603 5609 retinere,
1628 5541 1922 5606 minuere,

2038 5275 2304 5333 celeriter
2333 5272 2653 5345 indulgeri.
2691 5274 3017 5344 Eapropter
3063 5276 3434 5338 canonicos
3469 5278 3688 5340 inse*

2038 5365 2132 5422 sia
2159 5361 2615 5428 vestrainstitui,
2640 5364 2848 5420 contra
2860 5359 3184 5432 antiquam
3207 5369 3684 5428 consuetudins!

2035 5454 2325 5512 hactenus
2353 5451 2752 5517 observatam,
2785 5447 3142 5508 auctoritate
3183 5457 3552 5526 apostolius
3593 5469 3682 5532 pt*

2033 5543 2334 5611 bibemus,
2381 5540 2497 5600 nisi
2532 5555 2692 5616 quos
2736 5536 3016 5606 cononici
3039 5544 3388 5612 communi
3423 5557 3678 5612 annm
