3784 6000
266 168 413 237 {323

1570 208 1577 215 .
1696 160 1885 219 Lucn
1929 160 2006 219 m
2045 162 2256 220 PAPAE

268 293 409 353 filiis
432 289 650 349 nostris
678 292 745 347 R.
774 285 1114 361 praeposito,
1141 287 1209 341 R.
1232 283 1481 357 decano,
1509 285 1616 342 Th.
1654 290 1920 354 cantore,
1954 291 2001 345 Α
2034 304 2169 361 pus,
2237 289 2449 346 eadem
2480 287 2799 346 ecclesiam
2845 301 2988 344 eum
3025 283 3426 360 pertinentiis
3456 282 3612 347 suis.
3645 285 3702 342 de

270 377 913 453 etcapituloRemensi‚
944 376 1365 440 subtrecensu,
1397 374 1675 431 undecim
1695 391 1924 433 annua-

272 472 380 529 tim
433 469 693 543 capitulo
741 463 1191 530 solvendarum,
1248 461 1454 520 labore
1496 470 1595 519 tuo
1645 470 1699 521 et
1730 463 1922 520 fructu

275 564 529 634 pensato
548 555 750 631 quide
778 554 985 610 labore
1009 554 1300 624 provenit,
1317 552 1421 608 tibi
1445 552 1747 620 collatam,
1773 553 1929 609 siout

275 665 410 707 eam
435 646 684 721 pacifice
710 642 1052 716 possideset
1069 641 1132 697 in
1159 642 1381 713 scripto
1401 641 1742 699 authentico
1764 642 1930 716 capi-

274 739 383 795 tuli
407 736 763 797 continetur,
795 730 1095 787 devotioni
1125 735 1243 787 tuae
1286 731 1637 786 auctoritate
1686 736 1936 803 aposto-

273 826 391 884 lica
414 823 938 882 confirmamus....
968 819 1169 891 scripti
1200 835 1341 876 vero
1384 818 1513 876 talis
1542 825 1630 876 est
1651 827 1817 877 tenor
1846 836 1860 875 :

352 937 377 968 α
407 918 470 971 R.
504 912 879 987 praepositus,
913 912 979 966 R.
1014 909 1303 977 decanus,
1333 909 1436 965 Th.
1480 915 1689 965 cantor
1716 908 1936 966 caeteri-

276 1021 396 1080 que
426 1000 734 1061 Remensis
774 998 1044 1055 Ecclesiae
1084 996 1314 1063 fratres,
1336 997 1685 1054 omnibus..
1726 1002 1935 1053 notum

278 1094 408 1154 fieri
437 1090 718 1149 volumus
767 1086 1081 1152 universis,
1136 1085 1300 1158 quod
1332 1085 1530 1142 villam
1560 1091 1827 1142 nostram
1863 1087 1940 1142 de

278 1181 629 1246 Fraillicurt,
658 1194 796 1234 cum
828 1177 1113 1233 omnibus
1132 1190 1269 1248 quoe
1297 1174 1519 1231 ibidem
1558 1175 1801 1231 nomine
1832 1191 1942 1231 no-

282 1277 404 1329 stro
432 1272 711 1343 poterunt
730 1265 988 1330 evenire,
1034 1268 1156 1320 tota
1175 1263 1295 1319 vita
1324 1278 1435 1319 sua
1456 1262 1803 1321 habendam
1830 1263 1943 1319 do-

282 1361 559 1418 navimus
599 1356 885 1427 magistro
922 1351 1182 1409 arnaldo
1216 1350 1471 1408 Blesensi
1506 1354 1798 1409 canonico
1837 1368 1943 1409 no-

285 1456 426 1516 str0,
443 1448 839 1504 subtrecensu
859 1441 1137 1498 undecim
1170 1441 1345 1497 nobis
1380 1441 1690 1498 annuatim
1710 1443 1943 1500 solven-

284 1539 523 1596 darum.
541 1534 845 1602 Quiavero
862 1530 1127 1587 eamdem
1152 1529 1352 1586 villam
1366 1533 1607 1586 tenuem
1626 1532 1938 1604 quondam

2033 393 2284 441 assensu
2322 378 2633 435 Leodiensi
2666 376 2940 434 Ecclesia
2973 378 3034 432 et
3079 373 3504 433 fundatorum
3545 372 3702 439 illies,

2036 467 2346 540 preafatam
2365 468 2674 524 ecclesiam
2711 467 2903 523 Beatoe
2945 463 3141 522 uaria
3177 460 3578 535 uagdalenoe
3607 478 3702 519 mo

2039 557 2297 614 nasterio
2339 562 2533 613 vestro
2563 554 2876 621 concessit,
2902 559 2961 610 et
2996 552 3077 611 ad
3101 552 3404 610 divinum
3434 550 3526 609 ibi
3559 553 3710 609 servi-

2041 646 2186 702 tium
2217 650 2504 719 perpetuo
2531 642 2959 702 celebrandum
2990 642 3066 699 de
3086 640 3319 700 eodem
3357 642 3708 699 monasterio

2043 734 2103 789 in
2144 750 2279 791 eam
2313 733 2646 790 monachos
2676 730 2948 798 instituit,
2980 735 3036 788 et
3052 729 3552 787 concessionem
3565 745 3710 786 suan

2045 821 2267 894 scripto
2293 823 2536 896 proprio
2561 819 2958 878 confirmavit.
2984 819 3152 876 Unde
3194 834 3322 875 nos
3351 817 3540 893 quod
3558 817 3636 875 ab
3651 834 3712 875 eo-

2045 909 2184 966 dem
2206 910 2635 967 rationabiliter
2659 909 2881 966 t'actum
2905 912 2993 964 est
3018 912 3077 965 et
3105 908 3437 964 hactenus
3463 907 3712 963 obseru-

2050 1003 2403 1069 tum,ratum
2420 1015 2552 1055 esse
2566 997 2854 1063 volentes,
2881 994 3206 1053 ecclesiam
3230 994 3420 1052 illam
3448 1011 3594 1053 cum
3621 1010 3716 1068 per·

2051 1088 2309 1145 tinentiis
2333 1088 2457 1143 suis
2487 1087 2637 1144 sicut
2658 1102 2792 1144 eam
2812 1102 2887 1142 ex
2914 1085 3078 1142 dono
3098 1084 3403 1158 episcopi
3435 1088 3718 1142 memorati

2049 1176 2204 1249 iuste
2231 1192 2302 1233 ac
2330 1177 2578 1250 pacitice
2590 1174 2927 1249 possidetis,
2960 1179 3018 1231 et
3040 1174 3102 1230 in
3117 1173 3373 1246 scripto
3403 1172 3720 1231 authentico

2051 1265 2405 1334 continetur,
2433 1264 2602 1321 vobis
2626 1271 2683 1321 et
2712 1264 3079 1321 monasterio
3119 1266 3352 1320 vestro
3398 1263 3722 1320 auctoritate

2052 1355 2384 1427 apostolica
2415 1354 2868 1418 confirmamus,
2901 1358 2957 1409 et
2983 1352 3334 1425 proesentis
3372 1351 3548 1408 scriti
3569 1358 3724 1424 patro-

2050 1445 2208 1502 cinio
2242 1444 2709 1501 communimus.
2752 1440 2902 1499 Nulli
2941 1456 3090 1511 ergo
3122 1440 3410 1499 omnino
3437 1440 3724 1497 hominum

2050 1534 2225 1592 liceat
2250 1534 2407 1590 hanc
2437 1533 2724 1606 paginam
2742 1535 2962 1589 nostrie
2993 1530 3528 1587 confirmationis
3559 1530 3723 1587 infrin-

286 1624 670 1688 etbumilem,
702 1635 1030 1678 numerosa
1055 1618 1388 1675 incolarum
1410 1619 1785 1677 multitudine
1802 1620 1943 1677 rele·
1979 1640 2025 1697 B
2053 1640 2213 1696 gere,
2232 1623 2321 1680 vel
2356 1623 2409 1680 ei
2435 1622 2812 1696 aliquatenus
2841 1619 3170 1679 contraire.
3193 1619 3260 1678 Si
3285 1619 3446 1695 quis
3459 1624 3654 1677 autem
3673 1626 3728 1676 ιι-

286 1715 445 1773 vavit
498 1720 553 1769 et
598 1709 895 1772 exaltavit.
936 1708 1183 1764 feodum
1213 1722 1460 1781 quoque
1510 1709 1675 1781 quod
1715 1708 1941 1767 ibidem

285 1806 544 1861 loannes
574 1801 648 1856 de
676 1798 999 1856 Arduenna
1024 1796 1306 1859 habebat,
1336 1792 1395 1851 id
1424 1801 1510 1853 est
1534 1814 1546 1853 :
1576 1797 1729 1855 duas
1746 1804 1942 1870 partes

286 1887 655 1949 decimaelini
697 1894 754 1943 et
781 1892 996 1942 terram
1027 1886 1089 1941 in
1117 1885 1252 1941 villa
1274 1885 1487 1941 eadem
1527 1887 1585 1942 in
1614 1901 1738 1959 qua
1767 1903 1822 1943 vi
1850 1887 1941 1943 vel

287 1998 367 2038 vn
410 1976 821 2036 mansioniarii
850 1974 1147 2042 habitant,
1187 1974 1432 2046 propria
1476 1976 1730 2046 pecunia
1776 1977 1939 2047 emit,

288 2067 707 2127 molendinum
737 2065 921 2121 etiam
941 2069 999 2120 et
1018 2063 1223 2119 furnos
1249 2062 1325 2118 de
1342 2078 1500 2120 novo
1525 2067 1859 2122 construxit
1888 2072 1945 2122 et

287 2156 583 2215 bannales
615 2154 769 2218 fecit,
806 2153 1057 2208 domum
1078 2167 1320 2224 quoque
1350 2153 1653 2223 egregiam
1683 2159 1739 2209 et
1766 2168 1946 2223 gran-

288 2247 451 2319 giam
477 2244 699 2301 ibidem
720 2243 794 2298 de
824 2242 1061 2314 proprio
1073 2240 1390 2296 {edificavit
1408 2246 1465 2297 et
1484 2241 1943 2310 donavitnobis‚

291 2352 402 2394 nos
416 2335 611 2391 eidem
622 2331 1030 2389 concessimus
1043 2329 1518 2386 anniversarium
1532 2347 1708 2387 suum
1730 2331 1944 2387 solem-

291 2425 444 2483 niter
454 2419 1101 2481 faciendumnmnium
1115 2434 1277 2491 quoq
1286 2434 1357 2475 ue
1371 2419 1668 2477 bonorum
1684 2420 1944 2494 proefatoe

290 2513 445 2573 villas
473 2528 609 2584 quoe
658 2526 730 2566 ex
782 2507 1055 2581 portione
1094 2513 1296 2564 nostra
1326 2523 1511 2580 supra
1538 2525 1841 2566 suminam
1884 2516 1943 2569 xi

291 2600 675 2668 excreverint,
698 2597 995 2652 decimam
1022 2603 1273 2669 partem,
1306 2612 1415 2669 pro
1437 2597 1630 2670 ipsius
1660 2599 1867 2656 anima
1892 2605 1950 2657 et

294 2689 568 2748 omnium
605 2685 870 2741 fidelium
900 2684 1244 2751 animabus,
1272 2685 1365 2740 his
1407 2687 1508 2758 qui
1540 2689 1947 2746 anniversario

294 2775 685 2848 interfuerint,
732 2773 829 2830 die
859 2773 1250 2830 anniversarii
1273 2775 1362 2828 sui
1401 2774 1708 2846 oequaliter
1752 2778 1948 2833 distri-

293 2866 627 2930 buendam,
651 2869 708 2921 et
739 2868 853 2919 tres
884 2877 1178 2935 pauperes
1205 2862 1416 2918 eadem
1451 2863 1549 2918 die
1579 2881 1688 2936 pro
1727 2867 1944 2924 eodem

2054 1719 2277 1771 tentare
2289 1710 2762 1784 proesumpserit,
2779 1709 3288 1781 indignationem
3315 1710 3726 1782 omnipotentis

2057 1803 2152 1859 nei
2180 1806 2236 1858 et
2258 1801 2573 1881 beatorum
2613 1799 2765 1857 Petri
2794 1803 2851 1855 et
2870 1798 3033 1855 Pauli
3065 1798 3538 1873 apostolorum
3551 1800 3668 1871 elus
3689 1813 3730 1855 st

2053 1890 2279 1949 noverit
2306 1892 2709 1947 incursurum.

2129 1984 2338 2038 Datum
2366 1979 2646 2047 Veronae,
2681 1978 2939 2051 septimo
2969 1976 3306 2035 Kalendas
3359 1976 3656 2036 Octobris.

2777 2100 3004 2160 CXCIX.

2053 2192 2366 2250 Monac-his
2382 2192 2446 2247 S.
2477 2189 2735 2262 Remigii
2760 2190 2824 2247 in
2847 2189 3258 2261 generalibus
3281 2192 3738 2249 wemmam

2127 2264 2378 2319 tionibus
2438 2262 2559 2319 sive
2607 2261 2955 2324 interdictis.
3009 2260 3188 2318 ostiis
3243 2263 3500 2321 clausis
3563 2263 3736 2335 officia,
3779 2268 3784 2321 1

2122 2335 2422 2393 celebrare
2443 2332 2748 2404 permittit.

2585 2424 2876 2493 (Veronae,
2914 2420 3086 2493 Sept,
3109 2421 3246 2494 2⁶.)

2059 2514 2278 2586 [viam.
2332 2510 2577 2568 Archiv.
2618 2510 2928 2567 admittis&
2956 2508 3033 2566 de
3078 2510 3331 2579 Reims.
3367 2516 3527 2570 tom.
3561 2514 3604 2581 Ι,
3627 2528 3676 2585 p.
3707 2528 3732 2577 ι,

2129 2692 2328 2747 Lucius
2353 2690 2692 2763 episcopus,
2728 2596 3336 2747 Efflgltgworum
3373 2691 3504 2756 Dei,
3553 2689 3730 2748 dilectit

2058 2780 2198 2837 filiis
2224 2779 2428 2835 abbati
2455 2783 2511 2835 et
2543 2776 2857 2833 monachis
2889 2778 2950 2833 B.
2975 2777 3256 2848 Remigii
3289 2780 3632 2846 Remensis,
3653 2786 3728 2835 ete.

2131 2868 2438 2925 Praesentis
2466 2866 2669 2938 scripti
2698 2866 2922 2938 pagina
2940 2865 3264 2923 duximus
3280 2869 3670 2926 statuendum
3691 2872 3729 2923 ut

295 2954 632 3031 specialiter
651 2952 1009 3026 pascendos,
1033 2958 1319 3025 praeterea
1338 2952 1550 3009 eadem
1564 2952 1659 3010 die
1680 2954 1949 3029 quinque
1989 2994 2031 3052 C
2060 2974 2198 3016 cum
2217 2956 2493 3030 generale
2521 2954 2901 3012 interdictum
2925 2959 3100 3012 terrae
3119 2954 3352 3028 fuerit,
3383 2958 3562 3016 liceat
3579 2957 3726 3020 vobin.

295 3046 523 3105 solidos
586 3045 644 3099 in
694 3042 979 3115 hospiti0‚
1048 3040 1127 3097 ad
1183 3040 1501 3099 lautiorem
1547 3042 1948 3102 visitationem

291 3133 739 3207 languidorum,
802 3136 1006 3203 praeter
1047 3130 1469 3205 quotidianum
1510 3139 1567 3187 et
1594 3139 1948 3192 consuetum

292 3225 537 3289 victum,
605 3237 675 3278 ex
734 3220 918 3278 bursa
959 3227 1166 3276 nostra
1211 3220 1573 3290 erogandos,
1630 3223 1946 3280 annuatim

290 3318 580 3386 perpetuo
606 3308 915 3367 communi
944 3324 1200 3365 assensu
1228 3308 1472 3381 capituli
1498 3311 1950 3369 immutabiliter

292 3401 709 3460 constituimus
738 3417 756 3470 ;
810 3403 866 3454 et
894 3405 956 3454 ut
986 3398 1310 3470 pecuniam
1339 3415 1411 3456 ex
1438 3400 1688 3472 praefata
1710 3400 1948 3460 decima

291 3507 403 3565 pro
432 3493 489 3545 te
514 3489 822 3545 redactam
860 3488 920 3543 in
969 3486 1173 3558 vigilia
1224 3489 1614 3546 anniversarii
1647 3496 1943 3561 paratam,

290 3594 553 3654 persona
603 3593 739 3650 quoe
778 3575 1126 3648 praedictam
1157 3575 1354 3633 villam
1404 3593 1440 3634 a
1480 3579 1657 3635 nobis
1702 3579 1943 3649 tenebit,

293 3670 421 3725 sine
456 3666 741 3723 dilatione
763 3664 1081 3737 persolvat,
1121 3670 1179 3720 et
1204 3665 1261 3721 in
1284 3665 1609 3724 donatione
1637 3673 1947 3724 trecensus

289 3759 405 3814 hoc
456 3755 862 3812 indubitanter
926 3754 1039 3809 sub
1103 3753 1386 3824 religione
1432 3755 1571 3812 fidei
1619 3757 1944 3828 promittat,

291 3845 728 3903 constituimus.
760 3841 952 3909 Quod,
987 3848 1050 3897 ut
1098 3847 1297 3900 ratum
1348 3850 1637 3917 perpetuo
1681 3851 1943 3914 maneat,

291 3934 601 3992 communi
639 3947 890 3990 assensu
938 3931 1180 4004 capituli
1210 3937 1268 3989 et
1306 3932 1478 4003 sigilli
1510 3935 1697 3991 nostri
1748 3935 1947 3992 mnni-

291 4024 455 4082 mine
491 4022 985 4080 roboravimus.»

358 4112 508 4168 Nulli
535 4127 698 4182 ergo,
730 4115 863 4176 etc.,
896 4114 1007 4168 etc.

364 4202 580 4258 Datum
607 4201 848 4267 Veron„
885 4216 927 4255 x
957 4199 1205 4257 Kalend.
1248 4201 1542 4259 Octobris.

972 4306 1233 4362 cxcviii.

292 4393 673 4463 Privileyium
694 4409 805 4463 pro
834 4394 1190 4449 monasterio
1212 4396 1517 4452 Leodiensi
1539 4397 1601 4453 S.
1626 4396 1852 4454 Iac-obi.
1892 4430 1945 4442 -

367 4465 695 4534 Confirmat
739 4464 856 4535 ipsi
879 4465 1181 4522 ecclesiam
1211 4465 1273 4522 S.
1302 4467 1517 4523 Mariae
1543 4469 1942 4540 Haqdalenae.

810 4555 1098 4626 (Veronae,
1127 4553 1284 4628 Sept.
1327 4556 1440 4626 25.)

574 4644 867 4716 [ΜΛιιτεΝ.,
896 4644 1098 4714 Ampl.
1119 4644 1385 4712 collect„
1417 4644 1461 4711 l,
1495 4642 1646 4718 950]

358 4732 556 4788 Lucius
585 4733 929 4805 episcopus,
957 4748 1167 4789 servus
1219 4749 1530 4790 servorum
1557 4733 1680 4800 Dei,
1716 4733 1942 4791 dilectis

285 4820 421 4877 filiis
447 4820 652 4877 abbati
678 4826 732 4877 et
752 4823 1072 4880 conventui
1113 4822 1313 4880 Sancti
1332 4822 1539 4879 Jacobi
1571 4821 1939 4891 Leodiensis,

287 4909 540 4967 salutem
573 4916 629 4965 et
656 4911 1046 4983 apostolicam
1078 4912 1583 4969 benedictionem.

355 5000 443 5054 Ad
482 5000 756 5056 notitiam
801 5005 1069 5057 nostram
1108 5006 1268 5058 certa
1321 5000 1606 5057 relatione
1646 5001 1938 5074 pervenit,

282 5089 449 5161 quod
487 5087 740 5145 ecclesia
780 5088 971 5145 Beatae
1023 5090 1215 5147 Maria!
1259 5090 1649 5161 Magdalenoe‚
1691 5107 1822 5163 quie
1876 5092 1937 5147 in

280 5176 502 5234 Leodio
531 5183 637 5244 est,
668 5177 747 5233 ad
772 5182 998 5235 tantam
1036 5180 1350 5252 quondam
1380 5179 1653 5251 inopiam
1684 5179 1800 5236 sub
1829 5196 1940 5236 sai-

278 5266 582 5324 cularibus
608 5266 835 5323 clericis
875 5267 1235 5336 devenisset,
1261 5275 1324 5325 ut
1363 5270 1459 5325 vix
1490 5269 1551 5325 in
1583 5284 1656 5325 ea
1683 5284 1840 5325 unus
1865 5286 1938 5326 ex

282 5356 476 5412 multis
492 5356 795 5413 honestam
809 5363 1004 5428 posset
1016 5358 1499 5414 sustentationem
1511 5356 1748 5425 habere,
1766 5357 1939 5416 bonoe

281 5445 589 5502 memoriae
636 5446 944 5517 Heni-icus,
986 5446 1299 5521 quondam
1326 5447 1671 5506 Leodiensis
1711 5447 1938 5523 episco-

2059 3049 2277 3106 clausis
2294 3047 2519 3119 januis,
2559 3043 2814 3102 exclusis
2832 3047 3421 3106 excommunicatis
3455 3054 3516 3108 et
3542 3045 3730 3105 interdi-
3777 3057 3784 3082 ¹

2059 3138 2186 3203 ctis,
2214 3151 2337 3193 non
2356 3134 2609 3208 pulsatis
2629 3131 2965 3206 campanis,
3001 3133 3354 3194 submissa
3375 3153 3554 3204 voce,
3569 3136 3726 3194 divim

2057 3224 2258 3283 officia
2287 3223 2611 3281 celebrare.

2120 3314 2336 3371 Datum
2377 3315 2613 3383 Veron„
2645 3327 2701 3367 vi
2731 3309 2860 3368 Kal.
2890 3309 3102 3369 Octob.

2824 3415 2932 3475 CC.

2058 3510 2288 3569 Civium
2326 3507 2698 3565 Remensium
2783 3505 3258 3565 eonsuetudines
3289 3511 3353 3566 et
3398 3510 3724 3570 libertatus

2135 3581 2420 3638 Willelmo
2450 3576 2878 3648 archiepiscopi
2905 3576 3246 3636 institutas
3303 3583 3648 3656 confirmat.

2588 3666 2881 3738 (Verona,
2909 3667 3041 3724 Oct.
3093 3673 3120 3724 ί
3141 3670 3204 3739 .)

2541 3754 2962 3828 [Vsn1n,t‘bid.,
2996 3770 3059 3830 p.
3103 3757 3286 3836 bom]

2128 3849 2328 3905 Lucius
2357 3844 2701 3919 episcopus,
2727 3859 2934 3901 servus
2966 3859 3322 3906 servorum
3375 3850 3512 3918 Dei,
3541 3851 3727 3908 dileeffl

2055 3936 2191 3994 filiis
2208 3939 2267 3992 et
2287 3934 2521 3991 civibus
2537 3933 2951 3999 Remensibus,
2975 3932 3268 3996 salutem
3287 3940 3726 4014 etapostolicm

2055 4024 2557 4084 benedictionem.

2125 4117 2206 4172 Ea
2226 4130 2363 4189 quae
2379 4128 2489 4187 pro
2507 4111 2670 4186 pacis
2682 4109 2903 4168 foedere
2927 4109 3322 4175 roborando
3345 4119 3474 4193 pio
3501 4119 3724 4178 intentio

2055 4205 2148 4262 nis
2200 4203 2425 4267 studio,
2482 4200 2561 4258 ab
2591 4200 2685 4256 his
2715 4199 2820 4273 qui
2850 4198 2912 4256 in
2941 4198 3360 4266 sublimitate
3401 4214 3548 4268 sunt
3575 4206 3723 4284 posili.

2054 4295 2418 4357 statuuntur,
2431 4290 2491 4347 in
2513 4305 2622 4347 sua
2643 4288 2865 4346 debent
2881 4288 3192 4351 firmitate
3223 4297 3591 4368 persistere,
3613 4301 3724 4356 etex

2054 4381 2397 4456 apostolicas
2420 4379 2579 4436 sedis
2605 4378 2795 4450 gratie
2817 4376 3009 4435 robur
3039 4378 3459 4446 indeficiens
3483 4389 3726 4447 obitum.

2053 4474 2398 4545 Eapropter‚
2426 4467 2623 4526 dilecti
2649 4467 2709 4523 in
2725 4466 2984 4525 Domino
3017 4466 3170 4538 mii,
3207 4476 3455 4535 vestris
3479 4477 3726 4554 justism-

2053 4557 2471 4617 stulationibus
2500 4561 2671 4628 grato
2691 4561 3139 4616 concurrentes
3153 4575 3480 4636 assensu,
3497 4569 3728 4626 honen

2051 4646 2517 4705 consuetudines
2533 4650 2592 4704 et
2619 4641 3012 4702 rationabiles
3033 4643 3400 4714 libertates
3425 4673 3587 4732 ques
3603 4667 3728 4712 ταα-

2051 4736 2256 4794 rabilis
2289 4736 2469 4793 frater
2496 4738 2701 4791 noster
2723 4731 3054 4790 willelmus
3115 4739 3480 4806 Remensis
3499 4743 3728 4818 archiep·

2051 4841 2292 4899 scopus,
2321 4829 2542 4881 sanctas
2571 4821 2803 4879 Sabinae
2827 4821 3220 4899 cardinalis,
3237 4831 3728 4906 apostolicaesed-

2049 4912 2302 4984 legatus,
2334 4912 2508 4969 vobis
2533 4912 2608 4969 ad
2641 4908 2986 4967 custodiam
3035 4917 3276 4986 pacis,
3323 4938 3451 4998 pro
3475 4923 3730 5000 justitias

2049 5004 2328 5076 aequitate
2371 5000 2690 5067 servanda,
2723 4998 3044 5064 concessit.
3119 5013 3192 5063 et
3229 5014 3376 5070 tam
3411 5013 3568 5089 ipse.
3595 5025 3730 5088 qm·

2048 5093 2347 5163 benignus
2375 5092 2435 5148 in
2459 5088 2857 5149 Christofilius
2872 5093 3098 5148 noster
3125 5093 3518 5178 Philippus,
3545 5103 3730 5163 illusttit

2049 5183 2410 5239 Francorum
2442 5195 2566 5247 rex,
2600 5177 2824 5250 scripto
2850 5176 3248 5246 authentico
3297 5193 3730 5260 roboravitnoe

2044 5285 2289 5344 quoque
2301 5270 2377 5327 ad
2396 5270 2793 5326 interventum
2813 5264 3149 5342 praecipue
3175 5278 3728 5358 archiepiscopiu-

2048 5358 2282 5427 morati,
2311 5363 2474 5416 ratas
2527 5372 2661 5414 esse
2701 5354 3138 5430 decernimus,
3184 5371 3256 5425 et
3281 5385 3406 5429 m
3429 5373 3604 5432 vobi.
3625 5372 3727 5428 ded

2043 5447 2108 5506 in
2135 5449 2369 5523 scriptis
2386 5444 2744 5506 authenticis
2763 5443 3182 5511 continentur
3203 5465 3590 5524 auctoritato
3619 5473 3724 5536 ιβ·
