3784 6000
261 256 381 318 679

1325 198 1767 316 sumantur
1808 246 2194 310 rrannsts
2236 246 2606 311 asamar.

3547 262 3669 324 680

257 397 518 469 cipatum
549 394 704 469 qnod
747 392 1071 467 cupierant,
1102 392 1289 449 multo
1327 388 1532 447 lortius
1560 402 1740 459 quam
1772 391 1904 441 ante
1932 382 1989 453 A
2015 399 2134 456 gno
2187 384 2534 444 incrementi
2577 385 2894 445 accederet.
2927 388 3088 447 Unde
3121 390 3430 475 indignati,
3461 392 3524 451 in
3553 394 3670 453 hoo

257 487 459 543 eadem
514 484 639 541 loca
700 483 967 558 ingressi,
997 480 1471 540 communierant
1524 477 1649 534 vias
1692 475 1909 548 quibus

260 574 448 632 nostri
478 573 643 646 prins
673 572 1023 631 introierant
1047 588 1063 641 3
1094 569 1343 642 objectis
1371 567 1637 625 trabibus
1665 568 1724 623 et
1743 563 1911 621 moli-

258 661 369 721 bus
416 663 648 736 magnis
693 665 1167 737 proestruxerant,
1208 658 1643 734 sagittariorum
1693 654 1910 712 immit-

257 756 443 810 tentes
496 767 737 810 manum
786 751 1100 821 infinitam,
1128 749 1229 823 qui
1261 749 1331 807 ab
1357 747 1723 822 ingressibus
1747 760 1907 803 arce·

257 847 389 900 rent
418 842 642 914 ingredi
673 841 996 913 cupientes.
1017 839 1273 896 Rursum
1306 853 1375 894 ex
1405 854 1473 893 ea
1503 840 1666 909 parte
1697 834 1757 891 in
1788 849 1908 907 qua

261 934 456 989 castra
484 930 833 1001 locaverant,
865 931 1067 986 urbem
1096 929 1462 1001 impugnare,
1493 941 1718 981 moram
1747 923 1907 981 vide-

260 1020 434 1079 batur
488 1020 754 1096 exigere;
786 1020 884 1077 sed
941 1018 1113 1076 ferias
1169 1016 1460 1089 longiores
1490 1014 1678 1070 victus
1710 1012 1906 1083 inopia

257 1124 373 1168 non
407 1109 763 1183 indulgebat.
785 1109 1189 1181 colloquentes
1221 1106 1419 1177 itaque
1440 1102 1728 1177 peregrini
1750 1101 1907 1175 prin-

261 1199 417 1269 cipes
446 1200 515 1255 ad
546 1198 1214 1269 invicem,videntesquo
1249 1194 1618 1251 manifestam
1650 1191 1903 1258 illorum,

255 1300 509 1359 qnorum
534 1287 670 1344 fidei
699 1287 926 1344 animas
957 1303 1093 1343 snas
1123 1291 1179 1342 et
1208 1284 1439 1356 negotia
1464 1281 1904 1349 commiserant,

258 1374 561 1444 malitiam,
595 1376 844 1432 scientes
875 1375 1031 1447 qnod
1092 1391 1205 1430 non
1259 1374 1621 1445 proficerent,
1656 1370 1904 1426 redeun-

260 1464 403 1520 dum
435 1480 559 1521 esse
591 1463 930 1531 decernunt,
961 1463 1194 1518 fraudes
1228 1476 1428 1518 eorum
1472 1459 1573 1530 qui
1604 1473 1703 1515 eos
1731 1458 1902 1513 sedu-

250 1556 458 1610 xerant
486 1552 856 1610 detestantes.
907 1552 1003 1608 Sic
1061 1551 1242 1623 igitur
1297 1565 1463 1622 reges
1502 1552 1559 1604 et
1589 1547 1898 1620 principeS,

246 1651 500 1714 quantos
521 1658 555 1698 a
585 1641 818 1698 saeculis
851 1657 966 1697 non
1001 1639 1254 1712 legimus
1305 1638 1665 1708 convenisse,
1699 1636 1899 1694 confu-

2015 477 2136 531 tam
2170 475 2459 542 piaculare
2515 478 2938 537 descenderunt
2984 481 3294 558 flagitium,
3326 489 3393 543 nt
3421 486 3673 546 mallent

2015 577 2145 620 eam
2174 563 2445 623 hostibus
2476 581 2822 625 conservare
2861 585 3038 642 quam
3070 575 3136 628 ut
3165 573 3365 630 comiti
3386 576 3672 648 praedicto

2015 654 2245 711 cederet
2286 654 2347 711 in
2404 659 2643 715 sortem.
2677 656 2987 732 Indignum
3045 661 3204 719 enim
3227 662 3311 720 eis
3342 663 3670 725 admodum

2013 741 2320 801 videbatur
2348 749 2414 801 nt
2443 746 2545 818 qui
2567 750 2689 804 tota
2706 748 2823 804 vita
2851 765 2961 806 sna
2989 765 3166 821 regno
3199 752 3539 826 militantes,
3573 756 3671 814 in-

2014 832 2212 890 finitos
2242 833 2474 893 labores
2528 836 2886 908 pertulerant
2923 839 3053 895 aliis
3083 841 3181 914 qui
3209 847 3476 901 recentes
3497 846 3675 903 adve-

2014 932 2238 993 nerant,
2270 928 2563 983 tantorum
2635 926 2855 984 tructus
2909 927 3181 986 laborum·
3228 932 3666 1006 colligentibus,

2014 1011 2157 1083 ipsis
2185 1014 2463 1087 neglectis
2481 1023 2535 1072 et
2562 1017 2785 1089 absque
2815 1020 3300 1078 remunerationis
3329 1039 3456 1095 spe,
3489 1042 3668 1098 quam

2013 1101 2113 1158 din
2143 1106 2202 1159 et
2239 1118 2309 1161 ex
2340 1105 2565 1162 meritis
2586 1105 2931 1165 videbantur
2958 1108 3282 1182 collegisse.
3315 1112 3430 1169 Alii
3461 1114 3673 1172 dicunt

2012 1191 2336 1264 principem
2412 1194 2841 1253 Antiochennm
2916 1196 3289 1271 indignatum
3347 1205 3500 1275 quod
3566 1221 3670 1262 rex

2010 1278 2265 1338 Francia!
2295 1282 2375 1338 ita
2404 1283 2478 1340 ab
2513 1299 2579 1341 eo
2613 1284 2955 1354 divertisset,
2986 1292 3045 1345 et
3072 1288 3486 1350 beneficiorum
3519 1309 3668 1352 suo·

2010 1384 2141 1426 rum
2172 1369 2504 1438 immemor,
2538 1371 2596 1428 in
2630 1372 2791 1430 nullo
2833 1390 2967 1432 eum
2992 1376 3262 1448 juvisset,
3302 1381 3666 1452 quibusdam

2011 1460 2322 1516 mandasse
2373 1461 2432 1516 in
2483 1462 2737 1519 exercitu
2791 1464 3177 1536 principibus,
3209 1473 3268 1525 et
3307 1472 3664 1543 obtinuisse,

2010 1552 2300 1622 quatenus
2359 1551 2487 1621 ejus
2534 1551 2723 1622 gratia
2751 1553 3026 1624 efiiceret,
3058 1571 3130 1612 ne
3158 1561 3401 1615 conatus
3431 1561 3562 1632 ejus
3591 1562 3667 1617 fi-

2008 1656 2141 1696 nem
2184 1641 2492 1696 sortiretur
2542 1646 2821 1714 optatum,
2851 1649 2908 1701 et
2940 1646 3003 1700 nt
3049 1645 3131 1702 ita
3161 1656 3567 1720 procurarent,
3601 1657 3668 1710 ut

246 1730 411 1789 sione
441 1731 635 1789 induti
666 1736 724 1789 et
753 1730 1091 1801 reverentia,
1124 1728 1377 1804 peccatis
1414 1729 1632 1786 nostris
1657 1728 1888 1800 exigen·
1931 1761 1978 1828 B
2007 1728 2242 1800 iniecto,
2274 1729 2507 1802 negotio
2539 1731 2725 1789 redire
2756 1738 3064 1806 cogeretur
3090 1736 3396 1808 inglorius.
3431 1740 3544 1796 Alii
3578 1741 3670 1798 di-

245 1820 431 1888 tibus,
461 1819 675 1878 inl'ecto
733 1821 984 1894 negotio,
1007 1820 1195 1877 redire
1248 1818 1556 1891 compulsi,
1578 1819 1780 1875 eadem
1803 1817 1896 1872 via
2007 1824 2150 1876 cunt
2179 1820 2418 1876 omnino
2449 1820 2594 1876 nihil
2623 1821 2775 1877 aliud
2809 1823 3219 1898 intercessisse,
3250 1828 3360 1884 nisi
3393 1831 3553 1902 quod
3589 1831 3661 1888 ab

249 1925 368 1983 qua
386 1915 682 1980 venerant,
717 1910 777 1967 in
835 1926 1081 1982 regnum
1132 1916 1267 1966 sunt
1323 1907 1555 1965 reversi.
1588 1907 1696 1973 Qui
1727 1906 1895 1963 dein-

246 2014 406 2074 ceps,
438 2018 553 2059 non
584 2000 778 2060 solum
810 2002 1066 2074 quandin
1114 2000 1177 2058 in
1224 1998 1457 2057 Oriente
1502 2015 1722 2055 moram
1768 2012 1897 2069 ege-

256 2098 414 2158 runt,
445 2096 775 2148 nostrorum
810 2090 1138 2165 principum
1181 2090 1305 2147 vias
1351 2104 1555 2145 omnes
1598 2091 1900 2157 suspectas

248 2178 573 2249 habebant3
609 2190 662 2236 et
690 2195 886 2237 eorum
915 2180 1141 2249 merito,
1176 2184 1455 2253 tanquam
1489 2176 1776 2233 malitiosa
1808 2174 1902 2231 ni-

250 2268 363 2327 mis
380 2269 748 2327 declinabant
796 2270 1056 2338 consilia,
1089 2270 1246 2327 circa
1295 2268 1457 2340 regni
1491 2267 1725 2339 negotia
1754 2265 1897 2336 tepi-

248 2358 353 2416 dos
382 2374 444 2416 se
468 2359 842 2427 exhibentes;
875 2375 1103 2428 verum,
1137 2366 1436 2430 postquam
1472 2358 1544 2414 ad
1579 2371 1780 2413 eornm
1814 2371 1902 2411 re·

246 2447 448 2521 giones
477 2448 564 2505 eis
584 2449 784 2504 datum
816 2453 908 2505 est
937 2447 1164 2514 reverti,
1192 2452 1599 2521 susceptarum
1623 2454 1901 2518 perpetuo

248 2551 538 2593 memores
558 2538 1264 2608 injuriarum,eorumdem
1299 2537 1630 2609 principum
1673 2533 1903 2591 abomi-

255 2624 376 2682 nati
404 2633 542 2682 sunt
569 2626 878 2682 malitiam.
912 2626 1027 2683 Neo
1075 2642 1138 2684 se
1188 2625 1369 2692 solos,
1399 2640 1601 2682 verum
1642 2625 1815 2681 etiam
1848 2640 1908 2701 eg

252 2714 422 2786 alios,
452 2715 705 2789 quinon
754 2716 1153 2785 interfuerent,
1214 2716 1369 2772 circa
1416 2731 1673 2771 amorem
1740 2725 1907 2787 regni

258 2804 594 2863 efficiebant
623 2805 1005 2864 remissiores:
1028 2806 1109 2862 ita
1127 2813 1188 2862 ut
1207 2805 1334 2877 jam
1366 2805 1437 2861 de
1467 2810 1694 2873 caetere,
1716 2821 1906 2876 neque

260 2897 365 2963 tot,
423 2910 611 2968 neque
659 2897 937 2953 ferventes
994 2897 1161 2964 adeo,
1192 2895 1373 2967 hujus
1412 2893 1905 2967 peregrinationis

243 2984 398 3042 viam
441 2984 781 3057 arriperent,
810 2989 869 3042 et
907 2984 1283 3042 advenientes
1303 2984 1475 3043 etiam
1510 2985 1775 3042 nolentes
1807 3000 1906 3041 eo·

247 3090 376 3132 rum
434 3074 737 3147 illaqueari
800 3075 1125 3143 fraudibus,
1185 3077 1421 3132 domum
1479 3076 1654 3132 citius
1712 3075 1901 3132 redire

245 3163 422 3220 etiam
448 3164 619 3220 hodie
647 3165 1021 3221 contendant.

873 3268 1102 3326 CAPUT
1147 3271 1268 3329 vn.

244 3355 491 3415 Diversa?
517 3365 800 3429 ponuntur
854 3361 1151 3430 opiniones,
1222 3362 1307 3416 uis
1346 3366 1515 3417 tantas
1562 3361 1893 3433 proditionis

312 3434 506 3484 auctor·
559 3432 752 3496 fuerit.
786 3432 992 3485 lterum
1046 3432 1183 3487 Asca
1208 3449 1373 3487 onam
1389 3437 1703 3505 proponunt
1745 3435 1893 3490 obsi-

312 3499 461 3565 dere,
477 3499 570 3555 sed
590 3516 701 3556 non
717 3501 1040 3572 proficiunt.

313 3605 554 3663 Memini
594 3623 688 3664 me
736 3608 1072 3681 frequenter
1126 3609 1516 3683 interrogasse
1583 3616 1641 3668 et
1682 3614 1895 3685 saepius

242 3697 558 3770 prudentes
585 3698 759 3767 viros,
790 3703 848 3755 et
890 3699 1103 3770 quibus
1148 3699 1310 3756 illins
1339 3700 1620 3771 temporis
1650 3701 1896 3759 solidior

244 3786 432 3842 adhuc
463 3786 700 3844 suberat
731 3789 1030 3856 memoria,
1065 3793 1119 3845 et
1145 3805 1212 3845 ea
1264 3790 1513 3847 maxime
1572 3790 1896 3848 intentione

241 3878 306 3932 ut
325 3881 687 3949 compertum
722 3877 978 3935 historiae
1033 3879 1375 3935 mandarem
1413 3881 1706 3951 praesenti,
1742 3897 1897 3952 qute-

235 3982 375 4023 nam
432 3968 578 4023 tanti
627 3968 764 4024 mali
831 3984 1008 4025 cansa
1048 3968 1221 4026 fuerit
1257 3970 1438 4041 etqui
1475 3969 1624 4027 tanti
1658 3972 1896 4028 sceleris

238 4054 454 4112 suerint
480 4060 772 4125 auctores;
807 4062 864 4112 et
895 4058 1190 4129 quomodo
1220 4062 1341 4114 tam
1375 4059 1737 4116 detestabilis
1757 4076 1895 4117 con-

242 4147 446 4217 ceptus
502 4145 734 4202 effectui
783 4146 973 4216 potuit
1007 4147 1351 4219 mancipari.
1409 4149 1472 4204 In
1506 4147 1896 4221 assignatione

244 4238 441 4289 autem
476 4248 663 4291 cansae
692 4234 961 4290 dissonas
993 4234 1184 4290 inveni
1208 4234 1558 4303 relationes3
1591 4253 1727 4293 nam
1761 4255 1898 4309 quo·

250 4320 521 4375 rumdam
551 4328 674 4377 erat
728 4320 926 4393 opinio
956 4322 1107 4391 qnod
1156 4322 1391 4379 comitis
1449 4324 1896 4383 Flandrensium

245 4411 465 4470 factum
480 4411 772 4482 quoddam
791 4410 1155 4469 occasionem
1179 4413 1530 4485 praestiterat
1558 4415 1695 4471 huic
1718 4417 1896 4487 malo;

251 4503 303 4560 is
333 4517 612 4575 namque,
646 4507 709 4558 nt
740 4502 1152 4576 praemisimus,
1176 4503 1235 4559 in
1258 4519 1325 4560 eo
1358 4502 1889 4578 fuitexercitu.Qui‚
1923 4517 1972 4581 1)

244 4596 557 4666 postquam
591 4596 803 4649 nostrae
822 4591 1081 4664 legiones
1112 4593 1183 4649 ad
1206 4592 1411 4649 urbem
1445 4594 1778 4665 proedictarn
1800 4613 1896 4653 ac-

240 4685 562 4750 cesserunt,
595 4685 652 4738 et
700 4684 827 4753 jam
859 4680 1144 4738 violenter
1199 4681 1453 4739 obtentis
1503 4686 1781 4754 pomeriis
1837 4689 1896 4742 et

247 4769 513 4841 flumine,
546 4771 788 4829 obsessa
811 4775 902 4828 est
932 4770 1156 4837 civitae,
1180 4773 1250 4829 ad
1284 4772 1546 4841 singulos
1577 4790 1779 4846 regum
1800 4775 1895 4832 di-

244 4857 397 4914 citur
425 4857 764 4929 singillatim
796 4863 853 4915 et
881 4875 1146 4916 seorsum
1177 4860 1511 4929 accessisse,
1543 4867 1602 4918 et
1642 4863 1897 4934 profusis

246 4947 518 5019 precibus
557 4950 907 5019 postulasse,
949 4953 1015 5006 ut
1044 4953 1211 5021 capta
1241 4948 1444 5006 civitas
1475 4955 1530 5007 et
1551 4951 1807 5022 daretur;
1838 4961 1895 5011 et

244 5033 355 5091 hoo
384 5033 558 5092 etiam
589 5035 801 5093 dicitur
829 5039 1188 5110 impetrasse,
1223 5037 1377 5111 qnod
1408 5040 1708 5099 audientes
1726 5044 1890 5115 regni

244 5122 429 5181 nostri
458 5123 698 5197 quidam
732 5141 1018 5198 proceres,
1043 5127 1534 5186 consentientibus
1555 5130 1729 5187 etiam
1753 5131 1892 5188 alio·

248 5227 378 5268 rum
399 5212 1022 5287 nonnullis,indignati
1053 5217 1357 5286 suntqnod
1392 5218 1888 5291 tantusprinceps,

241 5304 298 5356 et
326 5301 418 5357 cni
450 5317 562 5358 sna
593 5306 859 5371 poterant
903 5302 1196 5373 sufficere,
1229 5305 1401 5375 etqui
1434 5306 1617 5376 gratis
1645 5308 1890 5368 Domino

246 5389 500 5446 militare
519 5390 1013 5467 videbatnr‚regni
1036 5397 1256 5450 tantam
1280 5395 1606 5466 portionem
1628 5398 1740 5454 sibi
1764 5399 1888 5456 dari

243 5475 603 5549 postulabat:
637 5483 951 5551 sperabant
998 5483 1153 5539 enim
1203 5483 1315 5539 sibi
1347 5499 1692 5556 accrescere,
1734 5491 1892 5563 quid·

244 5562 384 5644 quid
405 5581 509 5639 per
536 5567 783 5630 istorum
808 5572 1142 5645 principum
1169 5587 1405 5645 operam
1432 5579 1491 5632 et
1509 5573 1769 5637 laborem
1798 5595 1896 5640 re-

2006 1907 2274 1966 hostibns
2295 1909 2528 1966 infinita
2555 1909 2671 1967 sint
2702 1912 2986 1986 redempti
3017 1917 3398 1990 pecunia,qui
3429 1920 3543 1976 hoc
3557 1925 3667 1977 tam

2007 1997 2214 2069 ingens
2236 2004 2691 2072 procuraverunt
2718 2001 2938 2058 malum
2964 2021 2978 2072 ;
3003 2007 3059 2061 et
3080 2021 3182 2076 pro
3213 2022 3450 2065 summo
3473 2009 3666 2068 solent

2011 2089 2248 2145 recitare
2304 2089 2609 2158 miraculo,
2640 2092 2797 2163 qnod
2829 2094 3197 2164 postmodum
3227 2100 3349 2153 tota
3378 2096 3480 2155 illa
3512 2099 3666 2156 male

2010 2183 2246 2250 sumpta
2270 2178 2539 2249 pecunia,
2564 2178 2802 2237 inventa
2831 2185 2919 2237 est
2941 2182 3183 2252 reproba
3221 2190 3274 2240 et
3307 2186 3547 2258 penitus
3581 2187 3669 2242 in-

2011 2267 2195 2323 utilis.
2229 2267 2337 2333 Qui
2368 2271 2560 2324 autem
2594 2267 2812 2325 fuerint
2840 2274 2959 2326 tam
3002 2272 3364 2331 detestabilis
3407 2275 3664 2332 ministri

2013 2354 2458 2422 sceleris,varia
2507 2356 2827 2415 multorum
2877 2361 3265 2420 nihilominus
3296 2363 3409 2420 fuit
3437 2364 3665 2437 opini0,

2014 2446 2113 2505 sed
2148 2445 2291 2501 mihi
2326 2462 2426 2518 pro
2456 2450 2611 2503 certo
2633 2453 2997 2521 compertum
3029 2467 3140 2507 non
3170 2460 3275 2509 est.
3309 2453 3662 2526 Quicunque

2009 2548 2194 2594 tamen
2223 2540 2381 2604 sunt,
2415 2537 2603 2593 sciant
2630 2538 2783 2609 quod
2815 2555 2917 2610 pro
2950 2540 3169 2597 meritis
3196 2542 3373 2614 digna
3404 2544 3671 2615 qnando-

2016 2642 2129 2699 que
2158 2626 2391 2698 praemia
2414 2625 2808 2697 reportabunt,
2844 2627 2955 2684 nisi
2998 2628 3335 2687 misericors
3374 2631 3667 2691 Dominus

2016 2716 2303 2788 condigne
2330 2715 2830 2773 satisfacientibus
2860 2717 3172 2775 clementer
3198 2720 3530 2793 indulgeat.

2083 2807 2166 2862 Ita
2206 2821 2364 2878 ergo,
2397 2809 2462 2861 ut
2479 2805 2885 2876 praemisimus,
2910 2806 3092 2864 nostri
3122 2813 3263 2866 sunt
3303 2811 3432 2867 sine
3480 2811 3667 2884 gloria

2017 2895 2250 2954 reversi.
2287 2896 2494 2952 Laetata
2527 2899 2615 2951 est
2669 2912 2806 2968 ergo
2841 2897 3153 2954 Damascus
3200 2898 3262 2954 in
3302 2901 3665 2972 profectione

2016 2984 2300 3057 ipsorum,
2335 2984 2474 3057 qnia
2521 2984 2783 3043 incubuit
2839 2987 3017 3044 timor
3070 3004 3269 3046 eorum
3294 3006 3477 3063 snper
3523 3007 3660 3060 eos:

2015 3076 2233 3132 nostris
2264 3080 2452 3132 autem
2483 3092 2514 3131 e
2543 3075 2789 3142 diverso,
2821 3092 2977 3133 versa
3005 3081 3165 3134 estin
3188 3079 3397 3136 luctum
3423 3081 3667 3144 cithara,-

1931 3143 1975 3211 (ἶ
2012 3171 2063 3222 et
2092 3166 2232 3235 facti
2268 3180 2461 3221 sumus
2488 3167 2764 3221 canticum
2818 3167 3056 3224 hostium
3087 3171 3397 3226 nostrorum
3426 3174 3551 3227 tota
3580 3170 3669 3226 die

2002 3252 2427 3323 (lob.xxx,31).
2467 3251 2697 3309 Reversi
2731 3253 2927 3325 itaque
2980 3254 3040 3311 in
3099 3271 3345 3326 regnum
3391 3255 3660 3329 praedicti

2004 3357 2188 3415 reges,
2217 3342 2429 3399 iterum
2487 3344 2797 3398 convocato
2859 3358 3156 3411 procerum
3211 3349 3382 3416 coetu,
3415 3347 3663 3419 aggredi

2004 3438 2289 3488 conantur
2333 3431 2459 3502 (sed
2516 3430 2846 3503 incassum)
2876 3432 3092 3488 factum
3137 3432 3397 3505 aliquod,
3427 3434 3490 3491 in
3542 3453 3660 3507 qno

2004 3520 2347 3577 memoriam
2372 3536 2537 3577 snam
2558 3520 2804 3592 posteris
2838 3521 3065 3593 possint
3094 3522 3330 3579 reddere
3361 3538 3662 3580 commen·

2004 3609 2280 3666 debilem.
2341 3610 2515 3665 Erant
2573 3608 2837 3666 nonnulli
2914 3609 3013 3681 qni
3071 3616 3448 3684 suggererent
3505 3612 3663 3669 circa

2002 3698 2376 3766 Ascalonem,
2401 3714 2576 3770 quam
2611 3698 2803 3755 adhuc
2832 3698 3134 3756 detinebat
3180 3698 3433 3772 populns
3455 3701 3664 3758 infide·

2005 3786 2098 3854 lis,
2131 3802 2254 3858 quse
2285 3788 2453 3857 quasi
2483 3788 2544 3842 in
2567 3788 2724 3857 regni
2759 3788 2945 3844 medio
2977 3789 3090 3845 sita
3119 3794 3261 3857 erat,
3292 3792 3348 3846 et
3379 3790 3450 3847 ad
3479 3806 3660 3863 quam

2003 3875 2132 3933 sine
2186 3873 2525 3931 difficultate
2572 3879 2841 3947 poterant
2872 3876 3356 3933 universadeferri
3390 3895 3662 3937 necessa-

2006 3967 2111 4033 ria,
2144 3965 2477 4038 ponendam
2500 3964 2886 4032 obsidionem
2914 3964 3195 4037 facileque
3212 3981 3340 4024 esse
3362 3967 3658 4038 dicebant,

2004 4056 2140 4114 etin
2174 4058 2467 4127 promptu,
2492 4058 2558 4110 nt
2613 4053 2795 4110 cultui
2847 4058 3248 4112 restitueretur
3276 4056 3655 4128 Christiano;

2005 4147 2103 4203 sed
2128 4150 2261 4218 post
2283 4145 2467 4201 multa
2497 4143 2835 4216 hujusmodi
2867 4145 3061 4212 verba,
3095 4145 3244 4201 sient
3273 4146 3659 4219 etproedictus

2006 4238 2322 4305 conceptus
2353 4250 2565 4307 possus
2596 4239 2687 4289 est
2718 4234 2992 4290 aborsum
3022 4238 3115 4302 ;et
3146 4235 3285 4290 dum
3328 4234 3519 4292 adhuc
3550 4252 3651 4294 or-

2007 4325 2252 4391 diretur,
2285 4324 2568 4380 succisus.
2600 4323 2786 4378 Iratus
2837 4323 2994 4379 enim
3016 4322 3299 4380 Dominus
3316 4339 3525 4382 omnes
3556 4340 3656 4382 eo·

2008 4430 2141 4472 rum
2163 4417 2398 4470 conatus
2427 4411 2737 4469 videbatur
2764 4428 3060 4471 evacuare.

2621 4519 2855 4578 CAPUT
2894 4519 3042 4577 vm.

2004 4615 2305 4688 imperator
2334 4609 2614 4668 conradus
2632 4610 2703 4665 ad
2720 4610 2948 4682 propria
2967 4609 3299 4682 reproditur,
3321 4626 3446 4684 reqe
3461 4614 3657 4669 Fran-

2325 4699 2518 4740 corum
2549 4684 2608 4737 in
2636 4682 2801 4753 Syria
2821 4697 3035 4738 moram
3062 4685 3320 4754 jaciente.

2069 4775 2288 4831 Videns
2309 4774 2492 4847 igitur
2520 4772 2797 4828 dominns
2829 4772 3129 4828 conradus
3158 4772 3475 4845 imperator
3493 4774 3650 4844 quod

2000 4866 2052 4925 ei
2083 4864 2326 4940 gratiam
2387 4878 2553 4920 snam
2611 4862 2976 4919 subtraxerat
2996 4860 3299 4929 Dominus,
3329 4869 3385 4918 et
3405 4862 3463 4918 in
3488 4864 3651 4934 regni

2001 4952 2249 5027 negotiis
2290 4951 2342 5009 ei
2392 4952 2700 5023 procedere
2764 4951 3109 5021 negabatur,
3148 4955 3347 5023 parato
3391 4952 3650 5025 navigio,

2000 5047 2353 5117 sumptaque
2384 5040 2639 5109 licentia,
2672 5039 2733 5095 in
2764 5055 3006 5111 regnum
3025 5040 3326 5112 proprium
3349 5052 3440 5098 est
3465 5055 3656 5098 rever.

2000 5149 2122 5192 sus.
2156 5134 2280 5198 Quo
2313 5126 2675 5201 perveniens,
2703 5127 2856 5184 intra
2873 5144 3091 5199 pancos
3111 5144 3300 5187 annos
3323 5128 3476 5201 apud
3499 5129 3652 5185 Ban-

1999 5223 2218 5294 enberg
2273 5222 2544 5276 mortuns
2591 5216 2817 5284 est,ubi
2870 5222 2926 5274 et
2973 5217 3282 5289 magnifice
3314 5217 3373 5272 in
3402 5216 3652 5274 ecclesia

2001 5310 2206 5383 majori
2238 5307 2498 5381 sepultus
2528 5310 2649 5363 est:
2681 5305 2771 5361 vir
2799 5305 2930 5377 pins
2946 5310 3005 5362 et
3034 5305 3385 5373 misericors,
3403 5321 3652 5378 corpore

2000 5400 2375 5472 conspicuus.
2408 5395 2788 5468 generositate
2839 5394 3092 5468 insignis
3132 5395 3214 5451 rei
3262 5393 3535 5451 militaria
3573 5395 3648 5452 ad

2002 5492 2320 5565 perlectum
2379 5486 2601 5544 babens
2630 5484 3063 5557 experientiam,
3104 5485 3243 5556 vita,
3271 5491 3327 5539 et
3383 5483 3652 5544 moribus

1997 5596 2103 5656 per
2127 5577 2325 5637 omnia
2351 5575 2852 5645 commendabilis,
2885 5574 3059 5647 cuins
3087 5570 3368 5632 memoria
3401 5570 3464 5631 in
3494 5572 3648 5632 bene
