3784 6000
170 251 261 312 13

1740 243 2067 306 NOTITIA
3529 255 3608 316 ss

172 384 407 444 Mortui
439 384 645 455 maris,
676 382 796 439 duo
824 379 1131 454 speciatim
1164 382 1598 451 commemorat,
1621 396 1752 453 quae
1781 381 1854 438 ad
1878 387 1939 454 Α
1968 381 2159 437 nicam
2188 384 2246 439 et
2274 379 2672 452 dalmaticam,
2702 397 2938 458 capsam
2975 387 3034 442 et
3057 385 3173 442 duo
3194 384 3372 459 pallia
3400 401 3417 457 ς
3447 386 3612 446 dedIt

179 472 533 549 pontificale
582 487 736 530 onus
782 470 1175 529 abdicandum
1213 468 1382 527 illum
1413 468 1850 544 pertrahebant.

180 586 212 615 a
242 563 586 631 Confectus,
600 561 996 634 inquit,senio
1017 564 1074 618 et
1093 559 1421 634 aliquarum
1442 560 1854 633 aegritudinum

179 658 473 725 gravatus
503 668 759 720 accessu,
805 651 877 708 ad
911 651 1213 709 medicina
1241 649 1495 708 salutare
1525 651 1851 708 remedium

182 743 545 816 confugere,
571 746 628 799 et
653 741 951 798 confracta
970 739 1268 797 laboribus
1298 739 1562 796 membre
1583 754 1851 798 necessa·

184 834 282 889 ria
312 834 523 903 requie
553 831 859 889 sublevere
888 831 1169 889 constitui
1203 847 1218 899 3
1266 829 1315 887 si
1363 830 1596 904 quidem
1627 829 1690 888 in
1721 846 1896 904 per-„

182 922 413 978 niciem
449 936 643 978 meam
699 921 883 977 veluti
912 921 1227 992 conjuratae
1274 919 1517 977 veniunt
1559 920 1850 991 debilitas,

178 1011 521 1067 infirmitas
552 1027 619 1069 ac
641 1014 931 1080 senectus,
953 1010 1219 1083 mihique
1237 1013 1325 1066 tot
1344 1009 1855 1068 incommodorum

182 1099 487 1156 instantia
517 1098 792 1157 fiduciam
821 1100 953 1156 vitae
974 1097 1251 1172 longioris
1281 1098 1598 1171 abrumpit.
1619 1098 1858 1157 Accedit

186 1190 572 1248 extrinsecus
600 1189 983 1262 negotiorum,
1014 1188 1231 1263 quibus
1281 1186 1597 1256 distrahor,
1627 1188 1856 1260 impor-

186 1286 347 1337 tuna
378 1280 629 1349 vexatio,
662 1295 788 1352 quae
820 1278 1231 1338 miserabiliter
1253 1280 1641 1349 anhelantem,
1672 1278 1761 1337 vel
1781 1278 1854 1336 ad

191 1374 576 1427 momentum
594 1369 767 1426 etiam
788 1369 1074 1442 respirare
1096 1385 1211 1426 non
1234 1370 1403 1442 sinit3
1427 1371 1478 1428 si
1500 1371 1736 1444 quidem
1753 1385 1858 1427 so-

189 1462 330 1534 pius
364 1461 442 1517 ad
476 1459 700 1532 regales
728 1475 867 1517 cum
918 1459 1139 1517 caeteris
1187 1461 1387 1518 trahor
1415 1461 1704 1533 angariae,
1755 1476 1856 1517 eo-

190 1568 482 1624 rumque,
517 1550 729 1622 quibus
759 1551 961 1607 deesse
991 1566 1107 1608 non
1147 1566 1412 1624 possum,
1447 1549 1859 1622 frequentibus

189 1644 453 1700 infestor
513 1640 765 1712 injuriis.
801 1661 830 1689 »
880 1640 992 1697 Sed
1050 1658 1181 1699 cum
1239 1658 1505 1698 secessus
1548 1640 1644 1697 ille
1684 1657 1857 1699 suum

1963 478 2020 528 et
2048 471 2218 529 nobis
2242 473 2314 529 ad
2346 474 2626 532 solvenda
2654 475 2914 533 ecclesia
2955 491 3055 533 coc
3120 475 3301 536 libras
3337 477 3609 552 Andaga-

1964 560 2227 618 venaium
2262 580 2277 633 3
2337 562 2396 619 in
2428 563 2780 636 quibusdam
2838 581 2971 622 vero
3025 565 3184 624 vasis
3232 567 3523 640 argenteis
3551 571 3611 626 et

1963 647 2131 707 libris
2161 650 2512 723 quibusdam
2543 653 2831 726 legalibus
2852 658 3092 714 centum
3118 656 3302 713 libras
3318 655 3614 715 Parisien-

1962 741 2120 798 sium
2142 741 2214 798 ad
2238 742 2517 801 emendos
2542 745 2787 802 reditus.
2810 745 3097 803 Praeterea
3116 746 3435 805 mediorum
3469 763 3614 821 quo·

1964 831 2234 887 rumdam
2285 832 2566 890 librorum
2593 832 2872 906 legalium
2905 851 3009 892 sex
3035 837 3352 908 volumina,
3381 843 3437 894 et
3464 836 3610 896 alios

1963 919 2174 977 diversi
2195 922 2423 994 generis
2452 922 2634 979 libros
2653 922 2726 979 ad
2746 924 3121 980 retinendum
3142 924 3204 981 in
3240 925 3494 983 armario
3517 941 3614 984 no·

1964 1005 2056 1062 bis
2076 1007 2239 1063 dedit
2257 1029 2273 1077 ;
2297 1009 2398 1065 sed
2419 1016 2474 1066 et
2495 1009 2738 1067 diversis
2761 1009 3126 1082 temporibus
3147 1012 3334 1069 multa
3352 1011 3523 1071 nobis
3547 1012 3611 1071 in

1965 1096 2085 1154 vita
2121 1114 2231 1155 sua
2261 1098 2543 1156 beneficia
2573 1100 2847 1158 contulit.
2893 1103 3192 1158 statutum
3247 1106 3339 1159 est
3383 1115 3521 1174 ergo
3550 1106 3615 1161 ut

1965 1187 2112 1244 tanti
2146 1186 2336 1245 Patris
2358 1188 2753 1247 anniversario
2785 1198 3135 1262 recurrente,
3166 1190 3411 1264 singulis
3440 1191 3614 1251 annis

1965 1273 2162 1347 ipsum
2181 1275 2521 1334 solemniter
2541 1278 2885 1351 celebretur,
2908 1280 3009 1337 flat
3029 1280 3457 1339 commendatio
3478 1283 3613 1340 ante

1964 1364 2234 1423 missam.
2274 1386 2300 1419 ι
2332 1366 2494 1424 Jacet
2551 1383 2728 1441 prope
2757 1368 3003 1427 chorum
3053 1370 3125 1426 ad
3181 1368 3361 1430 altare
3416 1369 3614 1429 Sancti

1966 1454 2226 1524 Dionysii
2247 1471 2382 1513 cum
2414 1456 2524 1513 hac
2553 1457 2871 1531 epigraphe
2894 1474 2908 1515 z
2935 1482 2964 1510 «
2997 1459 3371 1531 Epitaphium
3389 1456 3614 1517 Arnulii

1963 1542 2332 1601 Lexoviensis
2364 1545 2644 1619 episcopi,
2671 1547 2771 1619 qui
2794 1551 3098 1620 postquam
3122 1565 3195 1604 xr.
3213 1547 3387 1606 annis
3407 1552 3614 1621 potens

1965 1651 2138 1707 opere
2168 1642 2227 1694 et
2255 1653 2526 1695 sermone
2555 1637 2769 1710 populo
2800 1654 2907 1696 suo
2937 1640 3186 1711 praefuit,
3217 1639 3399 1697 irater
3418 1645 3617 1698 noster

193 1734 353 1791 haud
390 1732 644 1789 sortitus
671 1733 829 1787 esset
857 1729 1154 1801 effectum,
1203 1733 1273 1788 ad
1304 1731 1665 1789 Victorinum
1697 1732 1849 1804 apud
1887 1777 1933 1843 B
1966 1725 2228 1797 effectus,
2262 1729 2516 1785 moriens
2553 1730 2788 1786 demum
2819 1728 2880 1787 in
2931 1730 3108 1787 veteri
3137 1728 3384 1788 basilica
3411 1728 3618 1802 sepul-

194 1821 465 1881 Parisios
488 1820 909 1877 monasterium
932 1821 1244 1892 serecepit,
1259 1826 1325 1876 ut
1345 1820 1559 1879 hahent
1578 1819 1857 1879 chronica
1967 1820 2060 1874 tus
2090 1822 2199 1887 est,
2231 1835 2388 1876 nunc
2419 1835 2552 1877 vero
2583 1819 2909 1879 translatus
2939 1820 3033 1878 hic
3062 1820 3336 1894 quiescit.

198 1911 656 1970 Northmanniae
686 1926 701 1966 z
734 1933 763 1962 α
803 1910 1081 1968 Arnuli’us
1127 1912 1500 1968 Lexoviensis
1553 1912 1862 1984 episcopus

202 2018 411 2061 mense
427 2002 603 2059 lunio
616 2002 780 2060 senio
802 2001 1436 2060 tractusLexoviensem
1458 2003 1861 2074 episcopatum

209 2094 457 2160 dimisit,
511 2097 572 2149 et
612 2091 687 2149 ad
731 2094 786 2149 S.
822 2093 1111 2150 Victorem
1142 2092 1406 2151 Parisius
1449 2108 1510 2149 se
1541 2092 1861 2160 transtulit,

205 2185 409 2257 ibique
438 2198 595 2240 anno
625 2184 895 2255 sequenti
917 2187 1183 2241 mortuus
1211 2187 1319 2241 est.
1342 2206 1369 2233 υ
1389 2183 1460 2239 Et
1480 2181 1769 2240 Robertus
1790 2184 1863 2242 de

207 2277 405 2331 &tonte
427 2273 488 2329 in
509 2273 833 2346 appendice
862 2274 933 2331 ad
960 2273 1326 2347 sigebertum
1347 2274 1418 2330 ad
1440 2288 1664 2331 annum
1693 2274 1861 2330 1182:

205 2388 235 2416 α
266 2363 563 2421 Arnuifus
592 2364 962 2422 Lexoviensis
990 2365 1321 2438 episcopus,
1364 2381 1498 2422 cum
1537 2381 1642 2438 per
1668 2381 1738 2421 ιι,
1769 2379 1866 2421 an·

208 2472 317 2512 nos
348 2454 623 2512 eamdem
656 2453 961 2513 ecclesiam
1008 2456 1275 2524 rexisset,
1306 2454 1367 2512 in
1398 2455 1735 2513 aedificando
1763 2468 1864 2513 ec-

210 2542 458 2600 clesiam
489 2548 549 2600 et
574 2543 993 2617 pulcherrimas
1041 2545 1247 2602 domos
1276 2545 1617 2617 laborasset,
1648 2560 1864 2604 renuu-

208 2633 391 2690 tiavit
437 2633 818 2706 episcopatui,
871 2636 929 2690 et
983 2634 1237 2707 perrexit
1277 2633 1538 2693 Par-isius
1568 2651 1709 2694 suos
1740 2635 1864 2693 dies

212 2722 639 2780 dimidiaturus
659 2722 815 2795 apud
836 2722 895 2779 S.
909 2721 1200 2781 Victorem
1218 2723 1280 2780 in
1301 2723 1577 2781 domibus
1600 2724 1866 2797 pulcher·

212 2814 407 2883 rimis,
446 2810 702 2884 quesibi
748 2812 821 2869 ad
853 2829 1001 2885 opus
1046 2829 1220 2871 suum
1258 2818 1681 2872 construxerat.
1718 2836 1749 2865 n
1778 2814 1865 2871 ibi

210 2907 417 2960 autem
448 2904 549 2959 diu
575 2917 692 2960 non
721 2902 965 2970 mansit,
992 2902 1288 2976 siquidem
1321 2903 1571 2961 decessit
1597 2920 1695 2962 an.
1728 2902 1867 2960 1184

208 2996 404 3070 pridie
427 2993 558 3051 Kal.
587 2992 965 3068 Septembris,
991 3009 1107 3068 qua
1135 2993 1228 3052 die
1249 2993 1568 3068 quotannis
1590 2994 1649 3052 in
1672 3009 1869 3052 necro-

206 3088 367 3160 logio
400 3085 701 3144 Victorino
730 3086 1010 3144 recitatur
1034 3107 1067 3138 α
1112 3085 1575 3144 anniversarium
1607 3084 1871 3142 solemne

2044 1937 2118 1992 Tu
2169 1940 2267 2009 qui
2297 1939 2442 1994 dives
2487 1954 2632 2007 eras,
2679 1946 2732 1996 et
2779 1954 3011 2011 maynus
3051 1938 3348 2011 episcopus,
3387 1937 3453 1996 ob
3481 1936 3618 2010 quia

2072 2028 2286 2082 Sortem
2315 2031 2549 2083 mutasti
2575 2028 2909 2100 pauperiore
2933 2033 3086 2084 statu
3115 2033 3135 2083 Ι

2039 2117 2155 2172 Imo
2185 2116 2505 2188 pauperiem
2531 2121 2750 2174 mutavi
2773 2120 2964 2189 fenore
2990 2133 3212 2189 magno,

2073 2205 2295 2262 Mundo
2322 2205 2473 2263 dives
2500 2221 2676 2277 emm,
2707 2217 2837 2279 ptus
2862 2206 2981 2275 suit
3007 2222 3121 2264 esse
3148 2207 3282 2264 Deo.
3314 2228 3344 2257 »

2040 2313 2427 2370 Postmodum
2461 2317 2804 2373 renovatum
2834 2321 2922 2371 est
2967 2315 3096 2387 ejus
3125 2312 3433 2383 sacellum,
3460 2318 3516 2370 et
3542 2312 3616 2371 ad

1970 2417 2290 2475 perennem
2318 2403 2585 2462 notitiam
2603 2404 2849 2477 incripta
2877 2412 3011 2462 sunt
3039 2402 3477 2478 superliminari
3495 2400 3621 2461 hoc

1974 2508 2235 2550 carmina
2268 2508 2283 2549 ι

2045 2609 2153 2667 Hoc
2181 2612 2447 2683 temptum
2466 2612 2788 2685 ,iunctaeque
2830 2610 2978 2671 «τάδε
3022 2618 3154 2669 sunt
3203 2610 3460 2685 praesulis
3485 2610 3622 2669 olins

2076 2698 2295 2772 Araulfi
2320 2701 2622 2774 antiquum
2651 2703 2998 2760 Lemniensis
3021 2717 3177 2774 opus.

2043 2789 2106 2847 Si
2133 2795 2220 2847 ter
2247 2791 2572 2864 quinoentos
2600 2809 2779 2850 annos
2808 2794 3144 2866 triqintaque
3172 2794 3224 2849 et
3250 2807 3428 2848 unum

2079 2881 2441 2952 Annumeres,
2474 2882 2685 2941 Christo
2703 2898 2830 2941 cum
2856 2897 3153 2956 repararet·
3177 2881 3361 2939 habes.

2044 2988 2275 3047 Arnulss
2304 2989 2565 3064 epistolae
2592 2998 2648 3050 et
2675 2991 3099 3066 epigrammata
3127 2992 3361 3049 exstant
3388 3004 3532 3047 mss.
3560 2986 3625 3047 in

1975 3077 2330 3138 bibliotheca
2356 3080 2641 3139 Vaticana
2670 3097 2768 3139 nu.
2794 3082 2898 3139 189
2926 3084 2985 3139 et
3012 3081 3140 3139 537.
3172 3080 3296 3138 Odo
3313 3078 3624 3138 Turnebus

205 3177 409 3234 Patris
442 3176 626 3233 nostri
655 3175 767 3250 piae
794 3175 1211 3234 recordationis
1238 3174 1461 3232 Arnulli
1494 3174 1865 3233 Lexovieneis
1889 3163 1935 3232 C
1974 3168 2216 3226 Adriani
2248 3170 2408 3227 filius
2438 3170 2715 3245 epistolas
2734 3172 2964 3245 primus
2983 3172 3164 3229 edidit
3183 3185 3317 3228 cum
3338 3169 3625 3228 sermoni·

204 3266 499 3339 episcopi,
525 3266 626 3337 qui
642 3281 869 3338 magna
889 3264 1213 3322 devotionis
1226 3264 1644 3336 affectu,quem
1668 3280 1701 3320 a
1723 3265 1869 3321 mul—

200 3357 287 3411 tis
316 3361 480 3412 retro
525 3355 697 3412 annis
736 3370 876 3427 erga
912 3352 1218 3412 ecclesiam
1258 3359 1520 3412 nostram
1555 3354 1864 3423 habuerat,

203 3447 281 3503 de
301 3447 647 3518 episcopatu
678 3460 786 3501 suo
807 3444 879 3502 ad
904 3460 1012 3502 nos
1032 3443 1292 3513 veniens,
1315 3445 1635 3502 canonicus
1670 3449 1867 3501 noster

204 3537 457 3593 effectus
508 3540 620 3595 est.
680 3533 1009 3607 quietisque
1039 3534 1149 3591 sibi
1197 3550 1266 3590 ac
1310 3534 1624 3606 sepulturae
1672 3534 1867 3591 locum

204 3624 489 3684 eumdem
514 3624 670 3682 inter
688 3639 890 3680 omnes
909 3622 1055 3681 alias
1076 3623 1351 3682 ecclesias
1373 3623 1687 3698 praeelegit,
1712 3623 1868 3681 mul-

202 3719 289 3773 tis
318 3720 378 3772 et
409 3713 642 3783 magnis
660 3712 967 3771 beneflciis
995 3713 1246 3786 dignum
1295 3718 1353 3769 et
1399 3718 1746 3786 perpetuum
1773 3713 1869 3771 sui

202 3803 480 3862 nominis
500 3808 561 3861 et
571 3802 783 3860 amoris
802 3802 1134 3861 memoriale
1146 3802 1398 3876 posteris
1417 3802 1833 3877 derelinquens
1850 3827 1866 3873 ς

200 3895 512 3967 siquidem
546 3892 706 3950 dedit
732 3891 907 3950 nobis
963 3891 1121 3949 idem
1178 3894 1346 3965 pater
1374 3890 1436 3948 in
1476 3891 1636 3950 cultu
1667 3889 1870 3951 altaris

200 3987 365 4044 duos
399 3987 619 4054 textus,
647 3997 885 4043 crucem
909 3985 970 4041 et
1015 3981 1281 4056 calicem,
1336 3985 1458 4040 tres
1486 3981 1737 4056 casulas,
1782 3987 1875 4041 tu·

1981 3258 2089 3315 bus
2127 3261 2186 3316 et
2234 3259 2619 3328 carminibus,
2669 3261 2827 3320 unde
2881 3261 2942 3319 in
2988 3260 3350 3318 Bibliotheca
3403 3262 3636 3318 Petrum

1975 3351 2263 3409 transiere
2291 3356 2433 3411 tom.
2466 3354 2652 3411 xx11.
2685 3354 2909 3413 Arnulfl
2953 3357 3268 3411 tractatum
3318 3352 3392 3409 de
3438 3349 3634 3409 schis-

1976 3445 2129 3497 mate
2161 3441 2312 3499 inter
2341 3443 2745 3501 Innocentium
2778 3442 2828 3499 11
2858 3447 2917 3499 et
2963 3443 3193 3500 Petrum
3237 3441 3511 3507 Leonem,
3543 3438 3634 3497 di·

1975 3536 2135 3588 ctum
2167 3534 2535 3606 Anacletum,
2558 3533 2741 3592 edidit
2765 3532 3089 3591 Daoherius
3109 3537 3250 3591 tom.
3278 3532 3327 3589 11
3356 3529 3632 3605 spicileg,

1977 3621 2080 3678 ubi
2109 3620 2285 3678 etiam
2308 3622 2544 3680 exhibet
2565 3623 2851 3697 plurimas
2875 3623 3004 3695 eJus
3023 3620 3302 3696 epistolas
3322 3623 3496 3678 antes
3518 3632 3636 3676 nou

1976 3710 2187 3778 editas,
2218 3710 2441 3769 scilicet
2470 3712 2542 3769 ad
2574 3712 2819 3770 Lucium
2850 3729 3082 3785 papam,
3112 3724 3287 3783 quem
3317 3706 3636 3780 majestatis

1977 3799 2147 3858 titulo
2177 3800 2512 3876 compellat,
2573 3801 2997 3875 apologeticum
3043 3799 3118 3856 ad
3147 3811 3387 3856 suorum
3436 3795 3638 3854 adver-

1977 3890 2271 3949 sariorum
2303 3891 2691 3950 confutandas
2727 3890 3082 3957 calumnias,
3124 3888 3199 3947 ad
3232 3886 3630 3947 Alexandrum

1982 3999 2218 4056 papam,
2250 3985 2324 4041 ad
2357 3983 2675 4043 Henricum
2705 3995 2904 4057 regem
2926 3979 3271 4056 Anglorum.
