3784 6000
110 129 241 191 6¹3

780 116 987 178 HIST.
1038 110 1313 175 RERUM
1357 108 1900 172 TRANSMARIN.
1948 144 2026 157 —
2068 114 2217 176 LIB.
2261 116 2389 180 XV.
2437 118 2689 182 FULCO
2736 121 2913 186 REX.

3418 135 3541 198 614

114 275 260 320 cum
293 254 434 314 filiis
461 252 585 311 suia
613 254 673 309 et
699 247 1107 315 familiaribus,
1139 252 1194 303 et
1224 243 1431 302 militia
1468 259 1586 300 non
1643 258 1768 299 mo·
1801 247 1852 312 Α
1884 247 1957 303 de
1989 249 2111 306 suis
2156 252 2568 324 intromiserat,
2614 259 2768 329 quod
2829 275 2946 317 non
3001 261 3170 322 l'acile
3227 267 3533 326 videbatur

118 350 262 406 dica
296 348 368 404 ad
400 345 605 402 urbem
636 342 952 413 ingressus,
985 335 1223 392 domino
1256 333 1536 407 principe,
1585 332 1782 389 domi-

115 454 328 511 noque
362 433 570 493 comite
597 429 866 488 stratoris
902 426 1159 484 officium
1191 422 1780 495 exsequentibu8,do·

117 529 410 599 minoque
464 519 795 595 patriarcba
823 533 955 573 cum
987 518 1256 571 universo
1287 512 1442 569 clero
1484 517 1541 568 et
1572 512 1781 583 populo

122 614 410 672 ordinata
452 611 523 667 de
554 623 715 666 more
746 604 1133 678 processione,
1165 601 1225 657 in
1267 599 1501 673 psalmis
1533 602 1590 655 et
1620 599 1782 669 bym-

117 701 494 776 uisscanticis
507 703 566 756 et
580 696 934 754 musicorum
948 695 1231 749 concentu
1252 690 1777 747 instrumentorum

116 811 261 853 cum
293 793 506 867 plausu
566 794 623 845 et
677 783 1031 843 exultatione
1074 780 1443 854 populorum,
1503 778 1667 850 prius
1707 778 1776 833 ad

118 881 522 943 cathedralem
552 875 884 943 ecclesiam,
932 872 1138 930 deinde
1188 872 1257 927 ad
1301 870 1578 941 palatium
1614 867 1781 939 prin-

122 974 288 1047 cipia
312 969 652 1029 solemniter
678 965 965 1022 deductus
995 965 1104 1020 est.
1163 958 1273 1016 Ubi
1329 974 1462 1015 cum
1525 974 1625 1030 per
1656 957 1779 1012 dies

122 1062 378 1136 aliquot,
399 1055 644 1119 balneis,
675 1059 732 1114 et
752 1052 972 1111 caetcris
1003 1067 1129 1123 quae
1153 1051 1221 1106 ad
1246 1063 1455 1120 corpus
1487 1047 1782 1118 pertinent

122 1149 902 1217 recreationibus,tanquam
918 1139 1261 1199 dominusin
1277 1136 1777 1208 domo,prolibero

124 1244 444 1302 ususesset
462 1236 721 1305 arbitrio,
755 1233 1111 1307 profusaque
1130 1237 1185 1286 et
1209 1244 1350 1300 pene
1377 1226 1620 1299 prodiga
1660 1230 1777 1281 tam

121 1333 182 1390 in
206 1330 517 1388 dominum
535 1323 856 1400 principem
882 1327 940 1379 et
960 1320 1257 1386 comitem,
1286 1333 1458 1391 quam
1494 1317 1553 1372 in
1575 1330 1776 1372 eorum

125 1422 462 1491 magnates,
491 1430 598 1472 nec
628 1431 743 1471 non
773 1417 830 1468 et
878 1411 938 1467 in
969 1411 1122 1466 cives
1178 1406 1575 1463 indifferenter
1632 1421 1775 1460 usus

129 1511 292 1565 esset
319 1502 609 1577 imperiali
652 1499 1070 1566 munificentia,
1133 1496 1456 1569 principem
1510 1492 1776 1551 simulet

124 1597 431 1663 comitem,
461 1598 519 1650 et
550 1607 753 1650 omnes
782 1588 1088 1662 provinciae
1121 1585 1425 1659 primores,
1460 1585 1530 1640 ad
1554 1600 1617 1640 se
1643 1583 1776 1639 iecit

121 1685 392 1753 evocari3
430 1682 643 1755 quibus
672 1681 734 1736 in
765 1678 1071 1752 praesentia
1108 1693 1216 1732 sua
1237 1672 1596 1741 constitutis,
1622 1673 1779 1745 prin-

121 1780 318 1851 cipem
369 1776 707 1849 alloquitur,
756 1775 956 1830 dicens
989 1789 1002 1829 :
1063 1767 1234 1837 Nosti,
1285 1768 1638 1824 dilectissime
1692 1765 1778 1834 tili

119 1865 449 1931 flaimunde,
477 1863 746 1938 quomode
799 1863 863 1920 ob
892 1859 1137 1931 qratiam
1170 1860 1278 1926 tui,
1311 1865 1371 1913 ut
1424 1858 1588 1925 iuxta
1639 1871 1776 1910 con-

120 1959 410 2016 ventiones
436 1957 587 2012 inter
614 1958 865 2010 nostrum
918 1952 1023 2007 Deo
1079 1945 1325 2005 amabile
1380 1947 1693 2018 imperium,
1722 1950 1777 2000 et

118 2047 446 2119 fidelitatem
478 2050 633 2100 tuam
646 2044 802 2115 prius
858 2041 953 2097 der
997 2039 1329 2111 prudentum
1374 2037 1625 2092 virorum
1654 2049 1776 2090 me-

120 2135 432 2193 diationem
461 2133 649 2201 initas,
682 2139 841 2188 tuum
869 2146 1102 2199 auqeam
1129 2127 1529 2198 principatum,
1563 2133 1615 2181 et
1635 2123 1775 2179 dila—

122 2231 230 2280 tem
282 2237 453 2295 super
506 2223 688 2278 hostes
740 2220 871 2292 fidei
915 2222 1119 2276 nostrae
1190 2216 1549 2288 possessiones
1627 2221 1771 2281 luas,

123 2315 226 2370 diu
245 2314 371 2385 jam
397 2315 459 2368 in
511 2313 622 2367 ista
673 2309 895 2379 reqione
949 2310 1298 2363 conversatus
1355 2320 1478 2361 sum
1505 2320 1527 2365 ,·
1564 2309 1620 2359 et
1657 2316 1774 2357 ecce

123 2405 546 2477 opportunitate
574 2402 885 2470 invocate,
926 2404 1139 2469 tempus
1163 2404 1242 2452 est
1272 2402 1331 2450 ut
1367 2395 1637 2466 promissa
1665 2390 1774 2446 sol-

124 2509 273 2560 vam,
332 2496 384 2548 et
450 2505 660 2547 omnem
731 2487 1282 2557 circumadjacentem
1332 2483 1606 2554 reqionem
1659 2487 1774 2536 tuae

122 2581 426 2654 subjiciam
453 2579 675 2647 ditioni,
707 2580 851 2634 sicut
877 2582 1164 2649 pactorum
1213 2581 1368 2630 tenor
1423 2572 1775 2642 manifestius

123 2671 333 2729 edocet.
364 2669 469 2727 Sed
494 2671 642 2725 nosti
669 2671 897 2739 optime,
926 2671 1199 2723 noverunt
1234 2671 1289 2719 et
1327 2665 1442 2728 isti,
1474 2663 1572 2733 qui
1594 2667 1775 2715 tecum

124 2763 399 2817 innostra
446 2759 717 2815 assistunt
759 2754 1076 2828 praesentia,
1120 2752 1261 2825 quod
1318 2767 1425 2808 non
1484 2754 1579 2816 est,
1636 2748 1774 2821 quod

127 2849 236 2907 tibi
261 2848 473 2906 solvere
498 2852 775 2918 tenemur,
805 2862 938 2918 opus
967 2845 1222 2915 temporis
1251 2840 1458 2897 modici
1478 2859 1500 2905 ;
1528 2840 1625 2896 sed
1653 2853 1772 2894 mo·

124 2954 252 2994 ram
282 2943 387 2994 tua
431 2938 654 3007 nepotia
709 2935 960 2991 videntur
1016 2935 1234 3002 exipere
1288 2930 1691 2986 diuturniorem
1720 2931 1773 2982 et

1881 336 1954 404 ei,
1987 339 2105 438 ssim
2136 340 2349 398 inferre
2378 344 2610 413 volenti,
2646 347 2916 407 resistere
2972 369 3166 424 posse.
3232 358 3325 413 Sic
3357 359 3534 431 igitur

1883 443 1974 483 res
2004 445 2062 484 1n
2096 439 2249 486 arcto
2282 434 2472 505 posita
2501 444 2639 504 erat,
2676 454 2809 494 cum
2841 457 2972 497 ecce
3023 459 3218 503 comes
3282 448 3531 506 Edessa·

1886 532 1995 573 nus
2027 535 2127 589 pro
2159 523 2435 580 omnibus
2486 529 2863 598 respondens,
2917 535 2999 588 ita
3055 551 3225 594 orsus
3254 543 3342 594 est
3375 556 3389 594 τ
3423 541 3529 596 Do-

1882 608 2050 674 mine,
2085 625 2265 666 sermo
2314 629 2471 683 quem
2516 621 2798 685 peroravit
2851 622 3159 690 imperialis
3213 627 3532 685 sublimitas

1882 702 2085 766 vestra,
2116 699 2309 754 divina
2338 701 2547 759 redolet
2574 705 2907 776 eloquentia,
2938 715 2987 765 et
3017 715 3172 768 omni
3217 719 3532 783 acceptione

1881 783 2082 852 dianus
2111 792 2310 854 est,·in
2361 796 2609 848 nostrum
2663 798 2810 851 enim
2867 805 3043 856 totum
3083 803 3237 858 iltius
3289 808 3529 861 tenorem

1880 873 2126 931 videmus
2156 879 2424 950 respicere
2439 885 3091 958 penitusincrementum,
3121 892 3217 948 sed
3248 909 3342 949 res
3369 910 3531 961 nova,

1881 977 2016 1019 novo
2048 967 2263 1034 indiqet
2319 971 2573 1039 consilio,
2628 991 2728 1030 nec
2781 981 2860 1032 est
2889 979 2948 1034 in
3003 980 3222 1037 domino
3280 986 3528 1056 principe

1878 1053 2054 1108 sotum
2084 1054 2181 1110 hoc
2208 1058 2427 1129 effectui
2456 1065 2790 1134 mancipat-e.
2841 1066 3063 1136 Oportet
3120 1073 3269 1126 enim
3316 1076 3376 1126 ut
3404 1089 3531 1129 cum

1877 1156 2126 1213 suorum,
2158 1147 2275 1202 mei
2300 1146 2573 1218 videlicet,
2604 1155 2654 1206 et
2701 1154 2949 1210 aliorum
2994 1173 3219 1214 suorum
3274 1159 3531 1230 fidelium

1876 1233 2131 1302 consilio,
2161 1250 2327 1306 super
2348 1237 2449 1293 hoc
2480 1240 2699 1309 plenius
2761 1245 3050 1314 deliberet,
3104 1249 3368 1319 quomodo
3396 1251 3539 1322 saci·

1879 1318 1984 1373 ltus
2004 1322 2225 1378 verbum
2259 1329 2498 1382 vestrum
2529 1337 2578 1383 et
2605 1331 2900 1400 postulatio
2953 1333 3201 1390 debitum
3256 1337 3530 1392 sortiatur

1875 1407 2149 1481 effectum,
2172 1429 2240 1468 ne
2264 1416 2514 1472 tumultu
2534 1419 2710 1487 plebis
2736 1422 3162 1495 intercurrente,
3187 1427 3533 1482 exsecutioni

1873 1500 2199 1568 petitionum
2232 1508 2533 1561 vestrorum
2560 1509 2767 1576 suturae
2813 1519 3114 1582 praestetur
3169 1515 3534 1585 impedimen-

1880 1595 2016 1643 tum.
2071 1589 2294 1647 Placuit
2352 1594 2545 1666 itaque
2606 1599 2844 1657 domino
2905 1602 3243 1674 imperatori
3296 1604 3529 1661 comitis

1888 1694 2272 1749 responsum3
2308 1687 2361 1737 et
2384 1684 2535 1739 datis
2567 1688 2636 1740 ad
2673 1689 2964 1746 modicum
2997 1692 3251 1748 induciis
3281 1700 3340 1749 ut
3364 1693 3534 1750 diotae

1887 1767 2195 1824 satisfieret
2225 1770 2646 1840 deliberationi,
2681 1793 2875 1834 comes
2911 1780 3148 1836 domum
3184 1783 3528 1852 regreditur,

1887 1856 2147 1928 principe
2178 1859 2237 1913 in
2289 1859 2502 1931 palatio
2564 1871 2921 1936 remanente,
2975 1875 3031 1924 et
3089 1870 3182 1925 sui
3233 1870 3418 1940 ipsius
3467 1872 3534 1926 ut

1886 1947 2200 2013 dicebatur,
2234 1967 2346 2005 non
2382 1951 2629 2010 habente
2661 1960 3028 2027 potestatem.

2525 2061 2758 2118 CAPUT
2792 2065 2886 2122 lv,

1887 2142 2177 2230 Excitatur
2199 2145 2258 2200 in
2287 2147 2515 2233 civitate
2567 2153 2871 2217 tumultus:
2915 2159 3070 2213 timet
3126 2158 3434 2231 imperator
3470 2171 3528 2222 et

1950 2220 2282 2284 petitionem
2311 2227 2537 2275 remittit
2571 2239 2590 2284 ,·
2614 2231 2667 2277 et
2692 2225 2916 2282 sedatur
2943 2229 3285 2301 scandalum,
3335 2236 3530 2294 eodem

1957 2287 2030 2341 ab
2061 2292 2193 2343 urbe
2220 2304 2452 2361 epi-esse,

1955 2395 2170 2451 Comite
2206 2397 2382 2468 igitur
2430 2399 2667 2457 domum
2729 2418 2975 2475 reverso,
3038 2409 3235 2466 missis
3292 2413 3521 2471 occulte

1885 2482 2121 2550 nuntiis,
2153 2485 2249 2553 qui
2282 2486 2561 2556 populum
2613 2488 2973 2562 universum,
3026 2497 3308 2566 patefacta
3338 2500 3525 2572 impe·

1883 2571 2090 2626 ratoris
2123 2574 2530 2641 postulatione,
2563 2578 2636 2633 ad
2659 2595 2823 2636 arma
2853 2581 3188 2654 sollicitent,
3224 2587 3530 2647 flttumul-

1883 2662 1979 2713 tus
2010 2661 2541 2720 cumimmoderato
2573 2669 2818 2740 strepitu
2847 2687 2946 2741 per
2977 2674 3174 2729 urbem
3208 2693 3222 2743 3
3259 2680 3317 2733 et
3341 2678 3529 2736 turbis

1885 2749 2140 2820 undique
2168 2752 2678 2824 convenientibus,
2735 2757 2962 2814 clamor
3018 2763 3387 2822 attolliturin
3418 2767 3529 2824 im·

1884 2852 2169 2893 mensum.
2206 2840 2339 2896 Hoec
2366 2841 2608 2898 audiens
2650 2861 2865 2907 comes;
2900 2855 3135 2922 accepto
3183 2868 3333 2925 equo
3373 2855 3534 2912 velo-

1883 2928 2027 2981 citer
2055 2927 2125 2981 ad
2162 2929 2446 2998 palatium
2496 2931 2797 3003 festinans,
2848 2941 3120 3009 tanquam
3164 2944 3530 3013 populatium

121 3031 404 3101 impensas
431 3027 722 3098 ampliores
746 3025 1051 3097 deposcere.
1101 3025 1326 3094 Oportet
1384 3022 1554 3091 iqitur
1603 3023 1662 3074 ut
1690 3020 1768 3072 ci·
1801 3004 1844 3071 C
1882 3016 2154 3071 incursus
2186 3017 2435 3088 fugiens,
2469 3026 2601 3076 ante
2625 3024 2796 3093 pedes
2834 3025 3203 3095 imperiators
3248 3048 3310 3088 se
3357 3034 3517 3091 dedit

124 3120 314 3179 vitatis
345 3119 513 3193 hujus
531 3116 870 3190 presidium,
920 3117 1060 3171 sicut
1107 3128 1177 3169 ex
1212 3119 1369 3184 pacto
1425 3109 1644 3175 teneris,
1676 3122 1778 3162 no·

124 3217 259 3270 strae
282 3210 507 3282 deputes
543 3206 826 3275 custodite,
858 3208 918 3261 ut
974 3207 1032 3260 in
1091 3218 1150 3260 eo
1190 3201 1365 3258 nostri
1414 3204 1584 3256 tulius
1623 3214 1781 3268 repo-

126 3308 342 3357 nantur
361 3298 610 3355 thesauri
634 3296 865 3360 :urbem
912 3309 1128 3366 quoque
1184 3294 1387 3348 nostris
1444 3289 1782 3346 exercitibus

126 3394 382 3463 perviam
406 3386 621 3458 facias,
648 3391 711 3441 ut
741 3386 980 3441 liberam
1002 3382 1227 3438 omnino
1251 3380 1504 3437 intrandi
1524 3378 1778 3451 eqredien

127 3482 296 3555 dique
353 3477 591 3535 habeant
635 3476 756 3532 sine
801 3473 1126 3545 difficultate
1174 3471 1470 3527 licentiam.
1532 3468 1670 3524 Nam
1699 3469 1781 3525 ‹le-

134 3571 322 3631 Tarso.
351 3568 441 3625 vel
469 3567 777 3630 Anavarxa,
807 3566 892 3620 vel
921 3564 1049 3619 aliis
1109 3560 1316 3616 Ciliciae
1364 3559 1610 3626 urbibus,
1669 3574 1779 3613 non

126 3663 205 3717 ita
232 3655 516 3717 commode
544 3654 740 3711 bellica
776 3656 969 3725 parari
1000 3658 1222 3724 possunt
1268 3649 1661 3716 instrumenta,
1711 3647 1782 3703 ad

131 3750 425 3819 anqustias
451 3749 502 3802 et
522 3744 858 3801 obsidionem
890 3742 1139 3812 Halapioe
1168 3738 1513 3809 inserendam
1534 3755 1556 3801 ;
1582 3737 1782 3793 aliam-

131 3852 231 3910 que
256 3841 485 3908 prestat
515 3834 634 3890 haec
661 3833 856 3887 civitas
914 3832 986 3885 iis
1041 3827 1232 3884 usibus
1289 3824 1780 3898 opportunitatem,

131 3926 403 3996 lonqeque
430 3922 714 3979 meliorem
770 3936 938 3992 quam
985 3918 1101 3973 alia
1147 3916 1348 3987 quaevis
1386 3919 1560 3986 posset
1611 3913 1779 3968 mini·

126 4020 330 4072 strare.
363 4012 540 4083 imple
567 4025 697 4083 erqo
748 4012 1075 4082 promissum
1131 4010 1182 4063 et
1195 4007 1264 4076 Ju
1278 4013 1372 4061 eta
1408 4010 1654 4059 tenorem
1676 4018 1783 4057 ex-

130 4103 334 4162 hibitae
360 4102 668 4173 fidelimtis,
724 4113 1047 4172 prosequere
1091 4097 1236 4167 quod
1282 4104 1435 4150 tuum
1495 4100 1620 4154 est:
1649 4107 1783 4146 nam

129 4196 339 4251 nostrat
362 4193 478 4247 erit
505 4189 843 4257 eminentiae,
873 4188 925 4242 id
969 4186 1110 4260 quod
1159 4187 1262 4240 tibi
1311 4188 1559 4239 tenemur
1606 4181 1786 4237 exsol-

128 4298 278 4353 vere,
311 4282 477 4354 larqa
521 4278 973 4351 interpretatione
1024 4278 1074 4331 et
1118 4274 1480 4346 superfluente
1525 4287 1786 4327 mensura

132 4369 363 4444 tamiri.

204 4459 313 4515 His
341 4457 536 4526 dictis,
569 4457 837 4530 princeps
866 4460 923 4512 et
966 4455 1077 4524 sui,
1136 4452 1293 4509 verbi
1353 4450 1662 4509 acerbitate
1688 4464 1788 4520 per

134 4546 351 4612 territi,
380 4546 480 4602 diu
512 4545 799 4602 haerentes
829 4544 962 4615 quid
990 4557 1167 4615 anper
1216 4541 1310 4597 hia
1367 4540 1786 4610 responderent

133 4651 272 4694 cum
304 4635 492 4692 multa
518 4634 814 4691 anxietate
843 4649 1044 4689 secum
1075 4630 1384 4687 volvebant
1415 4627 1558 4701 quid
1579 4625 1652 4683 ad
1679 4626 1784 4684 boc

135 4726 443 4783 referrent.
475 4724 699 4781 Durum
757 4723 915 4780 enim
963 4721 1269 4777 videbatur
1298 4725 1353 4775 et
1400 4733 1572 4792 grave
1603 4717 1782 4773 nimia

136 4813 303 4887 quod
328 4813 530 4869 civitas
559 4817 722 4870 tanto
751 4816 965 4868 nostra»
996 4811 1184 4880 gentis
1214 4808 1499 4881 acquisita
1524 4806 1784 4878 periculo

137 4907 424 4973 tantoque
452 4900 762 4974 sanguinis
791 4899 1050 4956 felicium
1084 4898 1414 4970 principum
1475 4895 1784 4968 dispendio

135 4989 484 5050 Christiano
512 4991 646 5047 fidei
694 4990 980 5054 restituta,
1013 5005 1140 5060 quae
1198 4991 1492 5042 tantarum
1553 4999 1787 5056 semper

136 5082 328 5138 tuerat
358 5083 532 5150 caput
560 5088 616 5136 et
642 5077 996 5135 moderatrix
1024 5076 1473 5149 provinciarum,
1507 5073 1566 5129 in
1600 5088 1782 5128 manu

136 5168 460 5227 effeminati
481 5167 814 5225 Graecorum
836 5166 1035 5239 populi
1055 5166 1432 5222 descenderet
1463 5178 1629 5231 3nam
1657 5160 1786 5217 sine

136 5275 209 5316 ea
239 5256 479 5328 reliqua
509 5258 762 5329 regionis
829 5255 1122 5328 portiones
1181 5253 1346 5309 nobis
1403 5258 1557 5307 stare
1616 5264 1786 5321 posse

136 5363 255 5405 non
289 5346 659 5404 videbantur.
694 5346 935 5414 Iterum,
968 5344 1022 5400 id
1047 5342 1230 5416 pactis
1253 5341 1476 5397 domini
1503 5337 1787 5413 principis

132 5437 456 5511 insertum,
487 5451 660 5495 nemo
697 5439 823 5494 erat
850 5433 952 5507 qui
999 5432 1336 5496 dubitat-eu
1396 5433 1672 5503 praeterea
1702 5432 1788 5486 tot

1888 3106 2236 3162 exanimem.
2270 3108 2472 3166 Subito
2495 3110 2669 3178 igitur
2700 3114 2930 3170 comitis
2963 3115 3250 3188 ingressu,
3277 3121 3529 3196 impera-

1887 3199 1981 3251 tor
2007 3197 2325 3265 attonibus,
2358 3200 2568 3270 qumrit
2600 3200 2907 3273 diligenter
2963 3222 3219 3277 quaenam
3240 3212 3314 3268 sit
3342 3229 3529 3283 causa,

1888 3283 2027 3353 quod
2057 3286 2140 3340 ila
2195 3286 2528 3359 inordinate,
2578 3299 2782 3360 praeter
2818 3309 3023 3350 morem
3080 3302 3133 3353 et
3179 3298 3533 3373 disciplinam

1887 3377 2034 3429 sacri
2059 3375 2279 3444 palatii,
2310 3381 2440 3432 ante
2465 3380 2807 3449 majestatem
2855 3385 3132 3455 irruperit
3164 3391 3529 3460 imperialem.

1890 3462 2639 3533 Responditznecessiialem
2697 3470 2869 3539 teqem
2916 3488 3026 3527 non
3077 3475 3314 3539 habere:
3372 3495 3536 3551 seque

1884 3552 2081 3624 populi
2106 3555 2346 3624 furentis
2365 3556 2721 3611 insectatione
2757 3564 3019 3627 coactum,
3079 3572 3139 3617 ut
3180 3569 3374 3622 mortis
3421 3569 3536 3623 evi-

1885 3646 2030 3697 taret
2058 3642 2374 3713 discrimen,
2431 3649 2628 3699 contra
2684 3662 2899 3702 morum
2946 3651 3165 3719 reputas
3224 3655 3531 3712 advenisse.

1888 3730 2032 3786 ltem
2092 3732 2300 3800 saepius
2356 3731 2694 3803 sciscitanti,
2777 3729 2836 3790 u't
2896 3753 3132 3794 causam
3189 3741 3532 3814 diligentius

1888 3819 2158 3890 aperiret,
2192 3821 2528 3892 respondit:
2560 3837 2616 3877 se
2644 3825 2825 3893 qratia
2846 3828 3215 3897 percipiendae
3233 3832 3437 3901 quietis
3470 3834 3528 3889 in

1888 3907 2187 3979 hospitium
2217 3908 2539 3973 declinasse,
2579 3911 2721 3966 etad
2778 3911 2832 3965 id
2888 3928 3105 3985 operam
3153 3916 3292 3974 dare
3334 3937 3535 3993 propo-

1888 3995 2079 4064 suisse,
2111 4013 2235 4053 cum
2263 4013 2378 4053 ecce
2417 3999 2593 4055 subito
2641 4001 2930 4059 universus
2983 4005 3223 4062 civitatis
3276 4011 3535 4081 populus,

1890 4088 2050 4155 quasi
2076 4089 2162 4142 vir
2191 4104 2333 4142 unus
2356 4095 2487 4143 ante
2526 4089 2722 4146 domus
2779 4091 3009 4158 ianuam
3062 4111 3184 4152 cum
3237 4097 3438 4168 gladiis
3485 4108 3537 4158 et

1891 4176 2065 4231 armis
2094 4177 2283 4248 qualia
2311 4180 2469 4248 furor
2496 4179 2846 4236 ministrabat
2877 4182 3151 4255 assistens,
3195 4189 3375 4244 virum
3395 4206 3535 4247 san-

1890 4267 2234 4336 quinarium,
2295 4268 2624 4337 proditorem
2673 4271 2895 4340 patria’,
2954 4273 3127 4343 plebis
3174 4275 3535 4351 homicidam,

1819 4372 1864 4436 D
1899 4359 2055 4428 ca’pit
2109 4358 2348 4413 clamare
2374 4376 2398 4424 ‚·
2447 4359 2545 4429 qui
2600 4358 2879 4415 civitatem
2938 4365 3258 4434 imperatori
3320 4373 3540 4441 sumpla

1897 4447 2026 4502 inde
2052 4447 2287 4518 pecunia
2315 4448 2428 4503 vult
2454 4448 2686 4505 vendere
2702 4464 2729 4516 ,·
2756 4453 3016 4507 comitem
3065 4454 3400 4512 Edessanum
3428 4459 3540 4515 sibi

1896 4536 2038 4593 dari
2064 4536 2275 4593 obviam
2304 4538 2440 4593 velle
2468 4554 2489 4598 ,·
2549 4540 2746 4609 vixque
2781 4554 2867 4595 eos
2900 4540 3013 4597 iam
3085 4542 3313 4614 effracta
3359 4544 3537 4618 domo,

1893 4639 2014 4679 cum
2044 4625 2195 4681 mille
2234 4623 2510 4697 periculis
2567 4626 2835 4697 etluqisse.
2898 4625 3116 4682 Interea
3171 4628 3393 4686 clamor
3438 4648 3539 4704 per

1892 4713 2184 4769 civitatem
2218 4716 2504 4769 excitatur
2525 4714 2754 4786 ingens,
2786 4714 3077 4769 tumultus
3100 4715 3534 4783 immoderatus,

1892 4818 2088 4857 rumor
2121 4801 2536 4858 celeberrimus
2568 4802 2830 4858 omnium
2863 4818 3032 4859 aures
3079 4804 3533 4883 circumstrepit,

1889 4892 2179 4947 civitatem
2214 4891 2426 4948 Graecis
2456 4892 2773 4961 venditam,
2800 4892 3131 4962 praesidium
3158 4895 3286 4967 jam
3320 4898 3403 4955 eis
3427 4909 3537 4958 tra.

1889 4981 2079 5035 ditum
2112 5000 2127 5048 ς
2162 4979 2335 5046 cives,
2369 4979 2586 5035 relictis
2609 4981 2777 5036 avitis
2798 4980 3070 5037 domibus
3112 4988 3168 5039 et
3197 4985 3395 5044 fundis
3428 5006 3534 5061 pa·

1889 5071 2091 5138 ternis„
2150 5071 2399 5142 migrare
2436 5076 2719 5142 oportere.
2789 5070 2891 5126 His
2949 5071 3143 5143 itaque
3202 5079 3536 5137 rumoribus

1891 5160 2045 5216 cives
2076 5163 2323 5229 accensi,
2356 5175 2732 5231 quoscunque
2761 5160 2833 5215 de
2865 5160 3212 5232 imperatore
3243 5167 3539 5238 reperiunt

1891 5248 2133 5317 familia,
2166 5250 2235 5304 de
2264 5249 2429 5320 equis
2455 5249 2757 5319 deJ'iciunt,
2791 5247 2845 5304 vi
2894 5247 3162 5322 spoliant,
3198 5254 3535 5313 verberibus

1891 5338 2176 5405 afliciunt,
2210 5340 2482 5394 resistere
2512 5336 2787 5403 volentes,
2814 5336 3026 5410 gladiis
3055 5341 3411 5402 obtruncant
3436 5362 3451 5415 ;
3480 5349 3538 5403 et

1892 5425 2167 5498 usquein
2206 5426 2489 5499 palatium
2538 5425 2837 5500 principis,
2899 5425 3149 5499 injurias
3194 5439 3250 5488 et
3286 5439 3533 5492 mortem
