3784 6000
170 235 289 298 535

1237 221 1661 289 GUILLELMI
1702 216 2085 282 TYRENSIS
2130 220 2491 283 ARCHIEP.

3457 218 3579 283 536

168 367 317 426 nibil
348 367 460 425 sub
491 367 769 439 praetextu
800 362 1050 433 alicujus
1098 356 1541 417 consuetudinis
1590 353 1809 426 aliquid
1840 351 1895 418 Α
1926 351 2069 409 satis
2110 352 2387 410 haberent
2444 352 2691 425 negotia,
2751 352 3020 412 invidens
3079 352 3241 427 pacis
3298 353 3580 412 inimicus

168 462 408 529 cogatur
438 459 733 528 praestare,
767 452 870 509 sed
899 451 1142 507 liberam
1170 465 1414 522 prorsus
1445 444 1728 502 vendendi
1752 448 1810 500 et
1920 442 2347 514 tranquillitati,
2378 458 2556 515 quam
2595 443 2884 514 sperabat,
2935 443 3286 503 scandalum
3336 443 3584 501 molitus

168 546 401 603 emendi
450 543 663 600 habeat
693 542 1058 613 potestatem.
1092 538 1259 594 Dedit
1299 536 1472 593 etiam
1517 532 1805 597 Surianis,

1920 539 2004 588 est
2034 531 2291 602 injicere.
2325 532 2570 589 Pontius
2625 531 2780 589 euim
2829 531 3332 604 Tripolitanorum
3386 549 3586 591 comes

170 636 403 702 Graecis,
436 630 717 698 Armenia,
750 635 807 685 et
864 629 1075 686 harum
1134 625 1448 698 cujuslibet
1505 623 1805 679 nationum
1920 622 2236 692 secundus,
2271 623 2566 679 noscimus
2596 623 2766 693 cujus
2797 622 3100 691 instinctu,
3129 622 3250 695 regi
3294 622 3578 681 Hieroso·

172 722 535 791 hominibus,
569 719 875 776 Saracenis
906 719 1083 774 etiam
1134 715 1515 775 nihilominus
1563 713 1809 769 liberam
1920 712 2392 785 lymerumsuum
2415 711 2743 783 denegabat
2758 711 3094 768 hominium
3119 716 3212 783 ;et
3241 712 3583 781 servitium,

172 814 540 884 potestatem,
573 808 700 865 sine
729 808 1024 866 exactione
1056 806 1252 879 aliqua
1284 803 1571 861 inferendi
1596 802 1654 858 in
1677 819 1814 858 san-

90 974 99 981 ·
172 905 324 960 etam
365 900 680 968 civitatem,
721 898 1006 965 triticum,
1057 897 1344 953 hordeum
1405 902 1461 950 et
1515 891 1815 965 quodlibet

173 1004 359 1064 genus
386 987 725 1061 leguminis.
759 987 932 1043 Medii
963 987 1132 1043 etiam
1162 994 1215 1042 et
1254 983 1530 1055 ponderis
1590 981 1816 1039 remisit

175 1081 501 1139 mercedem
524 1078 1095 1136 consuetudinariam
1119 1095 1135 1147 ;
1157 1077 1215 1133 in
1245 1092 1358 1148 quo
1401 1073 1657 1147 praedicti
1716 1089 1819 1145 po-

175 1169 300 1243 puli
332 1168 445 1225 sibi
476 1167 1073 1237 conciliavitanimos,
1107 1174 1162 1222 et
1211 1165 1459 1237 gretiam
1522 1161 1815 1234 publicam

176 1257 292 1314 sibi
325 1255 667 1329 promeruit.
689 1254 752 1311 lu
776 1259 1019 1324 utroque
1039 1252 1219 1322 enim,
1244 1251 1397 1324 regio
1416 1266 1574 1306 more
1604 1254 1660 1306 et
1681 1249 1817 1305 affe·

177 1349 278 1402 ctu
299 1343 621 1418 plurimum
642 1341 1115 1408 commendabili,
1140 1341 1364 1398 civibus
1383 1340 1609 1397 videtur
1634 1336 1821 1410 provi-

177 1434 360 1501 disse,
390 1435 454 1488 ut
481 1435 538 1488 et
569 1433 793 1499 civitas,
825 1431 953 1487 siue
968 1430 1268 1487 exactione
1299 1429 1477 1485 illatis
1503 1427 1819 1494 alimentis,

178 1521 503 1581 abundaret
532 1520 821 1594 amplius;
857 1526 915 1576 et
952 1522 1108 1592 quod
1142 1524 1261 1576 tam
1292 1519 1418 1593 ipse
1458 1534 1636 1590 quam
1690 1518 1821 1588 ejus

178 1612 568 1684 praedecessor
597 1613 718 1665 tota
744 1608 1044 1680 diligentia
1066 1608 1435 1681 procurabat,
1461 1615 1521 1662 ut
1542 1607 1682 1662 urbs
1706 1611 1821 1661 Deo

1925 802 2079 873 quod
2109 800 2179 857 de
2201 801 2335 871 jure
2365 800 2664 858 fidelitatis
2716 801 3026 858 tenebatur
3055 802 3431 876 impendere,
3466 802 3580 858 im-

1927 891 2205 963 pudenter
2233 890 2499 963 negabat.
2532 894 2651 948 Rex
2699 894 2901 948 autem
2950 894 3172 948 tantam
3203 908 3322 948 non
3385 892 3583 949 serens

1927 978 2223 1049 injuriam,
2253 977 2511 1035 collectis
2532 994 2601 1034 ex
2633 979 2902 1036 universo
2931 993 3111 1051 regno
3143 983 3264 1035 tam
3306 978 3578 1051 equitum

1927 1085 2099 1142 quam
2131 1068 2389 1141 peditum
2418 1068 2621 1140 copiis,
2654 1069 2724 1124 ad
2747 1073 2937 1140 partes
2970 1067 3102 1126 illas
3147 1069 3430 1140 pervenit,
3474 1086 3584 1126 su-

1929 1174 2032 1232 per
2061 1162 2221 1214 tanta
2251 1158 2465 1228 injuria
2483 1156 2758 1214 ultionem
2786 1156 3074 1231 petiturus
3098 1176 3111 1214 ε
3141 1159 3240 1215 ubi
3266 1164 3582 1229 antequam

1930 1247 2150 1320 aliquid
2182 1247 2379 1302 damni
2413 1262 2582 1318 passa
2609 1250 2759 1303 esset
2796 1263 2933 1320 pars
2965 1245 3276 1315 alterutra,
3327 1247 3584 1305 interve-

1930 1337 2229 1393 nientibus
2258 1336 2398 1392 viris
2438 1336 2700 1393 honestis
2748 1341 2805 1393 et
2860 1336 2977 1393 Deo
3027 1336 3405 1405 amabilibus,
3475 1354 3585 1409 pax

1927 1427 2082 1484 inter
2109 1442 2209 1483 eos
2240 1425 2585 1482 couveniens
2607 1425 2919 1483 reformata
2940 1429 3044 1482 est.
3072 1426 3213 1484 Inde
3236 1427 3586 1498 procedens,

1930 1519 2160 1588 propter
2203 1515 2438 1571 illorum
2489 1514 2872 1572 necessitates
2917 1515 2991 1571 ab
3049 1515 3433 1572 Antiochenis
3489 1532 3588 1572 vo·

1937 1610 2126 1673 catus,
2147 1605 2218 1661 ad
2248 1608 2438 1676 partes
2470 1602 2600 1660 illas
2631 1604 2955 1660 descendit.
2989 1605 3161 1661 Balao
3182 1604 3337 1661 enim
3359 1605 3588 1661 Turco-

179 1697 448 1756 amabilis
470 1697 950 1769 multiplicatiset
973 1695 1467 1768 frequentioribus
1490 1694 1822 1751 habitatori·
1855 1725 1901 1788 B
1947 1710 2078 1750 rum
2137 1693 2428 1767 princeps,
2476 1694 2821 1762 magnificus
2874 1701 2930 1750 et
2993 1698 3219 1765 potens,
3286 1694 3587 1765 regionem

181 1789 294 1845 bus
322 1786 693 1843 incoleretur.

790 1874 1025 1930 CAPUT
1087 1874 1223 1930 XVI.

182 1965 558 2036 Pohlequinus
616 1965 1076 2019 Damascenorum
1155 1980 1278 2031 rex,
1370 1962 1834 2019 Tiberiadensium

261 2040 399 2106 fines
427 2035 789 2108 depopulatur
805 2053 829 2104 ;
858 2052 960 2091 rex
988 2037 1248 2104 occurrit,
1292 2035 1483 2090 urbem
1513 2034 1694 2090 diruit
1736 2032 1835 2089 Ge-

268 2123 480 2164 rozam.

266 2199 433 2253 Anno
463 2198 764 2268 sequente,
788 2194 1203 2267 Doldequinus;,
1239 2196 1500 2267 perfidus
1522 2199 1578 2251 et
1623 2194 1839 2265 impius

194 2288 688 2344 Damascenorum
712 2300 834 2354 rex,
858 2286 1134 2342 t'oederato
1152 2286 1263 2341 sibi
1282 2286 1532 2341 Arabum
1556 2285 1837 2357 principe,

193 2380 250 2433 et
279 2377 405 2447 ejus
435 2375 547 2431 sibi
579 2374 797 2431 sociata
828 2374 1058 2442 militia,
1089 2375 1408 2445 vidensque
1425 2375 1731 2430 dominum
1753 2389 1838 2428 re-

191 2478 321 2535 gem
355 2480 459 2535 pro
493 2466 740 2534 utraque
780 2463 1037 2536 regione,
1100 2462 1316 2517 viribus
1366 2466 1491 2519 suis
1556 2464 1839 2535 imparem

194 2555 423 2623 portare
453 2550 925 2619 sollicitudinem,
970 2552 1040 2605 de
1086 2552 1215 2620 ejus
1276 2569 1633 2619 praesumens
1671 2567 1842 2608 oecu-

196 2640 549 2714 pationibuS,
569 2639 863 2711 regionem
882 2645 1145 2698 nostram
1174 2642 1463 2696 Tiberiadi
1507 2642 1842 2713 proximam,

196 2729 486 2786 immissis
512 2727 863 2801 legionibus,
894 2728 1180 2785 hostiliter
1208 2729 1384 2785 nimis
1404 2735 1628 2785 vastare
1650 2729 1840 2800 coepit.

199 2819 309 2884 Qui
338 2816 558 2886 audite,
590 2817 866 2873 dominus
904 2835 1004 2874 rex
1060 2823 1409 2892 congregata
1477 2819 1547 2875 de
1595 2819 1844 2875 universi

203 2906 365 2980 regni
388 2906 610 2962 finibus
629 2906 842 2962 militia
863 2906 1002 2963 illuc
1022 2924 1178 2965 more
1202 2924 1308 2964 suo
1338 2908 1585 2980 impiger
1605 2913 1846 2965 conten-

203 2996 304 3054 dit.
351 2994 747 3068 Doldequinus
794 3013 927 3053 vero
966 2997 1117 3071 regis
1162 3000 1510 3073 praecognito
1570 2998 1844 3067 adventu,

200 3086 430 3155 videns,
460 3100 527 3141 eo
558 3091 865 3157 praesente,
897 3103 958 3143 se
1018 3105 1133 3143 non
1167 3104 1336 3158 posse
1392 3089 1531 3158 proli

202 3189 338 3230 aum
360 3189 427 3229 eo
456 3188 756 3231 conserere
781 3179 973 3231 tutum
998 3179 1292 3245 reputans,
1318 3177 1372 3231 in
1399 3177 1671 3233 ulteriora
1688 3177 1850 3248 regni

201 3277 266 3320 se
295 3261 560 3318 contulit.
595 3263 713 3319 Rex
744 3267 937 3320 autem
969 3281 1102 3320 cum
1133 3264 1251 3320 suis
1279 3265 1611 3336 agminibus
1660 3267 1717 3320 in
1741 3281 1847 3322 au-

205 3354 387 3408 strum
427 3350 756 3421 declinans,
805 3352 1083 3410 Gerasam
1137 3354 1416 3425 pervenit.
1478 3353 1600 3408 Fuit
1653 3358 1848 3409 autem

205 3438 422 3495 Gerasa
453 3456 570 3495 una
597 3440 668 3496 de
686 3440 980 3498 nobilibus
1005 3440 1309 3513 provincias
1335 3442 1680 3514 Decapoleos
1711 3441 1851 3498 civi·

207 3527 451 3594 tatibus,
522 3545 554 3583 a
619 3529 869 3586 Jordane
936 3531 1141 3604 paucis
1217 3531 1436 3588 distans
1477 3533 1848 3600 milliaribus,

209 3620 409 3671 monte
428 3616 642 3673 Galaad
676 3619 1058 3689 contermina,
1083 3620 1141 3676 in
1166 3620 1318 3676 tribu
1345 3620 1609 3677 Manasse
1630 3622 1758 3677 sila.
1785 3623 1847 3678 In

211 3706 385 3776 hujus
414 3713 575 3779 parte
606 3708 941 3778 munitiore,
974 3711 1249 3782 quoniam
1272 3710 1499 3782 reliqua
1520 3711 1725 3768 civitas
1747 3713 1849 3769 ho-

211 3794 468 3852 stilitatis
489 3801 644 3852 metu
665 3797 763 3853 diu
777 3798 1039 3867 jacuerat
1057 3800 1332 3870 desolata,
1354 3806 1613 3857 castrum
1633 3817 1701 3857 ex
1718 3819 1854 3874 qua·

208 3883 329 3940 dris
382 3888 440 3940 et
492 3886 720 3957 magnis
747 3885 1062 3959 lapidibus,
1116 3905 1246 3945 cum
1298 3890 1495 3946 multis
1519 3892 1852 3963 sumptibus

211 3972 354 4043 erigi
387 3973 498 4028 sibi
534 3974 746 4030 l'eeerat
776 3993 928 4033 anno
961 3980 1247 4048 praeterito
1299 3979 1729 4051 Doldequinus;
1762 3981 1855 4037 vi·-

213 4066 430 4134 ctuque
449 4067 507 4118 et
529 4065 702 4118 armis
722 4067 1174 4138 communitum,
1207 4068 1558 4139 quibusdam
1583 4070 1854 4128 fidelibus

211 4152 338 4208 suis
358 4154 818 4210 conservandum
843 4157 1163 4213 tradiderat
1191 4176 1203 4213 ε
1230 4176 1344 4230 quo
1368 4162 1709 4230 perveniens
1734 4178 1852 4234 rex,

212 4240 558 4311 impugnato
588 4241 987 4298 vehementius
1020 4247 1307 4317 praesidiO,
1333 4250 1713 4320 quadraginta
1745 4251 1851 4306 mi·

214 4324 369 4394 lites,
401 4326 499 4397 qui
528 4328 592 4382 in
623 4343 689 4383 eo
721 4330 789 4384 ad
822 4333 1150 4388 custodiam
1172 4334 1353 4390 relicti
1387 4336 1637 4407 fuerant,
1684 4339 1855 4395 inter-

216 4411 420 4486 positis
450 4415 900 4482 eonditionibus,
943 4423 1097 4492 quod
1147 4439 1279 4480 cum
1337 4424 1525 4481 salute
1583 4427 1653 4483 ad
1713 4445 1852 4485 suos
1896 4443 1938 4509 1)

217 4500 494 4558 haherent
529 4503 805 4573 reditum,
847 4515 1035 4566 castro
1078 4517 1320 4581 recepto,
1382 4514 1647 4582 permisit
1704 4517 1863 4572 abire

218 4591 540 4649 incolumes
563 4613 578 4663 ς
598 4594 914 4669 habitaque
931 4615 1061 4654 cum
1081 4600 1199 4656 suis
1219 4600 1653 4671 deliberatione,
1672 4613 1857 4662 ulrum

219 4680 409 4753 magis
425 4682 714 4753 expediret
738 4683 887 4740 dirui
914 4686 1176 4744 funditus
1195 4691 1549 4760 praesidium,
1576 4697 1676 4748 aut
1698 4695 1858 4750 Chri-

219 4768 503 4825 stianitati
537 4774 835 4840 reservari,
862 4774 1079 4844 placuit
1100 4777 1169 4833 de
1191 4777 1588 4836 universorum
1614 4797 1860 4838 assensu

219 4857 606 4930 municipium
634 4863 808 4918 everti
842 4863 1136 4936 funditus3
1162 4883 1292 4922 nam
1327 4868 1452 4924 sine
1487 4870 1686 4927 multis
1717 4888 1865 4928 sum-

220 4944 435 5016 ptibuS,
457 4951 513 5003 et
539 4949 733 5006 labore
764 4953 1061 5022 continuo,
1092 4959 1148 5011 et
1180 4956 1358 5012 multo
1389 4959 1646 5029 periculo
1695 4965 1865 5018 tran-

216 5031 530 5104 seuntium,
565 5052 680 5093 non
702 5040 1008 5098 videbatur
1039 5060 1071 5099 a
1093 5046 1305 5101 nostris
1326 5063 1494 5118 posse
1516 5052 1859 5108 conservari.

809 5130 1043 5188 CAPUT
1093 5134 1267 5189 XVII.

216 5210 404 5295 Ratae,
433 5211 735 5271 'lurcorum
776 5220 1192 5289 potentissimus
1228 5226 1507 5297 princeps.
1553 5227 1685 5296 fines
1742 5229 1859 5282 An-

286 5283 565 5341 noetianos
595 5289 875 5346 violenter
905 5293 1229 5362 inmeditat-
1241 5312 1265 5361 ,·
1282 5312 1459 5354 comes
1479 5297 1776 5354 lescelinus
1794 5301 1862 5355 ab

284 5352 476 5411 eodem
505 5361 732 5427 capitur·
748 5379 768 5424 ,·
799 5378 900 5418 rex
927 5379 1138 5436 quoque
1172 5370 1227 5420 in
1251 5369 1373 5437 ejvs
1394 5372 1616 5426 vincula
1637 5369 1861 5440 decidit,

287 5433 481 5496 captus
503 5430 571 5484 ab
593 5431 793 5490 eodem.
1477 5475 1481 5480 -

286 5512 434 5570 Cum
466 5514 545 5574 ita
564 5534 722 5592 ergo,
756 5538 858 5594 per
884 5525 1132 5596 gratiam
1154 5525 1278 5598 Dei,
1308 5545 1370 5585 se
1402 5531 1566 5603 regni
1590 5548 1863 5606 prospere

1939 1788 2125 1841 totam
2158 1782 2556 1854 frequentibus
2579 1782 3005 1854 irruptionibus
3025 1782 3392 1847 molestabat,
3416 1783 3594 1857 idque

1938 1873 2354 1938 confidentius,
2377 1871 2512 1943 quia
2534 1872 2849 1943 pauloaute
2868 1872 3174 1928 dominum
3196 1872 3590 1939 Joscelinum,

1941 1963 2301 2020 Edessanum
2332 1961 2600 2018 comitem
2632 1962 3009 2018 etdominum
3036 1960 3438 2019 Galerannum
3463 1964 3595 2035 ejus

1943 2050 2468 2122 consanguineum,
2499 2066 2562 2106 ex
2599 2050 3109 2122 improvisoineos
3133 2051 3387 2120 irruens,
3421 2068 3595 2125 cepe·

1946 2150 2030 2199 rat
2061 2146 2119 2197 et
2149 2145 2347 2211 captos
2389 2138 2633 2196 vinculis
2683 2139 3134 2211 mancipaverat.
3195 2140 3401 2197 Sciens
3452 2158 3594 2213 ergo

1946 2231 2246 2287 dominum
2280 2246 2470 2299 regem
2500 2229 2822 2299 advenisse,
2850 2231 3022 2302 coepit
3054 2247 3086 2284 a
3128 2230 3253 2286 suis
3292 2230 3589 2287 incursio·

1949 2320 2120 2375 nibus
2144 2318 2570 2390 aliquantulum
2605 2319 2887 2374 retardari
2910 2323 2966 2374 et
2989 2319 3116 2389 ejus
3137 2318 3434 2375 declinare
3456 2336 3594 2376 eon-

1948 2410 2178 2477 ssictus3
2210 2407 2470 2463 audierat
2497 2407 2651 2463 enirn
2686 2408 2840 2478 quod
2874 2407 2933 2462 iu
2965 2408 3183 2479 praeliis
3209 2412 3368 2465 esset
3405 2408 3593 2466 l'ortu·

1949 2499 2157 2563 natior,
2188 2505 2240 2552 et
2272 2496 2341 2553 de
2371 2513 2436 2553 eo
2466 2496 2706 2552 cuilibet
2757 2497 2995 2553 difficile
3024 2501 3178 2553 esset
3206 2496 3595 2568 triumphare.

1949 2586 2238 2645 Circuibat
2267 2590 2454 2641 tamen
2488 2601 2617 2639 oum
2651 2584 3014 2656 expeditione
3047 2585 3279 2654 militia,
3322 2586 3498 2659 quasi
3527 2588 3601 2643 de

1951 2683 2189 2745 remoto,
2240 2675 2285 2729 si
2334 2676 2384 2731 ei
2434 2676 2673 2731 daretur
2730 2674 2916 2744 locus,
2977 2680 3041 2731 ut
3095 2676 3314 2732 nostris
3383 2675 3604 2733 inl'erre

1951 2769 2167 2823 damna
2197 2768 2413 2837 posset,
2447 2769 2503 2821 et
2530 2765 2686 2821 circa
2713 2764 2769 2820 id
2801 2768 2923 2821 erat
2946 2764 3251 2822 sollicitus.
3279 2765 3403 2822 Rex
3427 2766 3605 2837 igitur

1954 2871 2085 2912 cum
2116 2872 2244 2922 sua,
2273 2870 2446 2924 quam
2472 2870 2672 2909 secum
2698 2854 3017 2911 deduxerat
3043 2853 3270 2919 militia,
3290 2853 3351 2910 in
3384 2858 3604 2911 terram

1953 2941 2184 2998 comitis
2216 2941 2497 2998 Edessani
2530 2940 2856 3012 deseendit,
2884 2945 2947 2997 ut
2977 2941 3193 3015 populo
3230 2946 3453 2998 rectore
3511 2957 3610 2998 ca·

1955 3033 2126 3100 renti,
2159 3032 2396 3104 aliquod
2428 3031 2753 3103 impertiret
2781 3030 3097 3087 solatium:
3132 3030 3612 3102 circumiensque

1539 3104 1691 3156 ⁰⁰¹'02
1741 3105 1846 3144 ⁰²⁰
1879 3095 1924 3163 C
1963 3122 2279 3194 regionem,
2311 3122 2620 3193 diligenter
2642 3121 2961 3193 quaerebat,
3007 3123 3203 3175 utrum
3247 3121 3476 3176 munita
3511 3135 3613 3176 es·

1962 3218 2093 3269 sont
2126 3212 2414 3284 praesidia,
2448 3215 2505 3267 et
2533 3210 2891 3267 sufficientes
2914 3209 3175 3280 equitum
3195 3210 3608 3281 peditumque,

1962 3318 2250 3358 armorum
2276 3316 2505 3373 quoque
2534 3304 2592 3356 et
2619 3298 3032 3356 alimentorum
3063 3298 3348 3355 haberent
3377 3298 3608 3370 copias3

1960 3394 2018 3446 et
2052 3390 2380 3446 utdescctus
2413 3388 2727 3460 suppleret,
2762 3387 3018 3443 debitam
3050 3388 3285 3459 gerebat
3321 3386 3615 3444 sollicitu-

1962 3483 2180 3538 dinem.
2212 3480 2458 3551 Contigit
2486 3485 2699 3546 autern,
2726 3479 2863 3534 dum
2896 3478 3097 3535 eadem
3142 3494 3282 3535 cura
3320 3477 3612 3535 sollicitus

1964 3572 2240 3627 Edessam
2273 3573 2622 3640 properaret,
2647 3568 2719 3624 ab
2741 3568 2952 3638 oppido
2978 3567 3287 3624 Turbessel
3310 3583 3612 3640 egressus,

1966 3665 2028 3715 ut
2047 3661 2246 3715 eadem
2279 3659 2581 3731 diligentia
2609 3659 2679 3714 de
2711 3661 2862 3713 statu
2887 3657 3138 3729 regionis
3162 3661 3323 3713 trans
3344 3656 3614 3728 Euphra-

1965 3755 2077 3804 tem
2108 3753 2261 3803 esset
2293 3747 2646 3815 instructior,
2680 3751 2736 3802 et
2757 3750 2967 3802 cuncta
2989 3763 3089 3818 pro
3114 3745 3364 3818 possein
3393 3745 3612 3802 melius

1963 3838 2333 3903 reformaret3
2359 3836 2789 3907 noctequadam
2811 3836 2915 3891 iter
2928 3834 3244 3891 conficiens
3263 3834 3613 3906 inemptum,

1963 3939 2097 3982 cum
2129 3943 2233 3982 suo
2263 3925 2581 3982 domestico
2612 3925 3088 3996 proficiscebatur
3144 3923 3452 3992 comitatu,
3513 3924 3616 3979 ubi

1965 4015 2103 4070 dum
2129 4014 2557 4086 aliquantulum
2593 4014 2908 4084 incautius,
2941 4011 3228 4069 dissoluto
3270 4013 3507 4085 agmine
3562 4021 3619 4070 et

1965 4104 2418 4160 dormitantibus
2449 4117 2594 4174 pene
2627 4102 2940 4172 universis,
2974 4102 3081 4158 iter
3110 4108 3352 4173 agerent
3379 4102 3574 4158 securi
3601 4119 3615 4157 2

1964 4192 2133 4249 Balac
2166 4193 2495 4264 praedictus,
2529 4191 2624 4261 qui
2658 4189 2809 4262 regis
2846 4191 2951 4247 iter
2983 4194 3382 4263 praeseuserat,
3418 4190 3480 4246 in
3522 4190 3617 4247 in·

1964 4282 2128 4337 sidiis
2160 4283 2400 4352 positus,
2450 4280 2638 4337 subito
2693 4280 2879 4341 irruit,
2939 4281 3206 4351 regisque
3261 4280 3614 4336 comitatum

1967 4372 2322 4441 imparatum
2357 4370 2649 4441 reperiens
2680 4375 2738 4425 st
2767 4387 2973 4427 somno
3004 4372 3327 4439 gravatum,
3368 4385 3511 4426 casu
3559 4370 3617 4425 in

1973 4460 2166 4531 ipsum
2200 4474 2390 4532 regem
2438 4460 2664 4528 incidit,
2722 4475 2933 4514 manus
2999 4457 3221 4527 injecit,
3288 4473 3619 4532 secumque

1972 4548 2213 4605 deduxit
2240 4552 2496 4617 captum,
2530 4553 2649 4603 tam
2680 4547 2753 4602 iis
2783 4547 2881 4616 qui
2943 4545 3224 4617 praeibant
3280 4561 3458 4618 quam
3516 4547 3618 4618 qui

1972 4640 2388 4709 sequebantur,
2421 4636 2492 4690 ad
2520 4639 2708 4707 partes
2728 4635 2917 4690 varias
2941 4637 3077 4706 suga
3093 4634 3359 4705 dilapsis,
3382 4638 3442 4690 et
3472 4635 3614 4706 quid

1974 4729 2094 4800 regi
2124 4726 2432 4783 accidisset
2453 4723 2871 4797 ignorantibus,
2905 4724 3150 4795 Captum
3185 4738 3322 4796 ergo
3374 4724 3620 4794 saepedi-

1973 4822 2097 4873 ctus
2121 4814 2289 4870 Balac
2311 4829 2530 4884 regem,
2552 4817 2714 4869 trans
2741 4812 3099 4884 Euphratem
3121 4810 3180 4867 in
3207 4810 3499 4882 praesidio,
3522 4812 3620 4867 cui

1972 4904 2337 4975 Quartapiert
2362 4916 2595 4969 nomen,
2628 4901 2875 4958 viuculis
2918 4899 3047 4958 l'ecit
3108 4899 3454 4972 mancipari,
3518 4901 3619 4958 ubi

1971 4999 2138 5053 erant
2167 4993 2340 5048 etiam
2362 4991 2691 5048 Joseelinus
2739 5007 2935 5047 comes
2993 4994 3051 5047 et
3108 4989 3495 5059 Galerannus,
3550 4991 3624 5047 de

1972 5084 2184 5156 quibus
2216 5098 2394 5152 supra
2425 5081 2643 5137 dictum
2677 5084 2784 5138 est.
2819 5079 3014 5139 Nostri
3065 5084 3266 5137 autem
3323 5079 3620 5152 principes

1970 5174 2069 5246 qui
2100 5173 2160 5228 in
2196 5188 2371 5244 regno
2422 5174 2607 5239 erant,
2667 5170 2864 5226 audito
2921 5186 3060 5226 casu
3112 5167 3459 5234 miserabili,
3518 5168 3624 5241 qui

1969 5261 2205 5319 domino
2228 5260 2343 5332 regi
2374 5258 2681 5328 acciderat,
2704 5276 2822 5316 una
2851 5274 2985 5315 cum
3004 5257 3241 5315 domiuo
3277 5255 3622 5329 patriarcha

1970 5352 2041 5409 de
2067 5355 2225 5408 statu
2247 5348 2406 5421 regni
2440 5348 2602 5405 valde
2630 5347 2888 5416 solliciti,
2906 5347 3061 5421 apud
3086 5346 3291 5404 urbem
3311 5347 3624 5404 Acconen·

1969 5457 2116 5508 sem,
2149 5456 2282 5496 cum
2332 5438 2709 5496 eeclesiarum
2767 5437 3043 5509 praelatis,
3095 5436 3266 5509 quasi
3326 5435 3414 5492 vir
3466 5452 3622 5492 unus

1975 5529 2371 5600 conveniunt3
2402 5533 2462 5588 et
2489 5529 2699 5588 ducem
2732 5531 2908 5600 atque
2935 5529 3352 5601 praeceptorem
3384 5524 3502 5584 sibi
3551 5525 3624 5584 ds
