3784 6000
181 266 301 330 56⁵1

1254 262 1677 327 GUILLELMI
1720 264 2108 327 TYRENSIS
2150 260 2516 325 ARCHIEP.

178 402 362 470 maius
387 405 488 468 est,
517 417 723 474 proque
750 400 861 457 soto
893 399 1077 472 patrio
1106 411 1233 454 cum
1262 395 1617 470 praedonibus
1647 395 1832 452 decer·
1859 399 1915 466 A
1945 398 2133 469 niens,
2166 397 2437 453 comitem
2467 395 2540 449 ad
2573 391 2916 465 preadictum
2943 406 3094 462 opus
3121 387 3338 463 reperit
3366 385 3603 445 succin-

185 496 329 547 tnre.
363 491 465 547 Hie
494 494 553 547 et
607 490 901 546 similibus
955 486 1240 544 insistunt
1271 502 1386 543 non
1416 485 1687 541 inferiore
1717 485 1837 559 spi-

185 578 320 648 ritu,
352 578 576 635 viribus
605 594 717 635 non
740 576 1090 648 imparibus.
1125 580 1295 632 Porro
1328 575 1620 645 pedestres
1652 574 1837 630 mani·

185 667 328 740 puli,
357 666 578 723 domini
633 666 786 739 regie
825 673 882 721 et
936 667 1202 736 equitum
1242 663 1525 735 exemplis
1555 663 1743 733 edoci,
1774 663 1835 719 in

184 754 341 825 ipsae
371 755 629 811 hostium
662 754 816 812 acies
850 754 1042 810 acrius
1072 768 1132 809 se
1165 753 1440 826 ingerunt
1469 760 1523 808 et
1558 754 1837 809 insistunt

184 843 548 911 animosius;
582 844 632 900 si
663 860 812 916 quos
844 844 913 900 de
940 843 1208 899 hostibus
1238 843 1436 914 lapsos
1466 842 1553 899 vel
1605 844 1837 900 saucios

183 932 501 1004 reperiunt,
534 933 739 1001 gladiis
769 932 1140 1001 obtruncant,
1172 931 1454 988 evadendi
1501 933 1623 988 vias
1649 932 1837 989 inter-

183 1020 427 1077 cludunt
450 1041 466 1090 ς
499 1026 729 1078 nostros
758 1037 891 1077 vero
914 1021 1169 1091 dejectos
1191 1021 1424 1092 erigunt
1443 1025 1499 1076 et
1521 1021 1839 1076 restituunt

182 1110 254 1166 ad
276 1111 611 1166 conflictum
638 1129 654 1181 ;
686 1110 917 1166 saucios
940 1126 1068 1166 vero
1101 1108 1399 1165 remittunt
1437 1112 1507 1166 ad
1549 1110 1838 1177 sarcinae,

184 1210 251 1255 ut
270 1199 358 1254 sui
390 1215 592 1256 curam
627 1200 850 1271 possint
880 1199 1125 1268 habere;
1162 1199 1433 1272 quodque
1453 1200 1709 1269 amplius
1742 1199 1839 1257 ho·

185 1287 424 1344 stilibus
455 1290 646 1345 turbis
677 1288 779 1344 illa
828 1289 922 1344 die
963 1290 1313 1344 damnosum
1343 1288 1522 1344 fuisse
1552 1290 1836 1363 creditur,

186 1377 431 1449 quidam
462 1376 630 1449 equis
687 1377 947 1433 hostium
979 1378 1317 1433 sauciandis
1364 1393 1588 1432 omnem
1621 1373 1839 1434 dabant

185 1481 446 1538 operam,
478 1480 795 1538 eorumque
839 1480 1095 1521 sessores
1142 1466 1630 1537 subsequentibus
1664 1466 1835 1522 sociis

186 1554 472 1626 parabant
522 1556 588 1610 ad
624 1555 944 1611 victimam.
981 1553 1101 1609 Rex
1131 1570 1263 1610 vero
1292 1554 1353 1609 in
1384 1555 1694 1611 condensis
1728 1556 1835 1611 ho-

186 1642 363 1699 stium
397 1642 622 1712 cuneis,
656 1642 1303 1714 strenuisquibuedam,
1331 1643 1835 1700 stillustribusco-

186 1731 448 1799 mitatus,
481 1731 649 1802 quasi
675 1731 762 1787 leo
796 1731 1090 1799 fulminat,
1125 1738 1177 1788 et
1207 1749 1240 1787 a
1288 1732 1504 1787 dextris
1543 1737 1600 1787 et
1628 1749 1662 1788 a
1693 1732 1835 1789 laeva

186 1822 441 1890 stragem
474 1834 720 1890 operans
749 1819 897 1891 ipsis
922 1819 1234 1876 victoribus
1261 1820 1677 1878 miserabilem.
1709 1821 1833 1877 Non

187 1904 400 1977 legitur
430 1908 580 1978 apud
605 1924 711 1962 nos
727 1922 916 1980 usque
946 1907 1019 1964 ad
1050 1909 1214 1964 illum
1269 1908 1451 1978 diem,
1474 1915 1592 1964 tam
1620 1910 1842 1981 pericu-

187 1994 633 2066 loeoetancipiti
658 1998 975 2052 certamine
1004 1998 1354 2053 desudatum
1378 2015 1505 2054 esse
1526 2016 1685 2066 3nam
1701 2016 1834 2056 cum

186 2086 260 2140 ab
292 2084 430 2140 hora
449 2085 561 2140 diei
592 2086 780 2153 tertia,
835 2102 1020 2157 usque
1058 2087 1115 2142 in
1145 2088 1431 2144 decimam
1481 2095 1835 2159 protractum

185 2177 334 2226 esset
357 2170 644 2242 praelium,
678 2171 772 2227 vix
822 2172 961 2227 bora
1018 2175 1252 2228 undena
1311 2174 1559 2230 discerni
1591 2180 1835 2246 poterat,

186 2264 318 2314 utra
349 2275 479 2331 pare
539 2260 837 2315 meliorem
899 2267 1054 2316 esset
1111 2267 1476 2332 reportatura
1523 2262 1833 2320 calculum.

185 2347 471 2414 Tandem,
525 2347 845 2419 opitulante
894 2350 1093 2404 divina
1132 2352 1464 2416 clementia,
1497 2357 1554 2407 et
1585 2353 1832 2409 interce·

187 2435 356 2491 deute
387 2452 489 2506 pro
516 2437 600 2490 eie
619 2438 854 2492 doctore
876 2441 1136 2508 gentium
1155 2441 1406 2511 egregio,
1439 2440 1633 2496 hostes
1660 2443 1718 2497 in
1743 2443 1835 2498 fu-

182 2540 313 2597 gam
342 2526 490 2579 versi
525 2531 688 2593 eunt,
729 2542 973 2582 suorum
1024 2533 1276 2598 stragem
1316 2532 1572 2601 perpessi
1603 2531 1834 2588 saeculis

187 2613 644 2670 memorabilem.
680 2615 967 2671 Dicuntur
1024 2634 1094 2672 ex
1157 2618 1242 2673 eis
1301 2620 1582 2674 cecidisse
1613 2621 1715 2675 illa
1743 2622 1833 2678 die

187 2701 497 2774 plusquam
529 2703 645 2759 duo
677 2702 879 2772 millia,
914 2705 983 2761 de
1013 2707 1228 2762 nostrie
1258 2722 1390 2763 vero
1408 2709 1689 2763 recensito
1711 2714 1829 2765 tam

185 2793 449 2862 equitum
481 2807 657 2864 quam
689 2793 955 2864 peditum
991 2810 1255 2861 numero,
1285 2794 1582 2852 inventum
1615 2803 1727 2866 est,
1759 2799 1830 2855 de

184 2879 698 2952 equitibusviginti
733 2887 985 2949 quatuor
1012 2883 1292 2940 cecidisse
1317 2902 1334 2951 ;
1363 2886 1434 2940 de
1464 2886 1829 2956 pedestribus

182 2985 337 3032 vero.
368 2971 686 3042 octoginta.
709 2970 804 3028 Sic
861 2988 998 3046 ergo
1036 2973 1252 3030 nostris
1308 2974 1589 3032 divinitus
1620 2976 1829 3034 collata

182 3058 441 3126 victoria,
473 3076 572 3116 rex
600 3064 783 3118 victor
810 3068 1014 3133 agonis
1061 3079 1329 3134 campum
1370 3065 1641 3121 obtinuit.
1664 3065 1827 3123 Unde

1948 492 2146 553 otum3
2205 485 2360 541 unde
2416 481 2722 538 machinae
2751 485 2810 536 et
2865 495 2995 552 quae
3026 479 3098 535 ad
3132 475 3604 549 impugnandam

1947 574 2151 632 urbem
2191 577 2454 646 poterant
2503 584 2633 626 esee
2685 569 3038 637 necessaria,
3077 566 3480 638 viaticumque
3534 566 3608 623 ad

1946 665 2069 720 diee
2116 663 2340 735 aliquot
2414 660 2805 718 sufficientem
2859 663 3248 726 assumentes,
3279 655 3607 729 premissis

1946 752 2314 824 pedestribus
2334 750 2465 819 alie,
2498 752 2565 805 ad
2600 758 2795 822 partes
2832 748 3154 805 destinatas
3191 745 3602 818 expeditiones

1947 858 2086 897 suae
2117 841 2393 911 dirigunt.
2428 841 2552 906 Quo
2582 836 2999 909 pervenientes,
3033 836 3227 893 urbem
3260 836 3438 905 juxta
3468 850 3608 907 pro-

1950 930 2205 1003 positum
2241 929 2546 984 obsidione
2565 927 2803 994 vallant,
2838 926 3022 997 primo
3039 927 3231 982 statim
3253 939 3462 980 eorum
3493 923 3605 979 ad-

1947 1027 2118 1074 ventu
2153 1019 2379 1075 civibus
2422 1016 2725 1073 introitum
2758 1021 3038 1088 negantes
3093 1021 3146 1070 et
3190 1013 3605 1071 exitum.Erat

1948 1113 2145 1163 autem
2177 1108 2404 1174 civitas,
2427 1111 2552 1161 tum
2584 1105 2702 1161 situ
2732 1102 3154 1161 naturali.tum
3174 1104 3350 1159 etiam
3373 1101 3605 1157 inhabi-

1947 1197 2198 1252 tantium
2259 1199 2599 1267 paupertate
2650 1193 2876 1249 munita
2915 1193 3248 1260 modicum3
3285 1189 3607 1261 multisque

1949 1287 2187 1351 fatigata
2219 1283 2527 1348 molestiis,
2567 1282 2665 1338 diu
2699 1284 2965 1339 resistere
2994 1297 3110 1337 non
3167 1282 3417 1351 poterat.
3451 1279 3604 1336 Nam

1945 1374 2100 1430 idem
2130 1388 2327 1430 comes
2359 1374 2415 1428 in
2450 1377 2647 1427 monte
2672 1372 2926 1443 quodam
2960 1369 3041 1425 illi
3060 1369 3432 1426 contermino
3468 1385 3608 1441 pre·

1945 1463 2164 1519 sidium
2197 1463 2613 1530 aediflcaverat3
2667 1462 2839 1531 cujus
2884 1458 3085 1516 incola
3133 1460 3340 1516 urbem
3385 1458 3603 1530 predi-

1945 1557 2120 1617 ctam,
2152 1553 2445 1608 continuis
2505 1550 2901 1622 opprimentes
2950 1549 3249 1618 angustiis,
3299 1547 3598 1621 usquead

1943 1657 2283 1714 supremum
2335 1656 2480 1712 pene
2528 1641 2816 1696 defectum
2863 1654 2964 1696 eos
2993 1636 3420 1709 compulerunt.
3451 1636 3597 1693 Cum

1942 1747 2077 1802 ergo
2100 1732 2304 1786 diebus
2340 1731 2538 1785 decem
2571 1735 2629 1785 et
2657 1735 2786 1786 octo
2815 1744 2944 1784 eam
2977 1726 3596 1797 vehementiusimpu-

1948 1819 2504 1890 guassent,civesad
2537 1817 2889 1873 deditionem
2907 1817 3334 1889 compulerunt,
3364 1814 3601 1871 indulto

1948 1907 2110 1978 prius
2168 1907 2277 1961 sibi
2335 1912 2393 1963 et
2443 1906 2719 1961 uxoribus
2764 1911 2820 1962 et
2858 1904 3056 1962 liberie
3116 1905 3300 1964 libero
3329 1904 3514 1971 exitu,
3545 1911 3605 1960 et

1952 1994 2335 2050 indemnitate
2369 1996 2677 2065 promissa.
2713 1997 2812 2049 Est
2859 1998 3049 2049 autem
3084 1994 3360 2065 praedicta
3378 1998 3603 2064 Rapta·

1946 2099 2050 2139 nea
2081 2084 2140 2138 in
2182 2083 2477 2155 provincia
2527 2081 2884 2154 Apamienei,
2930 2098 3047 2139 una
3091 2082 3163 2138 de
3212 2082 3605 2155 suffraganeis

1944 2175 2072 2242 ejus
2100 2190 2113 2238 ;
2145 2177 2311 2244 capta
2341 2180 2426 2228 est
2472 2178 2666 2227 autem
2714 2172 2922 2228 ultimo
2961 2171 3150 2227 Martii
3170 2170 3285 2227 die.
3321 2170 3443 2227 Rex
3471 2187 3603 2229 vero

1944 2261 2404 2333 Hierosolymam
2437 2277 2724 2328 reversus,
2758 2261 2836 2316 ibi
2884 2260 3197 2316 Paschalee
3235 2276 3370 2316 cum
3407 2261 3599 2318 multa

1945 2349 2243 2406 devotione
2264 2350 2575 2405 celebravit
2624 2351 2768 2406 dies.
2790 2351 2902 2405 Per
2936 2349 3086 2404 idem
3124 2354 3379 2421 tempus,
3403 2350 3602 2407 domi-

1944 2456 2055 2494 nus
2088 2439 2371 2496 Henricus
2402 2439 2796 2495 Romanorum
2831 2440 3144 2513 imperator
3176 2439 3454 2496 ultimum
3481 2442 3600 2497 fato

1940 2527 2154 2583 clausit
2204 2528 2355 2583 diem
2384 2545 2400 2594 ς
2432 2530 2520 2584 cui
2574 2529 2927 2585 substitutus
2978 2532 3070 2585 eet
3114 2529 3203 2583 vir
3253 2544 3355 2601 per
3396 2530 3599 2586 omnia

1939 2616 2422 2673 commendabilis
2478 2617 2737 2675 Saxoniae
2796 2620 2911 2673 dux
2943 2618 3215 2674 dominus
3249 2617 3588 2685 Lotbarius,

1938 2707 2035 2778 qui
2054 2706 2423 2778 postmodum
2440 2709 2497 2762 in
2513 2706 2777 2779 Apuliam
2793 2724 2928 2763 cum
2960 2706 3190 2763 infinito
3220 2706 3591 2764 descendens

1937 2797 2213 2865 exercitu,
2273 2810 2603 2852 universam
2665 2811 2845 2868 usque
2900 2798 2969 2852 ad
3019 2796 3229 2853 Farum
3289 2797 3586 2868 regionem

1934 2884 2215 2941 violenter
2260 2885 2585 2956 occupavit,
2617 2887 2824 2942 ducem
2865 2886 2923 2941 in
2944 2885 3155 2958 Apulia
3184 2890 3588 2953 constituens,

1937 2974 2242 3046 providum
2264 2975 2452 3032 virum
2495 2979 2552 3031 et
2589 2975 2923 3033 discretum.
2961 2974 3280 3033 Reinonem
3306 2977 3590 3048 nomine;

1935 3063 2218 3133 Rogerum
2246 3073 2438 3120 autem
2472 3066 2765 3134 comitem,
2798 3066 2897 3136 qui
2932 3073 3139 3121 terram
3171 3064 3335 3121 illam
3357 3067 3590 3125 violen-

183 3163 317 3204 cum
340 3147 540 3203 laetitia
571 3152 961 3222 etgratiarum
982 3152 1573 3210 actionibuseducens
1603 3157 1821 3212 exerci-
1855 3136 1901 3205 (ἶ
1937 3156 2025 3208 ter
2047 3158 2446 3224 occupaverat,
2479 3154 2537 3208 in
2570 3152 2829 3209 Siciliam
2857 3154 3052 3225 fugere
3079 3154 3381 3226 compulit,
3415 3173 3588 3228 quam

181 3241 333 3303 tum,
364 3236 439 3292 ad
469 3239 698 3308 propria
729 3241 904 3310 coepit
934 3239 1147 3296 habere
1179 3257 1531 3313 regressum.
1563 3248 1827 3315 Dumque

183 3324 244 3380 in
265 3323 470 3381 itinere
496 3332 670 3394 esset,
703 3329 914 3384 turrim
952 3329 1174 3386 habens
1212 3330 1462 3402 obviam,
1489 3331 1547 3386 in
1580 3348 1695 3401 qua
1725 3349 1828 3389 no·

182 3413 424 3487 naginta
452 3430 554 3471 sex
584 3417 654 3472 de
712 3417 995 3485 hostibus,
1029 3420 1217 3489 gratia
1245 3419 1471 3489 salutis,
1508 3438 1570 3479 ee
1601 3439 1828 3495 recepe-

181 3507 330 3569 rant,
362 3518 490 3558 eam
541 3502 842 3573 violenter,
875 3506 1242 3579 impugnant,
1274 3515 1327 3564 et
1349 3508 1542 3566 hostes
1571 3527 1827 3583 compre-

181 3589 398 3647 hensos
428 3591 640 3662 gladiis
668 3596 847 3650 vitam
877 3596 1042 3653 linire
1083 3596 1457 3667 compellunt.
1485 3598 1623 3656 Inde
1651 3601 1824 3657 etiam

179 3681 578 3753 procedentes,
594 3683 764 3738 aliam
788 3682 1826 3758 nihilominusturrimoccupantvio-

182 3769 383 3838 lenter,
416 3770 624 3841 viginti
653 3774 725 3827 de
759 3772 1049 3841 hostibus,
1073 3776 1173 3847 qui
1224 3776 1295 3831 ad
1328 3792 1454 3833 eam
1483 3794 1826 3835 conservan-

179 3855 311 3912 dam
344 3863 511 3914 erant
540 3860 821 3932 deputati,
853 3862 1438 3935 indulgentesvitam,
1460 3883 1528 3922 eo
1550 3870 1698 3937 quod
1721 3884 1823 3924 uo-

178 3946 319 4001 stris
352 3950 554 4003 turrim
586 3951 1061 4019 praedictamsine
1083 3953 1421 4009 difficultate
1441 3956 1821 4025 tradiderant3

175 4047 354 4104 quam
382 4034 625 4091 celerius
653 4036 1197 4108 suffodientee,cum
1230 4042 1448 4113 ingenti
1477 4046 1727 4116 strepitu
1751 4046 1822 4100 ad

176 4126 387 4176 terram
403 4126 682 4193 dejiciunt
693 4128 1292 4195 penitusdiesolutam.
1312 4129 1474 4186 Unde
1515 4132 1824 4205 multiplici

176 4218 236 4264 et
265 4212 492 4267 saeculis
548 4215 927 4271 memoranda
979 4217 1145 4287 potiti
1193 4218 1454 4289 victoria,
1487 4222 1556 4277 ad
1591 4224 1824 4296 propria

177 4309 311 4349 cum
341 4299 556 4366 gaudio
584 4306 932 4357 remearunt.

782 4406 1020 4466 CAPUT
1066 4409 1216 4467 XIX.

1938 3243 2315 3313 postmodum
2348 3241 2681 3298 discedente
2713 3243 3059 3314 imperatore
3090 3259 3466 3315 recuperans,
3491 3264 3590 3319 pu·

1935 3330 2135 3401 gnavit
2164 3345 2297 3384 cum
2357 3330 2628 3403 praedicto
2675 3330 2951 3399 Reinone,
2983 3347 3168 3403 eoque
3187 3333 3468 3391 defuncto
3491 3334 3592 3391 du-

1935 3426 2128 3476 catum
2150 3421 2440 3489 ohtinuit3
2470 3423 2841 3494 postmodum
2894 3424 3068 3478 etiam
3126 3423 3340 3481 Siciliae
3371 3430 3429 3482 et
3459 3427 3588 3483 uni-

1934 3526 2113 3566 versae
2137 3510 2442 3582 provinciis
2474 3528 2572 3567 rex
2592 3512 2834 3567 effectus
2863 3516 2972 3569 est.

2563 3635 2795 3692 CAPUT
2831 3636 2953 3693 XX.

1932 3724 2140 3779 Iter-um
2196 3725 2572 3795 Bursequinus
2614 3725 2756 3791 fines
2814 3726 3171 3783 antiochenos
3224 3729 3587 3799 inqu-editur,-

2005 3801 2225 3849 tandem
2249 3812 2284 3848 a
2327 3800 2443 3851 suis
2498 3800 2776 3865 confossus
2826 3797 3043 3853 interiit
3094 3800 3297 3855 Classis
3329 3802 3588 3874 AEqyptia

2003 3865 2062 3920 in
2096 3868 2317 3935 Syriam
2339 3869 2615 3948 ascendi&
2646 3868 2737 3924 sed
2783 3867 2984 3938 infecto
3020 3873 3258 3943 mqotio,
3293 3876 3584 3931 dominum

2001 3953 2274 4008 perpessa,
2307 3944 2625 3995 revertitur.

2006 4044 2180 4101 Porro
2194 4045 2430 4101 domino
2454 4063 2585 4117 rege
2610 4048 2761 4118 apud
2784 4048 2997 4120 Tyrum
3046 4065 3272 4106 moram
3312 4051 3584 4124 faciente,

1931 4150 2064 4191 ecce
2096 4135 2337 4191 nuntius
2364 4136 2436 4191 ab
2452 4137 2759 4192 Antiochia
2784 4140 3347 4209 properane,litteris
3368 4149 3429 4198 et
3456 4142 3585 4200 viva

1930 4239 2069 4279 voce
2117 4225 2349 4293 astruit,
2372 4225 2874 4282 immanissimum
2906 4236 3116 4283 nostrai
3147 4227 3281 4285 fidei
3315 4247 3583 4303 persecu·

1929 4315 2114 4368 torem
2141 4313 2573 4384 Bureequinum
2602 4330 2736 4371 eum
2759 4317 2977 4388 ingenti
3002 4326 3283 4388 apparatu
3309 4320 3368 4375 in
3401 4329 3584 4388 partes

1929 4400 2251 4472 Coeleayriae
2277 4404 2647 4461 descendisse
2672 4420 2687 4472 ;
2710 4406 2925 4478 oppida
2943 4408 3584 4478 obsidere,suhurhana

176 4494 361 4578 σαψ,
394 4494 765 4563 Tripolitana,
795 4498 983 4553 „rbem
1034 4500 1380 4569 napy-amam
1408 4509 1651 4572 occupat,
1686 4507 1821 4561 nen-
1852 4509 1899 4576 D
1930 4493 2163 4548 nemine
2191 4494 2559 4563 prohibente,
2582 4498 2805 4565 passim
2830 4497 3025 4553 steine
3054 4497 3281 4555 delectu
3313 4498 3582 4559 incende-

245 4581 393 4621 πονε
450 4571 825 4623 Romanorum
872 4572 1173 4641 imperator
1223 4581 1466 4630 moritur
1483 4592 1505 4641 ,·
1536 4577 1822 4636 Lotharius
1932 4594 2011 4650 re,
2045 4595 2240 4636 eorum
2275 4581 2632 4640 habitatores
2670 4585 2897 4640 trahere
2919 4585 3428 4658 captivos‚uxores
3451 4606 3580 4648 vero

245 4638 302 4692 ei
325 4637 700 4695 substituitur.

246 4742 353 4799 Per
384 4744 534 4801 idem
565 4750 824 4818 tempus,
858 4748 1135 4808 dominus
1157 4752 1399 4809 Pontius
1427 4753 1818 4825 Tripolitanos

171 4834 600 4896 comes‚urbem
617 4834 972 4906 Rapfaneam
990 4839 1204 4896 finibus
1215 4845 1339 4898 suis
1369 4844 1816 4916 conterminam,

171 4920 376 4975 videns
433 4926 793 4993 propositum
844 4928 1070 4984 effectui
1106 4929 1511 5001 mancipabile,
1554 4935 1816 4993 obsidere

174 5010 483 5080 proponit3
515 5013 635 5080 sed,
670 5020 735 5069 ut
771 5015 1000 5074 facilius
1048 5028 1391 5091 conceptum
1443 5029 1816 5095 assequatur,

170 5095 475 5152 dominum
505 5115 698 5173 regem
716 5102 1413 5178 Hierosolymorum‚utet
1443 5113 1813 5182 praesentiam

170 5199 339 5240 suam
370 5186 655 5254 exhibeat,
685 5193 745 5245 et
772 5207 942 5263 opem
973 5197 1250 5264 conferat,
1281 5200 1340 5253 et
1358 5195 1567 5253 litteris
1596 5198 1813 5256 sollici-

171 5276 277 5339 tat,
304 5279 362 5329 et
384 5276 790 5349 frequentibus
821 5282 1047 5338 nuntiis
1065 5282 1355 5342 bortatur.
1390 5286 1505 5342 Rex
1527 5294 1723 5344 autem
1749 5293 1814 5346 ut

168 5359 419 5433 impiger
445 5370 587 5432 erat,
606 5372 663 5422 et
677 5369 875 5441 populi
907 5370 1217 5427 Christiani
1235 5376 1653 5433 communibus
1673 5377 1812 5435 nde-

170 5446 303 5503 liter
331 5449 737 5526 obtemperans
760 5460 1029 5530 negotiis,
1056 5473 1357 5534 assumpto
1388 5465 1499 5519 sibi
1533 5465 1816 5523 honesto-

171 5537 469 5608 comitatu,
497 5543 639 5602 illuc
668 5548 796 5604 siue
833 5548 1113 5608 dilatione
1140 5558 1446 5626 properat:
1472 5571 1590 5627 quo
1611 5573 1813 5629 perve-

1928 4675 1985 4723 et
2013 4668 2227 4725 liberos
2278 4671 2614 4743 mancipare
2653 4675 2935 4730 servituti.
2971 4675 3137 4743 Quod
3176 4693 3275 4733 rex
3312 4681 3577 4747 audiens,

1927 4757 2195 4827 quamvis
2252 4761 2550 4831 AEgyptios
2635 4770 2931 4833 suspectos
2999 4764 3264 4834 haberet,
3324 4772 3384 4823 et
3447 4785 3578 4826 cum

1925 4845 2146 4916 ingenti
2168 4847 2354 4903 classe
2402 4865 2578 4920 quam
2631 4856 2991 4922 paraverant,
3023 4852 3082 4908 in
3148 4856 3416 4926 proximo
3445 4874 3576 4928 ven,

1924 4938 2086 4989 turos
2119 4951 2230 4989 non
2264 4936 2592 5009 dubitaret3
2619 4945 2814 4997 tamen
2841 4958 2997 4998 more
3020 4944 3327 5015 prudentis
3341 4945 3575 5012 medici,

1926 5023 2027 5094 qui
2058 5022 2158 5077 ubi
2185 5024 2584 5084 violentiorem
2615 5030 2805 5086 morbi
2831 5033 3003 5087 sentit
3052 5032 3424 5102 instantiam,
3457 5034 3578 5090 illic

1925 5116 2196 5183 properat
2251 5120 2451 5186 aptare
2507 5119 2803 5186 remedia;
2843 5120 3125 5192 neglectis
3174 5120 3327 5192 aliis,
3369 5122 3578 5194 majori

1924 5217 2237 5257 occurrens
2269 5205 2621 5277 necessitati,
2645 5206 2718 5263 ad
2775 5213 2968 5279 partes
2992 5208 3124 5266 illas
3155 5210 3405 5268 celerius
3435 5227 3578 5269 con-

1924 5291 2125 5347 tendit.
2199 5294 2362 5357 Quod
2420 5294 2668 5352 audiens
2720 5296 3143 5369 Bureequinue‚
3209 5298 3577 5357 obsidionem

1924 5396 2099 5452 quam
2138 5384 2289 5439 circa
2319 5383 2600 5455 Cerepum
2639 5386 2830 5442 nobile
2872 5390 3156 5461 oppidum
3186 5404 3319 5445 cum
3352 5389 3578 5463 ingenti

1923 5487 2064 5529 cura
2093 5474 2405 5544 locaverat,
2433 5475 2713 5532 continuo
2744 5475 2938 5545 solvit,
2982 5478 3039 5533 in
3090 5476 3398 5535 ulteriores
3428 5478 3577 5534 fines

1922 5559 2181 5619 hostium
2205 5563 2591 5622 retrocedens.
2616 5564 2961 5637 Priusquam
2986 5570 3183 5624 umen
3204 5582 3305 5626 rex
3333 5565 3580 5625 adveni-
