3784 6000
1478 287 1916 353 EPISTOLAE.

3330 310 3410 371 62

137 433 213 498 st,
246 433 307 488 et
332 430 584 503 gloriam
616 425 945 499 majestatis
989 424 1255 480 illustret.
1295 422 1639 480 Attribuuut
1671 425 1726 494 Α
1754 423 2062 483 hominum
2086 428 2301 498 pariter
2330 431 2388 485 et
2415 446 2676 503 personae
2706 453 2722 502 ς
2761 434 3004 508 parique
3033 437 3314 498 facilitate
3346 449 3405 502 et

141 519 422 594 dignitati
444 517 733 592 quidquid
763 514 921 572 ‘olim
960 515 1031 570 de
1080 515 1365 586 potestate
1404 516 1639 570 constat

139 613 602 681 praesumptum,
633 605 770 662 licet
798 604 944 661 illud
977 619 1082 660 nec
1130 602 1265 659 fidel
1303 602 1633 671 concordet,

137 697 333 755 ationi
365 696 693 763 conveniat,
721 709 828 751 nec
857 692 1184 750 consentiat
1223 690 1499 764 aequitati.
1535 691 1638 749 ille

139 788 386 846 avidius
416 804 599 862 quam
640 785 939 858 expediret
984 781 1229 840 blandos
1265 781 1635 839 adulantium

137 892 285 936 ones
314 876 715 950 amplectitur,
751 874 923 931 fidem
960 875 1237 944 reputans
1284 872 1432 944 quod
1485 870 1634 927 nihil

160 983 351 1041 quam
386 966 593 1024 dolum
626 961 1011 1036 malignitatis
1042 977 1173 1019 esse
1194 959 1516 1018 novissimo
1534 961 1638 1017 de-

137 1056 301 1122 mdet
329 1057 561 1112 effectu.
592 1053 809 1126 Siquis
838 1051 993 1108 enim
1023 1065 1227 1107 eorum
1281 1048 1455 1105 altius
1501 1054 1634 1107 vota

140 1143 280 1211 tiat,
305 1142 596 1216 intelliget
624 1139 763 1213 quia
787 1138 997 1195 callide
1024 1136 1137 1194 sibi
1184 1135 1432 1207 gratiam
1480 1135 1630 1206 ejus,

141 1234 160 1289 i
184 1232 415 1290 laboris
434 1248 500 1288 ac
529 1227 866 1287 detrimenti
895 1225 1196 1283 materiam
1228 1224 1631 1298 praeparantin

137 1341 262 1382 um.
293 1325 382 1380 Ad
398 1322 507 1379 hoc
538 1322 674 1378 totis
710 1317 991 1376 anhelant
1013 1316 1345 1382 desideriis,
1377 1316 1517 1373 totis
1535 1333 1633 1372 ar-

154 1411 492 1482 elaborant,
526 1408 851 1466 dummodo
891 1421 1093 1463 eorum
1141 1421 1254 1462 non
1304 1403 1632 1460 innotescat

137 1500 247 1570 tio;
276 1503 340 1556 ut
359 1498 580 1558 scilicet
592 1497 722 1569 ejus
741 1494 1094 1568 quandoque
1116 1491 1378 1564 potentia
1393 1492 1631 1562 reprimi

137 1598 171 1656 t,
193 1589 470 1662 ipsisque
491 1591 659 1645 vetus
682 1584 1022 1643 delictorum
1039 1581 1384 1654 impunitas,
1405 1585 1464 1637 et
1483 1597 1630 1638 nova

137 1678 352 1752 {uendi
368 1677 607 1734 licentia
619 1679 938 1748 reparetur.
956 1673 1172 1730 Horum
1190 1676 1408 1745 quanto
1431 1688 1626 1744 prom-

1745 530 2027 587 personas
2059 517 2132 573 de
2163 517 2353 575 medio
2375 519 2577 577 tollere
2599 526 2807 594 potest,
2831 528 2889 581 et
2918 526 3150 585 animos
3179 529 3396 588 immu-

1740 608 1886 661 tare.
1921 605 2109 679 Super
2128 624 2244 679 quo
2274 625 2434 680 spem
2485 611 2651 668 vobis
2697 614 3079 675 certissimam
3122 620 3391 679 tribuant

1741 693 2109 752 conscientiae
2141 696 2361 768 puritas
2385 704 2444 755 et
2472 704 2769 758 momenta
2791 703 3062 775 t'ortunae;
3096 707 3237 780 quia
3283 725 3390 766 nec

1741 796 1828 851 es,
1861 799 1991 855 quae
2021 785 2186 841 vobis
2217 786 2619 856 adversantur,
2652 793 2863 847 aeterna
2893 797 3051 861 sunt,
3095 811 3205 853 nee
3250 814 3393 870 spe·

1739 879 1968 928 rantem
2019 873 2078 928 in
2127 890 2189 930 se
2236 876 2506 931 confundi
2545 876 2778 947 justitia
2822 880 3017 938 divina
3060 886 3381 956 permittet.

1739 961 2055 1017 Inclinabit
2110 962 2400 1035 siquidem
2455 969 2605 1022 Deus
2653 967 2914 1025 animum
2965 971 3276 1046 principis,
3327 980 3385 1033 et

1739 1064 2012 1106 aversum
2048 1066 2153 1109 sua
2164 1052 2420 1110 bonitate
2443 1060 2755 1124 convertet,
2771 1063 3028 1132 utregnu
3043 1077 3103 1118 m
3123 1065 3182 1119 et
3199 1079 3391 1120 sacer-

1739 1138 1965 1195 dotium
1999 1140 2236 1212 paribus
2266 1141 2376 1198 sibi
2414 1143 2661 1200 invicem
2713 1156 3101 1218 cooperentur
3129 1151 3385 1220 auxiliis,

1739 1231 2006 1284 mutuam
2029 1228 2142 1285 sibi
2167 1231 2570 1302 reverentiam,
2620 1239 2883 1292 mutuam
2915 1237 3029 1293 sibi
3075 1240 3388 1299 exhibeant

1737 1315 2107 1373 charitatem.
2132 1319 2189 1374 Si
2224 1319 2357 1391 quis
2387 1322 2545 1377 enim
2563 1323 2799 1394 provida
2834 1326 3153 1395 prudentia
3176 1329 3390 1386 veteris

1738 1404 2005 1462 instituta
2038 1406 2384 1477 consideret,
2407 1427 2442 1465 a
2470 1411 2688 1483 quibus
2718 1416 2840 1469 tam
2872 1413 3179 1489 religionis
3201 1417 3390 1475 eccle—

1737 1493 1985 1551 siasticae
2018 1512 2194 1567 quam
2246 1497 2460 1569 regalis
2499 1500 2844 1558 excellentiss
2886 1504 3021 1575 Jura
3072 1505 3389 1576 fluxerunt,

1736 1589 2047 1656 cognoscet
2074 1602 2142 1641 ea
2173 1587 2454 1644 tantasibi
2490 1589 2735 1647 invicem
2768 1593 3012 1651 rationis
3034 1596 3384 1654 necessitate

1734 1687 2013 1745 connexa,
2046 1678 2110 1730 ut
2140 1674 2456 1747 plurimam
2488 1677 2736 1736 alterum
2762 1682 2831 1737 de
2862 1681 3043 1739 altero
3073 1684 3383 1742 contrahat

142 1774 237 1827 eet
261 1767 633 1840 malignitas,
657 1769 818 1821 tanto
847 1770 934 1819 est
972 1761 1260 1819 efficacior
1297 1761 1367 1817 ad
1407 1776 1622 1817 nocen·
1656 1768 1709 1834 Β
1738 1761 2098 1819 firmitatem.
2123 1762 2287 1820 Unde
2316 1766 2359 1819 si
2393 1767 2528 1837 quid
2548 1767 2794 1826 invicem
2811 1771 3088 1830 molestias
3109 1774 3196 1831 vel
3226 1774 3385 1847 inju-

157 1858 305 1931 quia
337 1857 430 1914 eis
460 1854 833 1913 familiaritas
877 1853 1242 1909 occasionem
1276 1853 1536 1923 praestat,
1568 1854 1627 1907 et

137 1948 379 2004 ritatem
414 1942 755 2002 excellentia
784 1940 1217 1998 subministrat.

137 2040 253 2092 rtet
290 2035 422 2092 haec
479 2034 527 2089 si
575 2036 980 2090 extraneorum
1029 2030 1297 2085 subsidia
1355 2029 1627 2086 discretio

137 2146 149 2182 ι
176 2125 545 2192 consideret,
567 2123 625 2180 in
658 2122 864 2196 primis
893 2136 1027 2177 cum
1049 2120 1230 2194 gratia
1254 2120 1451 2176 statim
1477 2121 1624 2176 effu-

138 2215 444 2273 eralitatis
490 2218 826 2280 occurrunt,
875 2210 978 2267 sed
1027 2210 1404 2282 postmodum
1452 2209 1623 2266 taedio

137 2305 374 2363 mitatis
397 2301 641 2375 tepescit
658 2298 980 2371 affectio‚et
998 2297 1319 2356 liberalitas
1340 2298 1624 2370 impendii

140 2396 293 2453 itate
323 2393 610 2450 lassatur.
643 2391 808 2446 Onus
834 2389 1052 2462 quippe
1082 2387 1371 2444 modicum
1397 2388 1623 2443 itineris

140 2482 332 2539 udine
355 2483 583 2538 certum
613 2482 705 2535 est
727 2476 1039 2550 ingravari,
1071 2479 1126 2533 et
1147 2475 1478 2532 domesticas
1501 2490 1622 2532 sar-

137 2587 283 2629 ›nus
314 2584 474 2643 saepe
498 2567 903 2641 praeponderat
924 2564 1198 2621 alienum.
1222 2562 1409 2619 Haeret
1423 2563 1623 2632 altius,

141 2659 396 2732 liusque
421 2655 798 2723 convellitur,
816 2654 914 2728 qui
937 2654 1006 2710 de
1029 2652 1495 2726 praecedentibus
1510 2668 1623 2709 me-

137 2747 400 2805 sdolevit
447 2746 728 2811 affectus;
769 2756 1116 2814 semperque
1165 2756 1228 2797 se
1276 2741 1625 2796 verecundia

137 2839 185 2893 st
195 2834 555 2906 obligatam,
571 2831 756 2888 donec
772 2828 977 2886 saltem
989 2873 1004 2898 ‚
1022 2845 1149 2901 quas
1176 2830 1445 2900 percepta
1461 2833 1619 2896 sunt,

137 2943 195 2983 is
225 2926 621 2995 compensata
650 2921 967 2978 solvantur.
1000 2920 1236 2975 Constat
1266 2919 1463 2991 itaque
1479 2917 1618 2974 deli-

137 3014 452 3072 ractaudos
483 3028 613 3070 esse
642 3028 790 3083 quos
821 3010 890 3067 ad
942 3009 1290 3068 beneficium
1344 3008 1616 3065 ultroneae

1739 1851 1836 1907 riae
1870 1851 2043 1907 suerit
2071 1853 2411 1925 irrogatum,
2436 1855 2493 1911 in
2516 1872 2648 1914 eum
2675 1858 2775 1932 qui
2797 1860 3139 1933 irrogaverit
3162 1869 3392 1922 constat

1739 1955 1867 1997 esse
1881 1943 2243 2011 vertendum,
2258 1943 2396 2015 quia
2409 1961 2597 2017 neque
2613 1964 2717 2018 pax
2736 1949 3006 2007 Ecclesiae
3024 1951 3155 2009 eine
3182 1968 3382 2027 regno,

1738 2044 1931 2101 neque
1960 2045 2139 2102 regno
2169 2032 2330 2088 satus
2352 2036 2561 2104 poterit
2582 2036 2696 2090 nisi
2745 2053 2849 2108 per
2895 2037 3214 2096 Ecclesiam
3246 2057 3383 2113 pro-

1736 2119 1950 2174 venire.
1987 2123 2050 2175 In
2083 2124 2257 2191 caput
2286 2122 2463 2193 igitur
2492 2125 2741 2181 auctoris
2794 2131 3113 2185 revertetur
3141 2128 3382 2200 injuria,

1740 2207 2049 2280 ipsumque
2070 2208 2182 2266 sibi
2207 2226 2417 2267 manus
2447 2212 2718 2271 intulisse
2749 2215 3063 2273 novissimo
3095 2233 3381 2288 compare·

1739 2297 1824 2352 bit
1863 2297 2095 2355 effectu.

1807 2387 2048 2444 Interim
2068 2388 2113 2443 si
2130 2388 2274 2459 quid
2292 2390 2454 2446 vobis
2473 2392 2802 2450 serenitatis
2813 2395 3056 2465 coeperit
3075 2411 3374 2469 apparere,

1736 2475 2102 2533 occasionem
2132 2482 2323 2534 vestra
2344 2478 2632 2550 sapientia
2658 2497 2771 2538 non
2795 2481 3057 2554 repellat,
3080 2485 3180 2541 sed
3214 2485 3383 2542 obla-

1734 2571 1856 2625 tam
1879 2572 2151 2640 prompto
2182 2569 2469 2642 colligatis
2497 2572 2795 2644 amplexu.
2827 2575 3011 2646 Super
3036 2591 3151 2647 quo
3167 2577 3217 2634 ei
3236 2577 3374 2649 quid

1735 2657 2100 2714 tractandum
2118 2657 2407 2728 inciderit,
2426 2659 2602 2718 nolite
2614 2661 2876 2734 singulos
2898 2663 3177 2720 articulos
3193 2666 3374 2722 nimia

1736 2745 2055 2802 subtilitate
2085 2746 2395 2816 discutere,
2416 2749 2552 2820 quia
2600 2750 2894 2808 subtilitas
2945 2754 3378 2811 contentionem

1734 2834 1904 2905 parit,
1938 2835 2233 2891 contentio
2262 2852 2397 2891 vero
2427 2839 2647 2908 sopitos
2677 2839 2943 2895 odiorum
2992 2841 3159 2912 ignes
3205 2841 3372 2914 quasi

1732 2921 2083 2993 quibusdam
2116 2923 2350 2979 flatibus
2389 2926 2599 2981 excitat
2644 2931 2702 2982 et
2748 2928 3027 2985 accendit.
3082 2929 3206 2985 Non
3267 2933 3378 2986 erit

1731 3012 1896 3069 vobis
1925 3013 1995 3068 ad
2030 3011 2344 3085 singularia
2376 3018 2814 3087 recurrendum,
2836 3018 2940 3074 sed
2958 3019 3121 3090 quasi
3144 3035 3372 3092 genera-

188 3102 510 3162 cbaritatis
540 3101 763 3157 invitat.
821 3099 936 3155 Nec
982 3098 1243 3155 oblatum
1299 3097 1616 3154 liberaliter
1646 3144 1689 3210 C
1730 3101 1886 3159 libus
1909 3103 2230 3160 studiosius
2271 3103 2569 3172 inhaerere,
2602 3106 2741 3177 quia
2781 3108 2942 3164 salva
2981 3124 3073 3164 res
3110 3112 3221 3179 est,
3257 3109 3373 3165 nisi

137 3211 233 3252 um
255 3193 402 3266 quis
434 3190 747 3247 absorbeat
777 3189 1035 3245 alienum
1069 3188 1081 3243 l
1113 3188 1221 3244 Sed
1241 3187 1390 3243 citra
1416 3193 1613 3243 votum
1728 3192 2026 3262 pactiones
2049 3191 2376 3262 specialiter
2401 3210 2683 3266 expresses
2707 3196 2992 3267 perimant
3015 3196 3372 3256 libertatem.

150 3282 470 3355 largientis
495 3295 705 3336 manus
719 3276 1084 3335 continendis
1106 3275 1613 3345 sunt‚nealienam

137 3390 228 3431 sm
244 3372 575 3429 necessitas
587 3369 672 3426 vel
689 3368 1056 3440 impudentia
1068 3374 1263 3423 nostra
1281 3369 1612 3424 consumat.

138 3467 249 3521 unt
280 3477 417 3534 qun
449 3461 673 3515 bonum
706 3463 794 3515 est
831 3464 1081 3515 vestram
1112 3456 1323 3528 saepius
1371 3462 1613 3511 tractare

137 3551 421 3616 utiam,et
437 3548 683 3606 rationis
697 3546 1107 3604 instrumentis
1126 3561 1202 3602 sae
1209 3545 1340 3618 pius
1363 3560 1615 3616 expensa

138 3657 262 3711 ere,
287 3644 350 3698 et
383 3639 466 3696 sic
490 3636 875 3710 omniaquasi
906 3636 1017 3692 sub
1067 3651 1250 3692 unum
1300 3635 1612 3692 conferatis

137 3739 321 3801 etum,
355 3733 422 3786 ut
452 3729 589 3802 quid
623 3728 860 3800 singula
893 3726 1167 3800 ponderis
1199 3724 1454 3782 habeant
1492 3725 1612 3796 ple-

142 3837 178 3878 e
201 3819 420 3876 iterata
453 3819 638 3890 possit
670 3817 979 3874 collatione
1010 3815 1315 3889 perpendi.

137 3925 305 3967 erum
343 3908 539 3965 media
569 3907 730 3963 vobis
763 3906 874 3962 erit
918 3905 1011 3961 via
1059 3904 1336 3973 securior,
1394 3908 1458 3959 ut
1506 3919 1611 3960 nec

137 4000 316 4056 situm
351 4001 613 4054 vestrum
665 3994 1034 4053 adversitatis
1080 3994 1384 4051 austeritas
1429 3994 1607 4048 inter-

137 4103 284 4158 ,nec
306 4085 675 4143 conscientia
704 4083 959 4140 veritatis
989 4082 1262 4154 obduret,
1297 4099 1367 4139 ne
1392 4099 1494 4138 vos
1526 4080 1608 4137 vel

137 4177 527 4249 desperatum
552 4173 727 4232 faciat
741 4170 832 4228 vel
851 4172 1206 4230 confidentia
1229 4172 1606 4245 pertinacem.

137 4266 347 4324 indum
380 4264 610 4338 quippe
631 4266 720 4321 eet
759 4262 914 4335 quod
947 4261 1072 4319 sine
1122 4262 1367 4319 crimine
1418 4267 1610 4333 potest

137 4372 205 4413 ue
231 4352 500 4428 periculo
532 4352 868 4425 temperari,
921 4350 1221 4423 multaque
1256 4349 1330 4408 ad
1372 4355 1606 4425 tempus

137 4444 324 4502 tulare
355 4445 698 4499 necesseest
718 4457 845 4513 ques
868 4442 1073 4497 statim
1096 4455 1323 4514 nequeu
1334 4445 1396 4496 nt
1411 4457 1602 4497 emen·

137 4536 306 4592 lonec
325 4530 704 4604 tranquillior
726 4529 888 4587 vobis
919 4530 1164 4603 spiritus
1187 4546 1337 4585 aurae
1366 4529 1602 4586 lenioris
1635 4516 1677 4580 D

137 4629 175 4681 t.
205 4623 350 4680 Non
378 4621 540 4678 enim
571 4635 804 4693 semper
834 4619 1068 4677 eosdem
1094 4618 1323 4676 diversa
1345 4623 1602 4692 tempora

137 4716 364 4771 entant
392 4715 656 4779 eventus,
678 4710 775 4765 sed
800 4710 1106 4783 przesentia
1135 4709 1305 4766 nobis
1336 4711 1600 4783 quando-

137 4803 511 4861 aeteritorum
533 4799 888 4857 detrimenta
909 4803 1258 4856 restaurant.
1282 4798 1451 4856 Circa
1473 4816 1603 4857 con·

138 4892 225 4950 tia
246 4889 398 4947 nihil
424 4887 636 4946 stabile
665 4887 775 4945 sibi
801 4887 1317 4961 potestinflrmitas
1341 4888 1602 4945 bumana

137 4995 251 5050 ere,
286 4993 402 5035 nec
427 4977 500 5034 de
518 4991 762 5033 suorum
785 4975 959 5032 etiam
976 4974 1080 5032 niti
1111 4980 1356 5047 possunt
1376 4976 1601 5033 affecti-

142 5071 442 5135 imorum,
464 5066 564 5123 sed
587 5070 644 5123 et
665 5065 828 5138 ipsos
849 5065 1100 5123 fortuitis
1137 5065 1373 5122 casibus
1414 5066 1596 5122 cohae-

137 5173 333 5217 =cesse
362 5160 472 5226 est,
506 5159 564 5212 et
594 5155 668 5213 ad
698 5153 964 5227 singulos
1011 5169 1214 5211 eorum
1246 5159 1443 5212 motus
1465 5155 1594 5211 sin-

137 5247 415 5320 tffingere
435 5244 786 5302 voluntates.
821 5244 939 5300 Hoc
971 5244 1108 5301 totis
1140 5244 1428 5315 siquidem
1467 5248 1594 5300 stu-

137 5340 393 5409 ›guntur
420 5335 745 5408 exquirere,
780 5333 933 5405 quod
958 5333 1030 5390 ab
1054 5334 1137 5391 eis
1189 5334 1361 5389 modo
1416 5334 1593 5392 nullis

1723 3282 1783 3339 Si
1803 3283 1961 3338 enim
1994 3299 2099 3339 nos
2130 3283 2261 3339 fidei
2296 3299 2397 3357 pro
2422 3286 2531 3342 tide
2556 3287 2922 3358 profitemur,
2955 3295 3008 3345 et
3032 3292 3369 3347 reverentias

1725 3377 1779 3426 et
1809 3370 2077 3443 obsequii
2110 3369 2417 3440 debitores,
2450 3372 2501 3429 si
2540 3374 2689 3430 bona
2718 3378 2776 3430 et
2815 3390 3096 3446 personas
3137 3380 3373 3433 nostras

1724 3459 1930 3516 honori
1970 3464 2028 3515 et
2056 3459 2403 3517 utilitatibus
2438 3462 2568 3534 ejus
2595 3462 2896 3521 offerimus
2926 3464 3366 3536 impendendas,

1721 3548 1773 3606 si
1804 3548 1996 3621 regiae
2024 3549 2359 3622 dignitates,
2393 3555 2450 3607 et
2480 3552 2753 3623 antiquas
2776 3554 3254 3626 consuetudines,
3303 3554 3365 3611 in

1721 3638 1936 3712 quibus
1966 3638 2075 3709 legi
2096 3638 2196 3695 Dei
2223 3655 2335 3696 non
2351 3639 2605 3710 obviant,
2629 3642 3026 3713 promittimus
3039 3642 3364 3711 observare,

1722 3746 1836 3785 non
1868 3728 2050 3796 laedit,
2070 3730 2206 3801 quia
2238 3729 2297 3785 in
2327 3728 2418 3785 his
2442 3730 2715 3787 omnibus
2741 3736 2938 3787 contra
2961 3731 3220 3788 debitum
3235 3732 3369 3788 nul-

1718 3818 1948 3875 latenus
1975 3817 2322 3889 obligamur.
2348 3818 2406 3875 Si
2438 3834 2574 3890 ergo
2604 3820 2709 3875 sub
2741 3820 2850 3875 hac
2881 3819 2969 3876 vel
3000 3820 3182 3876 simili
3233 3837 3368 3877 ver-

1718 3910 1929 3966 borum
1962 3908 2563 3979 conceptionefpacem
2598 3908 2760 3964 vobis
2792 3912 2851 3965 et
2879 3909 3091 3965 vestris
3135 3909 3363 3967 bonitas

1717 3998 1916 4053 divina
1946 3998 2248 4067 paraverit,
2272 3997 2774 4069 interpretationes
2806 3998 3118 4055 verborum
3151 3998 3366 4057 tuturis

1719 4089 2004 4144 reservato
2033 4086 2414 4156 temporibus,
2447 4086 2586 4158 quia
2608 4103 2722 4145 non
2748 4086 2872 4158 ipse
2901 4088 3066 4144 vobis
3107 4092 3194 4145 tot
3239 4105 3365 4147 mo-

1714 4174 1873 4230 vebit
1901 4175 1975 4231 de
1989 4177 2193 4231 caetero
2214 4174 2575 4245 quaestiones.
2607 4180 2663 4231 et
2682 4191 2782 4232 vos
2813 4176 2874 4232 in
2903 4176 3179 4233 omnibus
3201 4181 3360 4249 pote·

1717 4265 1856 4320 runt
1876 4264 2271 4335 experimenta
2294 4264 2602 4335 praesentia
2623 4264 2861 4322 reddere
2890 4263 3200 4322 cautiores.

1784 4355 1893 4410 Sed
1913 4368 2097 4426 neque
2116 4355 2277 4412 vobis
2307 4353 2461 4426 apud
2473 4355 2737 4413 homines
2759 4355 3005 4429 gloriam
3044 4354 3365 4412 videamini

1717 4459 1972 4515 quaerere
2000 4443 2089 4500 vel
2119 4445 2509 4516 triumphum,
2533 4446 2629 4500 sed
2663 4446 2803 4518 regi,
2829 4450 3109 4517 tanquam
3132 4445 3366 4516 praecel-

1711 4532 2300 4602 lenti,omnishonor,
2323 4534 2514 4591 omnis
2539 4534 3161 4592 victoriacont'erantur
3178 4549 3191 4589 :
3211 4534 3354 4588 dum

1712 4628 1905 4681 tamen
1925 4624 2083 4680 vobis
2104 4623 2274 4680 liceat
2301 4641 2496 4681 coram
2522 4625 2635 4680 Deo
2648 4626 2718 4681 de
2750 4622 3117 4681 conscientiae
3139 4627 3353 4679 vestras

1711 4714 2046 4771 testimonio
2076 4715 2333 4786 gloriari.
2369 4719 2477 4787 Ego
2500 4730 2631 4770 vero
2662 4713 2826 4769 fidele
2855 4714 2980 4784 paci
3000 4714 3203 4768 vestrae
3236 4710 3354 4766 mi-

1711 4801 2017 4859 nisterium
2050 4807 2114 4857 ut
2136 4804 2392 4872 devotus,
2418 4803 2497 4858 ita
2519 4805 2824 4873 promptus
2841 4798 3356 4871 impendam,quo-

1710 4892 1863 4948 niam
1887 4890 2225 4947 adversitati
2264 4895 2481 4947 vestrae.
2523 4891 2636 4946 Deo
2694 4893 2859 4957 teste,
2893 4888 3244 4961 compatior,
3300 4893 3362 4945 et

1710 4996 2018 5053 personam
2049 4984 2299 5037 vestram
2331 4988 2384 5036 et
2414 4994 2647 5036 causam
2670 4979 2911 5034 sinceroe
2934 4977 3197 5034 brachiis
3223 4978 3370 5036 cha-

1707 5070 1891 5127 ritatis
1921 5069 2257 5141 amplector.
2287 5069 2523 5125 Certum
2544 5069 2835 5141 siquidem
2856 5073 2946 5127 est
2977 5070 3134 5142 quod
3169 5071 3320 5124 tortu
3340 5095 3362 5110 ·

1707 5174 1842 5215 nam
1866 5162 2116 5214 vestram
2141 5162 2197 5212 et
2226 5172 2529 5228 personam
2555 5174 2653 5227 pro
2677 5158 2953 5215 fratribus
2968 5159 3178 5215 vestris
3204 5160 3364 5218 velut

1705 5247 2000 5319 quoddam
2021 5245 2425 5302 holocaustum
2455 5244 2514 5301 in
2541 5245 3090 5303 odoremsuavitatis
3109 5247 3354 5318 offertis,

1704 5339 1769 5392 ut
1809 5337 1973 5393 labor
2017 5338 2208 5391 vester
2246 5335 2412 5391 nobis
2471 5337 2640 5392 cedat
2695 5336 2766 5392 ad
2823 5336 3109 5407 requiem,
3156 5336 3359 5409 inopia

1701 5430 1896 5484 vestra
1926 5429 2121 5481 notras
2151 5425 2396 5482 redimat
2418 5424 2743 5493 facultates,
2775 5428 2832 5482 et
2861 5425 3015 5498 quod
3051 5424 3355 5484 residuum

1702 5515 1988 5574 libertatis
2016 5523 2103 5574 est
2122 5516 2408 5590 patientia
2435 5516 2606 5573 nobis
2627 5518 2822 5572 vestra
2870 5514 3199 5573 confirmet.
3233 5517 3365 5574 Pro·

1699 5605 1837 5664 inde
1857 5604 1944 5664 sic
1974 5606 2267 5679 agendum
2292 5604 2403 5664 erit
2424 5604 2591 5677 mihi,
2616 5613 2677 5663 ut
2696 5618 2785 5663 me
2814 5604 2977 5664 vobis
2994 5603 3188 5678 prima
3205 5604 3355 5664 facie

137 5433 154 5486 t
200 5425 491 5502 precibus
530 5423 851 5498 impetrari,
897 5424 1035 5496 quia
1082 5423 1326 5480 dexteroe
1371 5423 1592 5480 Excelsi

137 5521 238 5578 ina
272 5518 522 5577 mutatio
551 5520 732 5575 totam
764 5516 933 5574 docet
977 5514 1133 5573 illico
1183 5531 1591 5574 mansuescere

137 5625 247 5672 sm.
282 5608 384 5670 Sic
440 5611 579 5669 estz
616 5608 686 5668 In
734 5620 918 5666 manu
954 5603 1189 5667 Domini
1235 5608 1376 5665 suut
1417 5606 1591 5666 corda
