3784 6000
101 122 230 182 537

599 118 805 179 RIST.
858 117 1134 178 RERUM
1178 114 1714 177 TRANSMARIN.
1760 150 1833 161 —
1879 115 2026 176 [ΑΒ.
2075 114 2209 176 XII.
2255 110 2709 175 BALDL'INUS
2755 109 2809 170 11
2858 110 3031 171 REX.

3408 112 3526 173 538

105 253 421 314 communi
452 256 585 309 vote
624 249 989 309 constituunt
1030 250 1337 306 dominum
1382 250 1761 307 Eustachium
1791 252 1849 318 Α
1880 247 2106 321 arripit,
2133 244 2693 304 tertiumremittens
2720 244 2780 301 in
2802 243 3111 317 oppidum,
3132 243 3224 301 cui
3247 246 3306 303 et
3335 259 3523 302 annu·

108 345 361 412 Groner,
387 343 580 399 virum
627 340 929 412 providum
969 343 1025 395 et
1056 338 1393 407 discretum,
1417 343 1473 395 et
1504 339 1583 395 rei
1615 338 1767 395 mili·

109 431 265 490 taris
295 432 529 506 plenam
560 430 872 486 habentem
916 425 1366 500 experientiam;
1402 430 1501 500 qui
1534 428 1676 485 duas
1708 429 1767 485 in

112 537 321 595 regno,
365 523 500 592 jnre
557 518 940 585 haereditario,
1001 517 1463 591 suffragantibus
1522 518 1768 579 meritis.

112 611 459 684 possidebat
472 607 1035 675 civitates,Sidonem
1053 607 1326 665 videlicet
1346 612 1403 664 et
1424 609 1767 673 Caesaream,

116 710 431 772 utramque
488 713 621 754 cum
660 697 785 754 suis
842 696 1228 768 pertinentiis.
1262 696 1524 752 Tradunt
1551 713 1688 768 ergo
1718 695 1770 753 ei

116 789 288 860 regni
318 804 546 858 curam,
572 793 628 843 et
659 785 1223 843 administrationem
1247 785 1597 857 generalem,
1622 802 1768 858 quo-

115 880 395 952 adusque
426 877 733 935 dominum
770 891 967 948 regem
996 875 1192 932 visitet
1217 875 1423 931 Oriens
1446 891 1514 930 ex
1544 876 1681 944 alto,
1714 879 1772 932 et

115 985 243 1026 sua
273 967 532 1025 libertati
556 967 886 1034 restituens,
908 964 1150 1037 negotiis
1165 965 1338 1037 regiis
1367 965 1549 1037 possit
1576 981 1770 1036 super-

114 1073 271 1115 esse.
328 1059 439 1114 Sed
500 1057 735 1113 interim
791 1056 861 1111 ad
916 1072 1003 1123 ea,
1056 1072 1181 1125 quae
1239 1055 1309 1110 de
1357 1053 1594 1112 domino
1638 1070 1771 1127 rege

115 1162 511 1221 coeperamus,
540 1151 988 1217 retorqueamus
1020 1145 1348 1200 historiam.

711 1251 934 1308 CAPUT
973 1249 1177 1306 XVIII.

118 1343 358 1411 Quidam
388 1341 652 1410 Armenii,
676 1345 737 1397 ut
790 1357 973 1411 recem
996 1342 1303 1411 expediant,
1331 1339 1489 1410 yravi
1515 1356 1570 1397 se
1601 1355 1766 1408 expo·

188 1421 337 1469 nunt
357 1415 607 1486 periculo
626 1433 650 1478 ,·
676 1421 918 1469 castrum
940 1415 1004 1469 in
1042 1427 1145 1483 quo
1174 1412 1563 1468 detinebantur
1589 1412 1769 1485 capti-

190 1488 272 1553 vi,
300 1489 611 1555 occupatam
641 1486 913 1542 liberatur
934 1500 1107 1540 comes
1134 1485 1458 1540 loscelinus.

1883 340 2005 397 lum
2065 356 2241 396 suum
2295 337 2537 394 tradidit
2579 337 2637 393 in
2687 336 3121 408 signum,quod
3152 352 3284 395 cum
3313 335 3522 403 salute,

1881 429 2136 485 hostium
2188 444 2399 484 cuneos
2468 433 2746 482 evaserat.
2796 425 2913 481 Rex
2980 429 3174 482 autem
3245 440 3379 483 oum
3429 425 3524 482 his

1880 534 2129 591 quorum
2163 533 2269 588 ope
2301 517 2527 573 solutus
2574 520 2718 582 erat,
2743 515 3072 586 praesidium
3124 514 3356 572 munire
3384 514 3522 570 totis

1879 607 2102 665 viribus
2131 607 2451 678 satagebat,
2480 610 2735 673 tentans,
2768 604 2818 661 si
2859 621 2972 677 quo
3023 610 3189 677 pacto
3227 619 3410 677 usque
3444 602 3520 659 ad

1881 699 2190 755 adventum
2218 697 2487 764 subsidii,
2513 697 2666 768 quod
2701 698 2757 751 in
2780 695 3040 766 proximo
3063 695 3354 768 sperabat,
3372 692 3521 750 illud

1880 788 1996 844 sibi
2025 804 2365 845 conservare
2401 790 2614 859 posset.

2492 892 2723 950 CAPUT
2761 892 2914 949 XlX.

1879 986 2046 1040 Balac
2077 986 2281 1040 iterum
2338 983 2482 1038 idem
2523 987 2772 1038 castrum
2822 981 3081 1037 violenter·
3130 982 3346 1053 recipit,
3378 997 3519 1053 prae·

2161 1055 2322 1111 dictis
2347 1056 2619 1110 Armeniis
2647 1052 2831 1124 plodio
2863 1054 3232 1124 interemptis.

1947 1150 2013 1200 At
2045 1161 2177 1201 vero
2209 1143 2376 1200 Baiae
2435 1142 2675 1200 terribili
2709 1142 2929 1198 visione
2946 1142 3149 1198 eadem
3187 1145 3359 1197 nocte
3392 1144 3525 1197 tur·

1879 1236 2072 1300 batus,
2102 1234 2160 1290 in
2181 1233 2407 1290 somnis
2439 1233 2739 1290 videbatur
2770 1232 2876 1287 sibi
2904 1231 3115 1300 videre,
3148 1230 3302 1303 quod
3326 1244 3523 1287 comes

1874 1324 2205 1381 Josceliuus
2218 1338 2350 1379 eum
2366 1323 2616 1395 propriis
2628 1319 3249 1387 manibus‚luminibus
3266 1319 3522 1376 orbaret.

1876 1416 2000 1480 Quo
2030 1413 2158 1469 visu
2191 1413 2443 1481 territus,
2475 1428 2708 1468 summo
2751 1426 2921 1467 mane
2949 1410 3019 1466 ad
3050 1410 3390 1481 praedictum
3413 1425 3522 1481 op-

1878 1503 2078 1574 pidum
2133 1501 2369 1558 nuntios
2421 1500 2640 1573 dirigit,
2674 1501 2772 1574 qui
2807 1499 3112 1556 dominum
3152 1496 3520 1555 Joscelinum

190 1592 444 1650 Domino
474 1609 608 1665 ergo
638 1592 944 1666 regeapud
968 1597 1221 1649 castrum
1256 1592 1762 1665 praenominatum,
1797 1624 1842 1689 B
1880 1593 2102 1663 absque
2161 1606 2324 1647 mora
2372 1589 2742 1646 decollarent.
2777 1589 2886 1653 Qui
2943 1586 3285 1644 accedentes
3316 1587 3386 1642 ad
3415 1600 3517 1642 ca-

118 1697 264 1738 cum
292 1682 531 1739 domino
562 1682 772 1739 comite
817 1683 874 1738 in
908 1681 1152 1738 vinculis
1191 1684 1526 1750 constituto,
1556 1688 1758 1741 notum

120 1771 405 1829 habentes
434 1772 677 1844 qnidam
723 1771 980 1828 Armenii
1032 1772 1104 1827 de
1135 1777 1288 1828 terra
1329 1771 1576 1841 comitis,
1610 1775 1762 1843 quod

122 1858 273 1916 tanti
304 1860 598 1933 principes
632 1860 943 1916 Christiani
965 1860 1218 1916 nominis
1250 1861 1308 1917 in
1337 1877 1403 1917 eo
1451 1861 1767 1935 municipio

121 1949 338 2019 captivi
364 1952 718 2019 tenerentur,
752 1967 853 2023 pro
887 1949 1070 2006 nihilo
1103 1951 1376 2007 ducentes
1417 1949 1766 2021 periculum,

122 2038 175 2095 si
203 2038 387 2094 etiam
418 2053 619 2095 eorum
649 2046 801 2095 artes
834 2056 1174 2112 prosperum
1201 2057 1313 2095 non
1348 2039 1630 2095 haberent
1649 2041 1769 2096 exi-

119 2132 277 2193 tum,
300 2142 478 2184 novas
508 2127 710 2184 ineunt
730 2129 971 2184 inauditi
996 2129 1314 2185 moliminis
1346 2130 1488 2185 vias.
1522 2130 1768 2196 Quidam

122 2220 323 2273 tamen
352 2221 622 2272 asserunt
649 2217 754 2273 hos
784 2218 1015 2274 eosdem
1066 2217 1286 2274 domini
1327 2217 1602 2274 «loscelini
1635 2217 1769 2274 dili·

122 2306 383 2377 gentiam
404 2312 659 2374 vocatos,
672 2309 730 2362 et
741 2321 843 2376 spe
865 2306 1352 2363 remunerationis
1369 2306 1767 2378 amplissimae,

122 2393 263 2451 huic
293 2410 360 2450 se
387 2395 727 2467 exposuisse
776 2394 1121 2451 discrimini.
1154 2395 1581 2467 Quinquaginta
1611 2397 1768 2453 enim

118 2499 191 2540 ex
220 2483 329 2552 eis,
362 2483 832 2553 quirobustiores
865 2485 1234 2550 videbantur,
1259 2485 1372 2540 flde
1406 2486 1770 2556 interposita,

120 2578 179 2630 et
210 2574 432 2630 mutuis
464 2572 703 2645 obligati
730 2575 1264 2646 iuramentis,apud
1291 2590 1355 2631 se
1384 2576 1769 2648 constituunt,

123 2664 191 2717 ut
228 2660 367 2717 illuc
423 2668 649 2732 euntes,
683 2663 987 2733 praedictos
1034 2663 1188 2720 viros
1237 2664 1773 2738 magnificos,quo·

122 2767 357 2823 cunque
385 2752 660 2824 periculo,
693 2753 939 2811 liberare
987 2755 1359 2811 contendant.
1385 2756 1594 2812 Habitu
1639 2773 1771 2828 ergo

122 2856 187 2897 se
230 2841 510 2898 simulant
563 2843 914 2908 monachos:
973 2842 1127 2901 sicas
1183 2845 1290 2900 sub
1322 2844 1468 2901 laxis
1515 2848 1773 2904 vestibus

122 2932 449 3000 portantes,
479 2932 550 2986 ad
609 2932 951 3004 predictum
1013 2934 1258 2989 tendunt
1309 2933 1616 3007 oppidum,
1640 2940 1771 2992 tan-

125 3035 304 3093 quam
331 3021 401 3076 de
457 3022 708 3094 negotiis
766 3024 1248 3080 monasteriorum
1298 3025 1484 3080 acturi
1508 3025 1769 3097 aliquid;

124 3107 411 3166 simulant
432 3112 606 3169 verbo
635 3116 692 3169 et
705 3113 950 3184 gemitu,
973 3118 1029 3170 et
1061 3113 1228 3171 faciei
1262 3115 1695 3172 modificatione
1715 3131 1777 3173 se

126 3217 159 3257 a
188 3201 546 3272 quibusdam
588 3201 705 3258 vim
754 3202 1150 3274 injuriamque
1213 3221 1457 3276 passos:
1510 3206 1779 3277 prael'ecto

125 3288 239 3346 loci
272 3290 343 3345 ad
376 3291 546 3362 cujus
603 3291 1058 3350 sollicitudinem
1093 3293 1415 3364 spectabat,
1448 3310 1520 3350 ne
1548 3294 1685 3364 quid
1718 3294 1777 3350 in

125 3377 272 3435 locis
303 3380 706 3451 adjacentibus
726 3383 1050 3439 enormiter
1078 3387 1134 3440 et
1163 3390 1363 3439 contra
1405 3383 1778 3455 disciplinam

128 3472 466 3540 temporum
501 3470 682 3539 fleret,
713 3471 772 3526 id
796 3488 857 3529 se
871 3471 1014 3528 velle
1037 3488 1169 3529 cum
1191 3471 1467 3541 lacrymis
1495 3475 1782 3543 protesta-

128 3560 202 3623 ri,
225 3563 517 3615 asserunt.
543 3559 657 3615 Alii
705 3560 904 3617 dicunt
952 3578 1050 3618 eos
1092 3563 1255 3634 quasi
1287 3567 1660 3631 mercatores,
1693 3562 1783 3616 vi-

130 3646 278 3702 lium
314 3647 597 3705 mercium
629 3653 968 3720 portatores,
993 3651 1271 3722 oppidum
1315 3650 1623 3723 ingressos.
1657 3651 1784 3708 Ad-

130 3734 448 3792 mittuntur
471 3738 730 3805 tandem,
751 3742 809 3794 et
840 3738 1223 3812 municipium
1247 3740 1519 3812 ingressi,
1542 3742 1784 3797 exerunt

127 3824 363 3897 gladios
382 3830 439 3880 et
457 3831 825 3883 occurrentes
849 3827 957 3882 sibi
976 3829 1272 3900 perimunt
1294 3829 1609 3885 universos.
1632 3829 1778 3894 Quid

131 3912 307 3985 plura
335 3912 364 3967 ¹?
384 3913 631 3971 Obtento
662 3921 868 3986 castro,
902 3933 1091 3987 regem
1115 3917 1350 3973 solvunt
1378 3925 1432 3974 et
1464 3918 1735 3974 comitem
1764 3936 1780 3987 ς

132 4008 454 4058 etcastrum
474 4005 753 4060 muniunt
781 4010 1060 4074 quantum
1088 4009 1351 4077 possunt.
1387 4008 1505 4063 Rex
1546 4007 1781 4063 interim

132 4090 408 4148 comitem
439 4092 799 4149 Joscelinum
849 4094 1109 4151 emittere
1167 4095 1447 4168 disponit,
1480 4099 1546 4152 ut
1592 4096 1783 4153 sibiet

131 4179 329 4249 sociis,
352 4198 603 4253 quorum
626 4200 802 4255 opera
818 4184 1070 4256 expediti
1102 4185 1465 4252 videbantur,
1498 4186 1779 4243 auxilium

131 4275 464 4343 congreget,
502 4276 560 4326 et
616 4271 870 4330 velocius
929 4273 1159 4330 mittere
1208 4289 1322 4330 non
1356 4280 1636 4331 moretur.
1669 4277 1778 4333 Co·

1872 1685 2063 1737 strum
2083 1679 2341 1751 propius,
2373 1681 2789 1751 cognoscentes
2806 1678 2959 1749 quod
2973 1692 3040 1732 eo
3061 1692 3198 1732 casu
3220 1676 3281 1732 in
3302 1690 3520 1731 manus

1874 1771 2129 1826 bostium
2177 1767 2528 1838 devenisset,
2582 1782 2845 1823 remenso
2903 1766 3110 1821 itinere
3160 1778 3293 1821 cum
3360 1763 3520 1819 omni

1874 1857 2170 1916 velocitate
2208 1858 2280 1913 ad
2337 1857 2644 1913 dominum
2677 1856 2941 1921 redeunt,
2973 1853 3171 1910 omnia
3224 1868 3356 1926 quai
3398 1850 3520 1908 illio

1874 1953 2037 2020 gesta
2067 1948 2315 2013 fuerant,
2347 1947 2550 2003 ordine
2598 1945 2939 2017 pandentes.
2974 1943 3108 2017 lpse
3136 1958 3269 1999 vero
3300 1955 3517 2000 convo·

1876 2039 2021 2095 catis
2071 2039 2323 2111 undique
2362 2037 2713 2093 militaribus
2765 2034 2965 2107 copiis,
3025 2033 3096 2089 nd
3147 2037 3344 2105 partes
3390 2031 3521 2088 illas

1875 2128 2128 2199 impiger
2138 2125 2517 2195 contendit,et
2530 2124 2727 2182 locatis
2740 2124 2796 2180 in
2810 2138 3010 2196 gyrum
3022 2120 3518 2195 expeditionibus,

1879 2216 2180 2274 obsidione
2208 2215 2382 2272 vallat
2410 2232 2530 2283 eos,
2553 2215 2651 2286 qui
2682 2214 2739 2269 in
2764 2209 3515 2285 oppidumsecontulerant.

1880 2307 1990 2362 Ubi
2022 2322 2122 2378 per
2152 2304 2540 2362 internuntios
2585 2303 2779 2359 habito
2818 2317 3083 2358 sermone
3114 2316 3249 2356 cum
3280 2299 3522 2355 domino

1879 2410 2032 2467 rege,
2064 2394 2314 2467 spondet
2344 2398 2400 2449 et
2444 2391 2729 2464 promittit
2774 2391 3029 2457 firmius,
3050 2390 3202 2462 quod
3226 2389 3276 2445 si
3298 2388 3523 2461 absque

1880 2483 2226 2541 difficultate
2258 2483 2589 2553 praesidium
2612 2480 2663 2537 ei
2681 2479 2976 2545 restituat,
3000 2479 3127 2550 ipse
3180 2476 3292 2534 sibi
3331 2475 3524 2534 etsuis

1882 2573 2156 2629 omnibus
2186 2571 2434 2628 liberum
2466 2572 2682 2628 exitum
2713 2574 2770 2626 et
2798 2584 3069 2626 securum
3104 2583 3289 2640 usque
3317 2566 3390 2624 ad
3423 2582 3524 2622 ur-

1881 2664 2011 2720 bem
2034 2664 2388 2720 Edessanam
2431 2664 2726 2734 praestaret
2768 2661 3144 2717 conductum.
3178 2657 3298 2714 Rex
3327 2662 3522 2714 autem

1883 2754 1954 2809 de
1975 2751 2171 2825 oppidi
2207 2751 2531 2808 munitione
2562 2751 3095 2822 confisus,sperans
3117 2762 3250 2805 cum
3278 2746 3345 2803 ad
3358 2744 3527 2802 mini-

1884 2842 2015 2898 culo
2046 2858 2269 2910 eorum,
2300 2842 2435 2913 quid
2459 2842 2531 2898 ad
2561 2856 2694 2897 eum
2720 2841 2966 2912 ingressi
2993 2839 3244 2907 fuerant,
3267 2840 3523 2893 castrum

1887 2946 2056 3004 posse
2086 2930 2156 2986 ad
2188 2931 2501 2987 adventum
2518 2928 2764 2985 subsidii
2791 2927 3071 2985 violenter
3096 2925 3530 2995 detinere,con-

1887 3024 2136 3080 ditiones
2167 3023 2384 3095 respuit
2417 3021 2664 3088 oblatas,
2694 3029 2749 3077 et
2781 3020 2838 3076 in
2864 3018 3201 3077 defensione
3223 3015 3528 3089 municipii

1888 3111 2206 3169 instantius
2239 3116 2585 3182 perseverat.
2616 3110 2788 3168 Balac
2819 3126 2971 3180 vero,
2996 3109 3209 3182 spretis
3238 3103 3530 3164 conditio-

1888 3203 2056 3259 nibus
2078 3205 2261 3259 iratus
2284 3202 2627 3268 admodum,
2646 3200 2899 3257 artifices
2920 3201 3197 3257 convocat
3237 3201 3296 3253 et
3315 3193 3534 3251 machi·

1889 3311 1994 3349 nas
2050 3293 2282 3349 ordinat
2336 3292 2709 3363 multiplices,
2756 3292 2967 3364 quibus
3026 3289 3215 3345 solent
3270 3286 3531 3344 bostium

1891 3382 2151 3456 praesidia
2174 3382 2508 3454 impugnari
2540 3397 2553 3435 τ
2580 3386 2635 3435 et
2657 3382 2883 3436 instans
2915 3378 3257 3449 protervius,
3277 3378 3336 3433 in
3358 3390 3531 3431 omne

1889 3475 2320 3544 argumentum,
2357 3486 2473 3541 quo
2540 3482 2743 3524 nocere
2793 3466 2977 3538 possit
3032 3465 3308 3530 obsessis,
3342 3463 3534 3518 subti-

1888 3561 2022 3617 liter
2076 3576 2137 3615 se
2185 3558 2417 3615 attollit.
2476 3558 2610 3613 Erat
2656 3559 2850 3612 autem
2898 3553 3087 3624 collis,
3129 3568 3307 3623 supra
3356 3566 3532 3622 quem

1890 3651 2068 3707 situm
2134 3656 2256 3706 erat
2329 3648 2624 3720 oppidum,
2688 3649 2982 3702 cretaceus
3066 3650 3123 3699 et
3204 3642 3276 3697 ad
3352 3640 3539 3696 suffo-

1889 3740 2169 3796 diendum
2221 3736 2430 3794 facilis.
2469 3736 2680 3792 videns
2737 3750 2872 3806 ergo
2951 3749 3015 3789 ea
3083 3734 3245 3805 parte
3303 3727 3534 3785 facilius

1891 3843 2064 3902 posse
2093 3825 2287 3883 locum
2320 3825 2645 3899 aggravari,
2677 3822 2961 3879 immissis
2993 3819 3338 3888 fossoribus,
3371 3834 3534 3875 scro-

1890 3921 1990 3975 bes
2021 3917 2284 3989 praeoipit
2307 3916 2572 3989 ingentes
2603 3914 2761 3969 intus
2792 3912 2937 3968 colle
2967 3911 3196 3974 suffodi,
3231 3908 3534 3966 trabibus-

1890 4024 2001 4081 que
2020 4012 2077 4063 et
2106 4004 2302 4078 lignea
2360 4002 2603 4059 materia
2632 4001 2952 4058 sustentari
2990 4018 3003 4056 :
3038 4000 3251 4057 deinde
3283 3999 3536 4071 receptis

1891 4095 2238 4162 artificibus,
2261 4092 2704 4165 igneimmisso,
2735 4106 3023 4148 succensa
3053 4105 3186 4163 quae
3214 4088 3377 4146 intus
3408 4092 3538 4145 erat

1895 4184 2153 4250 materia,
2186 4182 2351 4240 collis
2382 4181 2678 4250 subsedit3
2709 4185 2767 4238 et
2804 4180 2952 4237 turri
2983 4196 3112 4252 quae
3170 4176 3536 4250 superposita

1891 4283 2033 4345 erat,
2062 4290 2196 4330 cum
2256 4272 2479 4345 ingenti
2538 4273 2765 4343 fragore
2812 4270 3060 4343 conspe,
3084 4270 3279 4326 timuit
3334 4284 3434 4325 rex
3464 4284 3535 4325 ne

133 4363 485 4431 gnoscentes
536 4364 757 4430 autem,
790 4363 889 4432 qni
948 4363 1007 4417 in
1042 4363 1400 4419 suburbanis
1439 4363 1782 4422 habitabant
1811 4367 1860 4430 1)
1889 4381 2030 4421 casu
2053 4363 2231 4420 simili
2261 4361 2595 4419 universnm
2620 4360 2955 4434 praesidium
2975 4359 3034 4415 in
3052 4375 3304 4431 praeceps
3319 4360 3535 4426 rueret,

133 4446 339 4516 anci,
366 4450 519 4520 quod
557 4449 665 4505 hac
697 4450 902 4507 fraude
960 4467 1077 4520 rex,
1110 4456 1169 4508 et
1198 4453 1298 4524 qui
1331 4468 1462 4508 cum
1494 4469 1560 4510 eo
1619 4456 1782 4512 intus

131 4541 323 4606 erant,
381 4543 645 4595 castrum
701 4541 1097 4609 obtinuerant,
1146 4558 1307 4598 arma
1362 4543 1702 4616 corripiunt,
1726 4551 1783 4602 et

133 4628 205 4682 ad
262 4624 459 4684 locum
509 4630 871 4699 accedentes,
916 4634 1233 4702 procurant
1297 4631 1659 4705 diligentius,
1718 4640 1785 4692 ut

134 4714 347 4772 saltem
380 4732 566 4788 usque
594 4720 665 4775 ad
726 4719 1041 4776 adventum
1100 4719 1267 4777 Balao
1298 4721 1518 4778 domini
1542 4722 1656 4792 sui,
1689 4724 1784 4781 his

136 4804 239 4875 qni
289 4804 348 4859 in
402 4808 618 4880 oppido
665 4817 850 4877 erant,
911 4809 1187 4867 introitus
1239 4816 1451 4884 negent
1489 4820 1542 4870 et
1571 4813 1779 4870 exitus.

134 4892 349 4950 Comes
393 4899 586 4954 tamen
644 4898 994 4967 Joscelinus,
1056 4901 1371 4972 assumptis
1429 4901 1543 4957 sibi
1594 4902 1784 4959 tribus

136 4983 337 5053 sociis,
374 5002 624 5058 quorum
650 4989 797 5044 duos
845 4987 1071 5046 itineris
1100 4988 1341 5045 baberet
1369 4989 1633 5059 comites,
1664 4995 1785 5048 ter·

132 5073 282 5129 tium
315 5075 389 5130 ad
419 5075 727 5133 dominum
755 5093 954 5151 regem
988 5077 1059 5134 ds
1089 5082 1248 5134 statu
1282 5095 1390 5134 suo
1421 5078 1785 5151 significans,

138 5162 343 5219 statim
400 5165 745 5237 remitteret,
805 5166 1060 5224 hostiurn
1118 5184 1178 5223 se
1216 5167 1785 5237 exponensinsidiis,

137 5266 412 5325 egressus
467 5259 591 5324 est;
633 5259 690 5313 et
747 5255 978 5313 Domini
1029 5260 1329 5328 protectus
1364 5256 1785 5325 misericordia,

139 5341 552 5413 ignorantibus
601 5344 694 5403 his
743 5345 843 5417 qui
901 5351 1161 5401 castrum
1227 5346 1595 5416 obsederant,
1651 5362 1786 5405 cnm

136 5431 356 5492 duolus
398 5436 782 5506 consortibus,
814 5440 880 5493 ut
906 5435 1361 5508 praeordinatum
1396 5435 1601 5506 iuerat,
1632 5437 1785 5496 viam

1891 4463 2147 4512 castrum
2170 4454 2341 4510 Balac
2371 4452 2549 4509 nullis
2589 4452 2944 4524 interpositis
2994 4447 3427 4507 conditionibus
3449 4462 3536 4503 re-

1892 4545 2169 4617 signavit.
2190 4544 2300 4609 Qui
2356 4542 2594 4600 obtento
2648 4545 2860 4609 castro,
2891 4540 3125 4596 domino
3152 4537 3290 4606 regi,
3323 4540 3381 4592 et
3410 4535 3539 4592 oui-

1893 4636 2028 4691 dam
2063 4633 2258 4705 nepoti
2291 4648 2420 4699 suo,
2457 4632 2696 4687 domino
2746 4643 2978 4700 quoque
2999 4626 3323 4684 Galeranno
3354 4621 3537 4680 vitam

1893 4722 2141 4779 indulsit
2168 4740 2181 4790 ;
2214 4737 2431 4793 eosque
2461 4720 2522 4775 in
2550 4719 2806 4786 carram,
2828 4716 3124 4773 civitatem
3154 4713 3384 4769 Edessae
3401 4711 3540 4770 vici·

1897 4828 2031 4869 nam
2063 4811 2291 4866 vinctos
2312 4808 2692 4880 compedibus
2723 4805 2981 4879 praecipit
3014 4800 3333 4875 deportari,
3355 4810 3409 4859 et
3438 4817 3537 4860 eos

1895 4901 2112 4973 ibidem
2160 4899 2269 4956 sub
2318 4903 2473 4955 arcta
2520 4895 2847 4954 conservari
2903 4893 3187 4951 custodia.
3221 4891 3535 4949 Praediotos

1897 4994 2092 5046 autem
2155 4987 2486 5057 Armenios,
2521 4988 2670 5043 viros
2720 4990 2990 5041 strenuos
3016 4992 3068 5040 et
3092 4982 3309 5050 fideles,
3333 4982 3434 5054 qui
3464 4986 3530 5037 ut

1897 5095 2091 5153 regem
2109 5083 2167 5135 et
2195 5075 2500 5134 dominum
2533 5092 2708 5133 suum
2742 5093 2774 5131 a
2796 5072 3043 5130 vinculis
3074 5072 3386 5133 solverent.
3413 5073 3539 5128 tan-

1896 5170 1972 5227 tis
2001 5186 2060 5226 se
2091 5171 2478 5242 exposuerant
2527 5165 2816 5239 periculis,
2848 5163 3020 5220 variis
3050 5161 3242 5219 affecit
3259 5160 3537 5219 cruciati·

1896 5261 2028 5315 bus.
2059 5257 2219 5314 Alios
2278 5255 2430 5314 enim
2488 5258 2647 5312 vivos
2696 5253 2978 5311 decoriari
3010 5251 3167 5318 fecit,
3198 5250 3347 5308 alios
3377 5267 3541 5310 serra

1898 5346 2077 5403 dividi
2135 5363 2234 5418 per
2282 5347 2564 5417 medium,
2590 5345 2735 5403 alios
2783 5344 3038 5400 viventes
3095 5339 3350 5415 sepeliri,
3391 5340 3540 5401 alios

1899 5435 2096 5510 pueris
2123 5434 2244 5494 suis
2283 5436 2452 5508 quasi
2509 5436 2745 5510 signum
2789 5433 2864 5494 ad
2912 5431 3313 5506 sagittandum
3344 5431 3536 5500 tradi;
