<?xml version="1.0" encoding="UTF-8"?>
<!DOCTYPE html PUBLIC "-//W3C//DTD XHTML 1.0 Transitional//EN"
    "http://www.w3.org/TR/xhtml1/DTD/xhtml1-transitional.dtd">
<html xmlns="http://www.w3.org/1999/xhtml" xml:lang="en" lang="en">
 <head>
  <title>
</title>
<meta http-equiv="Content-Type" content="text/html;charset=utf-8" />
  <meta name='ocr-system' content='tesseract 3.04.00' />
  <meta name='ocr-capabilities' content='ocr_page ocr_carea ocr_par ocr_line ocrx_word'/>
</head>
<body>
  <div class='ocr_page' id='page_1' title='image "./patrologiaecurs32goog_0141.png"; bbox 0 0 3784 6000; ppageno 0'>
   <div class='ocr_carea' id='block_1_1' title="bbox 141 265 268 334">
    <p class='ocr_par' dir='ltr' id='par_1_1' title="bbox 141 265 268 334">
     <span class='ocr_line' id='line_1_1' title="bbox 141 265 268 334; baseline 0 0"><span class='ocrx_word' id='word_1_1' title='bbox 141 265 268 334; x_wconf 70' lang='lat'>2¹13</span> 
     </span>
    </p>
   </div>
   <div class='ocr_carea' id='block_1_2' title="bbox 1074 274 2646 340">
    <p class='ocr_par' dir='ltr' id='par_1_2' title="bbox 1074 274 2646 340">
     <span class='ocr_line' id='line_1_2' title="bbox 1074 274 2646 340; baseline 0.002 -4"><span class='ocrx_word' id='word_1_2' title='bbox 1074 274 1280 338; x_wconf 81' lang='lat' dir='ltr'><strong>HIST.</strong></span> <span class='ocrx_word' id='word_1_3' title='bbox 1324 275 1607 339; x_wconf 84' lang='lat' dir='ltr'>RERUM</span> <span class='ocrx_word' id='word_1_4' title='bbox 1650 276 2184 340; x_wconf 70' lang='lat' dir='ltr'>TRANSMARIN.</span> <span class='ocrx_word' id='word_1_5' title='bbox 2227 309 2309 326; x_wconf 91' lang='lat'>—</span> <span class='ocrx_word' id='word_1_6' title='bbox 2350 275 2492 339; x_wconf 87' lang='lat' dir='ltr'><strong>LIB.</strong></span> <span class='ocrx_word' id='word_1_7' title='bbox 2537 274 2646 339; x_wconf 82' lang='lat'>111.</span> 
     </span>
    </p>
   </div>
   <div class='ocr_carea' id='block_1_3' title="bbox 3449 284 3567 344">
    <p class='ocr_par' dir='ltr' id='par_1_3' title="bbox 3449 284 3567 344">
     <span class='ocr_line' id='line_1_3' title="bbox 3449 284 3567 344; baseline 0 0"><span class='ocrx_word' id='word_1_8' title='bbox 3449 284 3567 344; x_wconf 67' lang='lat'>274</span> 
     </span>
    </p>
   </div>
   <div class='ocr_carea' id='block_1_4' title="bbox 139 403 3564 576">
    <p class='ocr_par' dir='ltr' id='par_1_4' title="bbox 139 403 3564 576">
     <span class='ocr_line' id='line_1_4' title="bbox 139 403 3564 486; baseline 0.003 -25"><span class='ocrx_word' id='word_1_9' title='bbox 139 403 299 461; x_wconf 79' lang='lat' dir='ltr'>circa</span> <span class='ocrx_word' id='word_1_10' title='bbox 329 403 551 463; x_wconf 82' lang='lat' dir='ltr'>hiemis</span> <span class='ocrx_word' id='word_1_11' title='bbox 588 404 913 478; x_wconf 76' lang='lat' dir='ltr'>ingruentis</span> <span class='ocrx_word' id='word_1_12' title='bbox 944 406 1134 479; x_wconf 75' lang='lat' dir='ltr'>initia,</span> <span class='ocrx_word' id='word_1_13' title='bbox 1168 409 1225 465; x_wconf 90' lang='lat' dir='ltr'>in</span> <span class='ocrx_word' id='word_1_14' title='bbox 1248 409 1513 482; x_wconf 77' lang='lat' dir='ltr'><strong>Apuliam</strong></span> <span class='ocrx_word' id='word_1_15' title='bbox 1563 410 1804 467; x_wconf 74' lang='lat' dir='ltr'>descen·</span> <span class='ocrx_word' id='word_1_16' title='bbox 1837 414 1890 482; x_wconf 74' lang='grc' dir='ltr'><strong>Α</strong></span> <span class='ocrx_word' id='word_1_17' title='bbox 1924 412 2228 469; x_wconf 82' lang='lat' dir='ltr'>charitatis</span> <span class='ocrx_word' id='word_1_18' title='bbox 2258 411 2551 486; x_wconf 88' lang='lat' dir='ltr'>amplexu,</span> <span class='ocrx_word' id='word_1_19' title='bbox 2602 417 2660 469; x_wconf 92' lang='lat' dir='ltr'>et</span> <span class='ocrx_word' id='word_1_20' title='bbox 2707 410 2974 470; x_wconf 80' lang='lat' dir='ltr'>omnium</span> <span class='ocrx_word' id='word_1_21' title='bbox 3023 416 3406 472; x_wconf 77' lang='lat' dir='ltr'><strong>concurrente</strong></span> <span class='ocrx_word' id='word_1_22' title='bbox 3435 427 3564 470; x_wconf 85' lang='lat' dir='ltr'>sus·</span> 
     </span>
     <span class='ocr_line' id='line_1_5' title="bbox 140 495 3564 576; baseline 0.002 -24"><span class='ocrx_word' id='word_1_23' title='bbox 140 499 397 564; x_wconf 79' lang='lat' dir='ltr'>derant,</span> <span class='ocrx_word' id='word_1_24' title='bbox 448 495 701 567; x_wconf 80' lang='lat' dir='ltr'>aliisque</span> <span class='ocrx_word' id='word_1_25' title='bbox 762 499 1112 555; x_wconf 88' lang='lat' dir='ltr'>Durachinm</span> <span class='ocrx_word' id='word_1_26' title='bbox 1172 502 1634 567; x_wconf 77' lang='lat' dir='ltr'>transeuntibus,</span> <span class='ocrx_word' id='word_1_27' title='bbox 1695 502 1807 571; x_wconf 88' lang='lat' dir='ltr'>ipsi</span> <span class='ocrx_word' id='word_1_28' title='bbox 1919 505 2066 572; x_wconf 89' lang='lat' dir='ltr'>cepti</span> <span class='ocrx_word' id='word_1_29' title='bbox 2101 504 2406 562; x_wconf 74' lang='lat' dir='ltr'>desiderio.</span> <span class='ocrx_word' id='word_1_30' title='bbox 2443 505 2630 560; x_wconf 85' lang='lat' dir='ltr'>locuni</span> <span class='ocrx_word' id='word_1_31' title='bbox 2681 504 2790 558; x_wconf 86' lang='lat' dir='ltr'>sibi</span> <span class='ocrx_word' id='word_1_32' title='bbox 2841 507 3185 576; x_wconf 88' lang='lat' dir='ltr'>deputatum</span> <span class='ocrx_word' id='word_1_33' title='bbox 3239 505 3564 560; x_wconf 72' lang='lat' dir='ltr'>obtinentes</span> 
     </span>
    </p>
   </div>
   <div class='ocr_carea' id='block_1_5' title="bbox 114 583 1805 3168">
    <p class='ocr_par' dir='ltr' id='par_1_5' title="bbox 114 583 1805 3168">
     <span class='ocr_line' id='line_1_6' title="bbox 143 583 1805 662; baseline 0.005 -23"><span class='ocrx_word' id='word_1_34' title='bbox 143 583 438 656; x_wconf 82' lang='lat' dir='ltr'>temporis</span> <span class='ocrx_word' id='word_1_35' title='bbox 487 585 865 643; x_wconf 69' lang='lat' dir='ltr'>abhorrentes</span> <span class='ocrx_word' id='word_1_36' title='bbox 910 591 1307 657; x_wconf 88' lang='lat' dir='ltr'>asperitatem,</span> <span class='ocrx_word' id='word_1_37' title='bbox 1351 601 1462 645; x_wconf 84' lang='lat' dir='ltr'>iam</span> <span class='ocrx_word' id='word_1_38' title='bbox 1497 593 1553 645; x_wconf 90' lang='lat' dir='ltr'>in</span> <span class='ocrx_word' id='word_1_39' title='bbox 1598 593 1805 662; x_wconf 85' lang='lat' dir='ltr'>Apulia</span> 
     </span>
     <span class='ocr_line' id='line_1_7' title="bbox 143 675 1804 745; baseline 0.005 -15"><span class='ocrx_word' id='word_1_40' title='bbox 143 690 319 745; x_wconf 79' lang='lat' dir='ltr'>quam</span> <span class='ocrx_word' id='word_1_41' title='bbox 385 675 444 730; x_wconf 88' lang='lat' dir='ltr'>in</span> <span class='ocrx_word' id='word_1_42' title='bbox 501 676 872 733; x_wconf 67' lang='lat' dir='ltr'>calabrorum</span> <span class='ocrx_word' id='word_1_43' title='bbox 925 679 1140 735; x_wconf 78' lang='lat' dir='ltr'>sinibus</span> <span class='ocrx_word' id='word_1_44' title='bbox 1187 681 1246 734; x_wconf 89' lang='lat' dir='ltr'>in</span> <span class='ocrx_word' id='word_1_45' title='bbox 1296 680 1438 735; x_wconf 92' lang='lat' dir='ltr'>locis</span> <span class='ocrx_word' id='word_1_46' title='bbox 1485 683 1804 739; x_wconf 73' lang='lat' dir='ltr'>commodis</span> 
     </span>
     <span class='ocr_line' id='line_1_8' title="bbox 139 761 1804 839; baseline 0.003 -18"><span class='ocrx_word' id='word_1_47' title='bbox 139 761 403 821; x_wconf 73' lang='lat' dir='ltr'>hiemem</span> <span class='ocrx_word' id='word_1_48' title='bbox 435 772 863 839; x_wconf 77' lang='lat' dir='ltr'>transegerunt.</span> <span class='ocrx_word' id='word_1_49' title='bbox 895 767 1152 825; x_wconf 81' lang='lat' dir='ltr'>Tandem</span> <span class='ocrx_word' id='word_1_50' title='bbox 1175 786 1305 825; x_wconf 89' lang='lat' dir='ltr'>vero</span> <span class='ocrx_word' id='word_1_51' title='bbox 1337 771 1490 826; x_wconf 90' lang='lat' dir='ltr'>circa</span> <span class='ocrx_word' id='word_1_52' title='bbox 1519 773 1666 826; x_wconf 79' lang='lat' dir='ltr'>veris</span> <span class='ocrx_word' id='word_1_53' title='bbox 1695 771 1804 827; x_wconf 89' lang='lat' dir='ltr'>ini-</span> 
     </span>
     <span class='ocr_line' id='line_1_9' title="bbox 137 854 1801 931; baseline 0.006 -24"><span class='ocrx_word' id='word_1_54' title='bbox 137 854 290 910; x_wconf 83' lang='lat' dir='ltr'>tium</span> <span class='ocrx_word' id='word_1_55' title='bbox 321 855 670 912; x_wconf 78' lang='lat' dir='ltr'>convocatis</span> <span class='ocrx_word' id='word_1_56' title='bbox 710 855 817 912; x_wconf 69' lang='lat' dir='ltr'>vio</span> <span class='ocrx_word' id='word_1_57' title='bbox 866 859 1235 915; x_wconf 69' lang='lat' dir='ltr'>consortibus</span> <span class='ocrx_word' id='word_1_58' title='bbox 1273 866 1331 915; x_wconf 90' lang='lat' dir='ltr'>et</span> <span class='ocrx_word' id='word_1_59' title='bbox 1358 860 1699 931; x_wconf 91' lang='lat' dir='ltr'>compositis</span> <span class='ocrx_word' id='word_1_60' title='bbox 1728 858 1801 917; x_wconf 86' lang='lat' dir='ltr'>ad</span> 
     </span>
     <span class='ocr_line' id='line_1_10' title="bbox 134 941 1799 1015; baseline 0.004 -17"><span class='ocrx_word' id='word_1_61' title='bbox 134 941 246 999; x_wconf 86' lang='lat' dir='ltr'>iter</span> <span class='ocrx_word' id='word_1_62' title='bbox 274 942 534 1000; x_wconf 75' lang='lat' dir='ltr'>sarcinis</span> <span class='ocrx_word' id='word_1_63' title='bbox 561 945 633 1002; x_wconf 90' lang='lat' dir='ltr'>ad</span> <span class='ocrx_word' id='word_1_64' title='bbox 669 961 826 1002; x_wconf 89' lang='lat' dir='ltr'>mars</span> <span class='ocrx_word' id='word_1_65' title='bbox 871 948 1304 1015; x_wconf 80' lang='lat' dir='ltr'>descendentes,</span> <span class='ocrx_word' id='word_1_66' title='bbox 1335 948 1583 1005; x_wconf 84' lang='lat' dir='ltr'>aliorum</span> <span class='ocrx_word' id='word_1_67' title='bbox 1613 948 1799 1005; x_wconf 87' lang='lat' dir='ltr'>secuti</span> 
     </span>
     <span class='ocr_line' id='line_1_11' title="bbox 129 1031 1798 1107; baseline 0.005 -19"><span class='ocrx_word' id='word_1_68' title='bbox 129 1032 414 1104; x_wconf 76' lang='lat' dir='ltr'>vestigia,</span> <span class='ocrx_word' id='word_1_69' title='bbox 445 1031 803 1091; x_wconf 88' lang='lat' dir='ltr'>Duracbium</span> <span class='ocrx_word' id='word_1_70' title='bbox 834 1043 1235 1107; x_wconf 83' lang='lat' dir='ltr'>pervenerunt.</span> <span class='ocrx_word' id='word_1_71' title='bbox 1272 1039 1430 1096; x_wconf 88' lang='lat' dir='ltr'>Unde</span> <span class='ocrx_word' id='word_1_72' title='bbox 1459 1038 1798 1096; x_wconf 88' lang='lat' dir='ltr'>continuato</span> 
     </span>
     <span class='ocr_line' id='line_1_12' title="bbox 129 1120 1796 1198; baseline 0.003 -19"><span class='ocrx_word' id='word_1_73' title='bbox 129 1120 373 1190; x_wconf 88' lang='lat' dir='ltr'>itinere,</span> <span class='ocrx_word' id='word_1_74' title='bbox 406 1138 630 1180; x_wconf 85' lang='lat' dir='ltr'>moram</span> <span class='ocrx_word' id='word_1_75' title='bbox 661 1141 839 1195; x_wconf 90' lang='lat' dir='ltr'>quam</span> <span class='ocrx_word' id='word_1_76' title='bbox 872 1127 1127 1183; x_wconf 79' lang='lat' dir='ltr'>fecerant</span> <span class='ocrx_word' id='word_1_77' title='bbox 1162 1127 1220 1183; x_wconf 93' lang='lat' dir='ltr'>in</span> <span class='ocrx_word' id='word_1_78' title='bbox 1252 1125 1481 1198; x_wconf 77' lang='lat' dir='ltr'>Apulia,</span> <span class='ocrx_word' id='word_1_79' title='bbox 1513 1128 1796 1184; x_wconf 79' lang='lat' dir='ltr'>redimere</span> 
     </span>
     <span class='ocr_line' id='line_1_13' title="bbox 125 1210 1791 1288; baseline 0.003 -20"><span class='ocrx_word' id='word_1_80' title='bbox 125 1210 461 1282; x_wconf 82' lang='lat' dir='ltr'>cupientes,</span> <span class='ocrx_word' id='word_1_81' title='bbox 492 1228 627 1269; x_wconf 85' lang='lat' dir='ltr'>cum</span> <span class='ocrx_word' id='word_1_82' title='bbox 657 1218 817 1272; x_wconf 88' lang='lat' dir='ltr'>omni</span> <span class='ocrx_word' id='word_1_83' title='bbox 852 1216 1129 1273; x_wconf 80' lang='lat' dir='ltr'>instantia</span> <span class='ocrx_word' id='word_1_84' title='bbox 1168 1219 1279 1273; x_wconf 92' lang='lat' dir='ltr'>iter</span> <span class='ocrx_word' id='word_1_85' title='bbox 1309 1224 1606 1288; x_wconf 74' lang='lat' dir='ltr'>peragunt,</span> <span class='ocrx_word' id='word_1_86' title='bbox 1638 1217 1791 1273; x_wconf 87' lang='lat' dir='ltr'>Tan·</span> 
     </span>
     <span class='ocr_line' id='line_1_14' title="bbox 127 1299 1793 1380; baseline 0.003 -22"><span class='ocrx_word' id='word_1_87' title='bbox 127 1299 408 1375; x_wconf 81' lang='lat' dir='ltr'>demque,</span> <span class='ocrx_word' id='word_1_88' title='bbox 442 1301 689 1359; x_wconf 87' lang='lat' dir='ltr'>Domino</span> <span class='ocrx_word' id='word_1_89' title='bbox 716 1305 1059 1377; x_wconf 79' lang='lat' dir='ltr'>opitulante,</span> <span class='ocrx_word' id='word_1_90' title='bbox 1106 1314 1302 1370; x_wconf 87' lang='lat' dir='ltr'>optata</span> <span class='ocrx_word' id='word_1_91' title='bbox 1335 1308 1424 1363; x_wconf 90' lang='lat' dir='ltr'>usi</span> <span class='ocrx_word' id='word_1_92' title='bbox 1456 1309 1793 1380; x_wconf 80' lang='lat' dir='ltr'>tranquilli-</span> 
     </span>
     <span class='ocr_line' id='line_1_15' title="bbox 129 1391 1786 1469; baseline 0.004 -23"><span class='ocrx_word' id='word_1_93' title='bbox 129 1395 268 1460; x_wconf 81' lang='lat' dir='ltr'>tate,</span> <span class='ocrx_word' id='word_1_94' title='bbox 302 1391 580 1448; x_wconf 84' lang='lat' dir='ltr'>decursis</span> <span class='ocrx_word' id='word_1_95' title='bbox 602 1394 807 1450; x_wconf 80' lang='lat' dir='ltr'>mediis</span> <span class='ocrx_word' id='word_1_96' title='bbox 856 1395 1189 1468; x_wconf 86' lang='lat' dir='ltr'>provinciis,</span> <span class='ocrx_word' id='word_1_97' title='bbox 1224 1396 1451 1469; x_wconf 80' lang='lat' dir='ltr'>Illyrico</span> <span class='ocrx_word' id='word_1_98' title='bbox 1499 1398 1786 1462; x_wconf 82' lang='lat' dir='ltr'>videlicet,</span> 
     </span>
     <span class='ocr_line' id='line_1_16' title="bbox 137 1477 1787 1560; baseline 0.004 -24"><span class='ocrx_word' id='word_1_99' title='bbox 137 1477 485 1537; x_wconf 69' lang='lat' dir='ltr'>Uaeedonia</span> <span class='ocrx_word' id='word_1_100' title='bbox 526 1488 585 1539; x_wconf 87' lang='lat' dir='ltr'>et</span> <span class='ocrx_word' id='word_1_101' title='bbox 632 1494 875 1557; x_wconf 88' lang='lat' dir='ltr'>utraque</span> <span class='ocrx_word' id='word_1_102' title='bbox 912 1485 1180 1555; x_wconf 86' lang='lat' dir='ltr'>Thracia,</span> <span class='ocrx_word' id='word_1_103' title='bbox 1225 1486 1787 1560; x_wconf 81' lang='lat' dir='ltr'>Constantinopolim</span> 
     </span>
     <span class='ocr_line' id='line_1_17' title="bbox 137 1573 1789 1648; baseline 0.004 -22"><span class='ocrx_word' id='word_1_104' title='bbox 137 1576 573 1643; x_wconf 78' lang='lat' dir='ltr'>pervenerunt:</span> <span class='ocrx_word' id='word_1_105' title='bbox 621 1573 720 1630; x_wconf 91' lang='lat' dir='ltr'>ubi</span> <span class='ocrx_word' id='word_1_106' title='bbox 756 1574 937 1630; x_wconf 83' lang='lat' dir='ltr'>vocati</span> <span class='ocrx_word' id='word_1_107' title='bbox 977 1592 1011 1631; x_wconf 89' lang='lat' dir='ltr'>a</span> <span class='ocrx_word' id='word_1_108' title='bbox 1049 1576 1285 1632; x_wconf 89' lang='lat' dir='ltr'>domino</span> <span class='ocrx_word' id='word_1_109' title='bbox 1312 1578 1683 1648; x_wconf 79' lang='lat' dir='ltr'>imperatore,</span> <span class='ocrx_word' id='word_1_110' title='bbox 1733 1581 1789 1633; x_wconf 90' lang='lat' dir='ltr'>et</span> 
     </span>
     <span class='ocr_line' id='line_1_18' title="bbox 138 1660 1785 1734; baseline 0.004 -18"><span class='ocrx_word' id='word_1_111' title='bbox 138 1674 300 1716; x_wconf 80' lang='lat' dir='ltr'>more</span> <span class='ocrx_word' id='word_1_112' title='bbox 329 1660 588 1717; x_wconf 80' lang='lat' dir='ltr'>aliorum</span> <span class='ocrx_word' id='word_1_113' title='bbox 620 1661 902 1734; x_wconf 89' lang='lat' dir='ltr'>palatium</span> <span class='ocrx_word' id='word_1_114' title='bbox 942 1663 1215 1734; x_wconf 86' lang='lat' dir='ltr'>ingressi,</span> <span class='ocrx_word' id='word_1_115' title='bbox 1245 1666 1318 1719; x_wconf 90' lang='lat' dir='ltr'>ab</span> <span class='ocrx_word' id='word_1_116' title='bbox 1338 1666 1539 1721; x_wconf 90' lang='lat' dir='ltr'>eodem</span> <span class='ocrx_word' id='word_1_117' title='bbox 1571 1672 1630 1722; x_wconf 89' lang='lat' dir='ltr'>et</span> <span class='ocrx_word' id='word_1_118' title='bbox 1660 1666 1785 1723; x_wconf 86' lang='lat' dir='ltr'>suis</span> 
     </span>
     <span class='ocr_line' id='line_1_19' title="bbox 139 1748 1786 1823; baseline 0.005 -21"><span class='ocrx_word' id='word_1_119' title='bbox 139 1748 236 1823; x_wconf 79' lang='lat' dir='ltr'>qni</span> <span class='ocrx_word' id='word_1_120' title='bbox 268 1752 326 1805; x_wconf 91' lang='lat' dir='ltr'>ei</span> <span class='ocrx_word' id='word_1_121' title='bbox 343 1749 699 1807; x_wconf 81' lang='lat' dir='ltr'>assistebant</span> <span class='ocrx_word' id='word_1_122' title='bbox 727 1750 1234 1822; x_wconf 88' lang='lat' dir='ltr'>illustribus,cum</span> <span class='ocrx_word' id='word_1_123' title='bbox 1269 1754 1454 1811; x_wconf 88' lang='lat' dir='ltr'>multa</span> <span class='ocrx_word' id='word_1_124' title='bbox 1483 1755 1786 1812; x_wconf 81' lang='lat' dir='ltr'>honestate</span> 
     </span>
     <span class='ocr_line' id='line_1_20' title="bbox 138 1839 1782 1916; baseline 0.003 -18"><span class='ocrx_word' id='word_1_125' title='bbox 138 1839 396 1914; x_wconf 74' lang='lat' dir='ltr'>suscepti</span> <span class='ocrx_word' id='word_1_126' title='bbox 427 1846 589 1899; x_wconf 88' lang='lat' dir='ltr'>sunt.</span> <span class='ocrx_word' id='word_1_127' title='bbox 623 1841 881 1899; x_wconf 85' lang='lat' dir='ltr'>Tondem</span> <span class='ocrx_word' id='word_1_128' title='bbox 916 1851 1049 1916; x_wconf 89' lang='lat' dir='ltr'>post</span> <span class='ocrx_word' id='word_1_129' title='bbox 1071 1844 1258 1900; x_wconf 83' lang='lat' dir='ltr'>multa</span> <span class='ocrx_word' id='word_1_130' title='bbox 1278 1846 1545 1915; x_wconf 86' lang='lat' dir='ltr'>consilia,</span> <span class='ocrx_word' id='word_1_131' title='bbox 1567 1852 1625 1901; x_wconf 91' lang='lat' dir='ltr'>et</span> <span class='ocrx_word' id='word_1_132' title='bbox 1653 1862 1782 1903; x_wconf 89' lang='lat' dir='ltr'>cum</span> 
     </span>
     <span class='ocr_line' id='line_1_21' title="bbox 134 1927 1788 2009; baseline 0.003 -23"><span class='ocrx_word' id='word_1_133' title='bbox 134 1927 251 1986; x_wconf 80' lang='lat' dir='ltr'>illie</span> <span class='ocrx_word' id='word_1_134' title='bbox 281 1930 485 1987; x_wconf 84' lang='lat' dir='ltr'>tribus</span> <span class='ocrx_word' id='word_1_135' title='bbox 531 1932 941 2002; x_wconf 88' lang='lat' dir='ltr'>communiter,</span> <span class='ocrx_word' id='word_1_136' title='bbox 990 1940 1217 1990; x_wconf 90' lang='lat' dir='ltr'>etcum</span> <span class='ocrx_word' id='word_1_137' title='bbox 1276 1952 1478 1990; x_wconf 91' lang='lat' dir='ltr'>eorum</span> <span class='ocrx_word' id='word_1_138' title='bbox 1527 1936 1788 2009; x_wconf 89' lang='lat' dir='ltr'>quolibet</span> 
     </span>
     <span class='ocr_line' id='line_1_22' title="bbox 132 2018 1786 2095; baseline 0.003 -21"><span class='ocrx_word' id='word_1_139' title='bbox 132 2032 394 2075; x_wconf 60' lang='lat' dir='ltr'>morsum</span> <span class='ocrx_word' id='word_1_140' title='bbox 430 2018 653 2089; x_wconf 85' lang='lat' dir='ltr'>hubita,</span> <span class='ocrx_word' id='word_1_141' title='bbox 687 2019 742 2075; x_wconf 91' lang='lat' dir='ltr'>id</span> <span class='ocrx_word' id='word_1_142' title='bbox 782 2020 977 2093; x_wconf 88' lang='lat' dir='ltr'>ipsum</span> <span class='ocrx_word' id='word_1_143' title='bbox 1025 2023 1179 2095; x_wconf 90' lang='lat' dir='ltr'>quod</span> <span class='ocrx_word' id='word_1_144' title='bbox 1220 2025 1294 2078; x_wconf 92' lang='lat' dir='ltr'>ab</span> <span class='ocrx_word' id='word_1_145' title='bbox 1340 2024 1473 2080; x_wconf 90' lang='lat' dir='ltr'>aliis</span> <span class='ocrx_word' id='word_1_146' title='bbox 1511 2026 1786 2080; x_wconf 89' lang='lat' dir='ltr'>obtinue-</span> 
     </span>
     <span class='ocr_line' id='line_1_23' title="bbox 131 2106 1782 2185; baseline 0.005 -20"><span class='ocrx_word' id='word_1_147' title='bbox 131 2114 286 2173; x_wconf 78' lang='lat' dir='ltr'>rant.</span> <span class='ocrx_word' id='word_1_148' title='bbox 323 2106 562 2166; x_wconf 81' lang='lat' dir='ltr'>blandis</span> <span class='ocrx_word' id='word_1_149' title='bbox 585 2110 1065 2182; x_wconf 71' lang='lat' dir='ltr'>persuasionibus</span> <span class='ocrx_word' id='word_1_150' title='bbox 1083 2117 1142 2168; x_wconf 91' lang='lat' dir='ltr'>et</span> <span class='ocrx_word' id='word_1_151' title='bbox 1162 2112 1342 2168; x_wconf 84' lang='lat' dir='ltr'>multa</span> <span class='ocrx_word' id='word_1_152' title='bbox 1365 2113 1782 2185; x_wconf 71' lang='lat' dir='ltr'>pollicitatione</span> 
     </span>
     <span class='ocr_line' id='line_1_24' title="bbox 129 2197 1779 2274; baseline 0.004 -21"><span class='ocrx_word' id='word_1_153' title='bbox 129 2197 318 2254; x_wconf 79' lang='lat' dir='ltr'>abeis</span> <span class='ocrx_word' id='word_1_154' title='bbox 355 2197 646 2255; x_wconf 71' lang='lat' dir='ltr'>instanter</span> <span class='ocrx_word' id='word_1_155' title='bbox 691 2200 1011 2273; x_wconf 85' lang='lat' dir='ltr'>postulant.</span> <span class='ocrx_word' id='word_1_156' title='bbox 1058 2203 1131 2259; x_wconf 81' lang='lat' dir='ltr'>Hi</span> <span class='ocrx_word' id='word_1_157' title='bbox 1178 2219 1311 2259; x_wconf 86' lang='lat' dir='ltr'>vero</span> <span class='ocrx_word' id='word_1_158' title='bbox 1370 2204 1616 2259; x_wconf 89' lang='lat' dir='ltr'>aliorum</span> <span class='ocrx_word' id='word_1_159' title='bbox 1668 2220 1779 2274; x_wconf 67' lang='lat' dir='ltr'>pra!</span> 
     </span>
     <span class='ocr_line' id='line_1_25' title="bbox 124 2286 1779 2363; baseline 0.002 -19"><span class='ocrx_word' id='word_1_160' title='bbox 124 2286 318 2344; x_wconf 73' lang='lat' dir='ltr'>oculis</span> <span class='ocrx_word' id='word_1_161' title='bbox 369 2287 649 2344; x_wconf 82' lang='lat' dir='ltr'>babentes</span> <span class='ocrx_word' id='word_1_162' title='bbox 696 2290 1023 2363; x_wconf 88' lang='lat' dir='ltr'>exemplum</span> <span class='ocrx_word' id='word_1_163' title='bbox 1075 2291 1262 2363; x_wconf 87' lang='lat' dir='ltr'>(nam</span> <span class='ocrx_word' id='word_1_164' title='bbox 1310 2291 1670 2348; x_wconf 80' lang='lat' dir='ltr'>sufficienter</span> <span class='ocrx_word' id='word_1_165' title='bbox 1707 2292 1779 2349; x_wconf 90' lang='lat' dir='ltr'>de</span> 
     </span>
     <span class='ocr_line' id='line_1_26' title="bbox 121 2376 1777 2452; baseline 0.002 -19"><span class='ocrx_word' id='word_1_166' title='bbox 121 2376 432 2443; x_wconf 74' lang='lat' dir='ltr'>omnibus,</span> <span class='ocrx_word' id='word_1_167' title='bbox 470 2385 787 2450; x_wconf 87' lang='lat' dir='ltr'>antequam</span> <span class='ocrx_word' id='word_1_168' title='bbox 842 2380 911 2437; x_wconf 90' lang='lat' dir='ltr'>ad</span> <span class='ocrx_word' id='word_1_169' title='bbox 964 2382 1373 2452; x_wconf 80' lang='lat' dir='ltr'>imperatorem</span> <span class='ocrx_word' id='word_1_170' title='bbox 1418 2385 1777 2452; x_wconf 79' lang='lat' dir='ltr'>accederent,</span> 
     </span>
     <span class='ocr_line' id='line_1_27' title="bbox 119 2465 1780 2540; baseline 0.002 -17"><span class='ocrx_word' id='word_1_171' title='bbox 119 2465 406 2523; x_wconf 84' lang='lat' dir='ltr'>instructi</span> <span class='ocrx_word' id='word_1_172' title='bbox 440 2467 685 2536; x_wconf 74' lang='lat' dir='ltr'>fuerant,</span> <span class='ocrx_word' id='word_1_173' title='bbox 722 2468 983 2526; x_wconf 85' lang='lat' dir='ltr'>dicentes</span> <span class='ocrx_word' id='word_1_174' title='bbox 1008 2472 1162 2540; x_wconf 90' lang='lat' dir='ltr'>apud</span> <span class='ocrx_word' id='word_1_175' title='bbox 1211 2487 1309 2526; x_wconf 91' lang='lat' dir='ltr'>se:</span> <span class='ocrx_word' id='word_1_176' title='bbox 1346 2477 1457 2529; x_wconf 79' lang='lat' dir='ltr'>Nec</span> <span class='ocrx_word' id='word_1_177' title='bbox 1481 2471 1631 2527; x_wconf 77' lang='lat' dir='ltr'>enim</span> <span class='ocrx_word' id='word_1_178' title='bbox 1661 2488 1780 2527; x_wconf 84' lang='lat' dir='ltr'>ma-</span> 
     </span>
     <span class='ocr_line' id='line_1_28' title="bbox 114 2555 1776 2630; baseline 0.004 -18"><span class='ocrx_word' id='word_1_179' title='bbox 114 2555 264 2627; x_wconf 73' lang='lat' dir='ltr'>jor-es</span> <span class='ocrx_word' id='word_1_180' title='bbox 294 2571 497 2613; x_wconf 72' lang='lat' dir='ltr'>sumus</span> <span class='ocrx_word' id='word_1_181' title='bbox 540 2573 707 2630; x_wconf 77' lang='lat' dir='ltr'>quum</span> <span class='ocrx_word' id='word_1_182' title='bbox 752 2566 935 2626; x_wconf 78' lang='lat' dir='ltr'>patres</span> <span class='ocrx_word' id='word_1_183' title='bbox 964 2560 1142 2616; x_wconf 74' lang='lat' dir='ltr'>nostri</span> <span class='ocrx_word' id='word_1_184' title='bbox 1172 2564 1477 2627; x_wconf 86' lang='lat' dir='ltr'>)exactam</span> <span class='ocrx_word' id='word_1_185' title='bbox 1528 2562 1776 2618; x_wconf 74' lang='lat' dir='ltr'>fidelita-</span> 
     </span>
     <span class='ocr_line' id='line_1_29' title="bbox 121 2648 1776 2722; baseline 0.004 -22"><span class='ocrx_word' id='word_1_186' title='bbox 121 2650 264 2712; x_wconf 83' lang='lat' dir='ltr'>tem,</span> <span class='ocrx_word' id='word_1_187' title='bbox 289 2653 350 2701; x_wconf 90' lang='lat' dir='ltr'>et</span> <span class='ocrx_word' id='word_1_188' title='bbox 382 2648 708 2703; x_wconf 74' lang='lat' dir='ltr'>secundum</span> <span class='ocrx_word' id='word_1_189' title='bbox 730 2650 975 2704; x_wconf 75' lang='lat' dir='ltr'>sormam</span> <span class='ocrx_word' id='word_1_190' title='bbox 1002 2651 1470 2716; x_wconf 81' lang='lat' dir='ltr'>juramentorum</span> <span class='ocrx_word' id='word_1_191' title='bbox 1503 2667 1535 2707; x_wconf 88' lang='lat' dir='ltr'>a</span> <span class='ocrx_word' id='word_1_192' title='bbox 1568 2667 1776 2722; x_wconf 73' lang='lat' dir='ltr'>praece-</span> 
     </span>
     <span class='ocr_line' id='line_1_30' title="bbox 122 2734 1776 2811; baseline 0.004 -21"><span class='ocrx_word' id='word_1_193' title='bbox 122 2734 415 2791; x_wconf 75' lang='lat' dir='ltr'>dentibus</span> <span class='ocrx_word' id='word_1_194' title='bbox 440 2735 838 2794; x_wconf 86' lang='lat' dir='ltr'>exhibitorum</span> <span class='ocrx_word' id='word_1_195' title='bbox 879 2747 1243 2796; x_wconf 82' lang='lat' dir='ltr'>sacramenta</span> <span class='ocrx_word' id='word_1_196' title='bbox 1278 2747 1640 2811; x_wconf 78' lang='lat' dir='ltr'>proestantes,</span> <span class='ocrx_word' id='word_1_197' title='bbox 1673 2744 1776 2796; x_wconf 91' lang='lat' dir='ltr'>im·</span> 
     </span>
     <span class='ocr_line' id='line_1_31' title="bbox 121 2824 1776 2901; baseline 0.004 -22"><span class='ocrx_word' id='word_1_198' title='bbox 121 2824 385 2895; x_wconf 82' lang='lat' dir='ltr'>peratori</span> <span class='ocrx_word' id='word_1_199' title='bbox 424 2840 487 2880; x_wconf 77' lang='lat' dir='ltr'>se</span> <span class='ocrx_word' id='word_1_200' title='bbox 530 2825 957 2898; x_wconf 81' lang='lat' dir='ltr'>obligaverunt.</span> <span class='ocrx_word' id='word_1_201' title='bbox 1003 2828 1164 2885; x_wconf 78' lang='lat' dir='ltr'>Unde</span> <span class='ocrx_word' id='word_1_202' title='bbox 1193 2832 1251 2883; x_wconf 92' lang='lat' dir='ltr'>in</span> <span class='ocrx_word' id='word_1_203' title='bbox 1300 2828 1641 2901; x_wconf 80' lang='lat' dir='ltr'>ampliorem</span> <span class='ocrx_word' id='word_1_204' title='bbox 1686 2846 1776 2886; x_wconf 90' lang='lat' dir='ltr'>re-</span> 
     </span>
     <span class='ocr_line' id='line_1_32' title="bbox 121 2912 1777 2986; baseline 0.003 -17"><span class='ocrx_word' id='word_1_205' title='bbox 121 2912 272 2985; x_wconf 79' lang='lat' dir='ltr'>cepti</span> <span class='ocrx_word' id='word_1_206' title='bbox 303 2913 560 2985; x_wconf 78' lang='lat' dir='ltr'>gratiam</span> <span class='ocrx_word' id='word_1_207' title='bbox 590 2915 750 2984; x_wconf 78' lang='lat' dir='ltr'>digni</span> <span class='ocrx_word' id='word_1_208' title='bbox 783 2915 965 2972; x_wconf 87' lang='lat' dir='ltr'>babiti</span> <span class='ocrx_word' id='word_1_209' title='bbox 995 2924 1153 2984; x_wconf 88' lang='lat' dir='ltr'>sunt,</span> <span class='ocrx_word' id='word_1_210' title='bbox 1187 2924 1250 2972; x_wconf 91' lang='lat' dir='ltr'>ut</span> <span class='ocrx_word' id='word_1_211' title='bbox 1283 2921 1501 2986; x_wconf 81' lang='lat' dir='ltr'>maJora</span> <span class='ocrx_word' id='word_1_212' title='bbox 1534 2936 1777 2976; x_wconf 75' lang='lat' dir='ltr'>munera</span> 
     </span>
     <span class='ocr_line' id='line_1_33' title="bbox 122 3005 1778 3079; baseline 0.004 -19"><span class='ocrx_word' id='word_1_213' title='bbox 122 3011 508 3075; x_wconf 76' lang='lat' dir='ltr'>reportarent.</span> <span class='ocrx_word' id='word_1_214' title='bbox 538 3005 769 3076; x_wconf 74' lang='lat' dir='ltr'>Apertis</span> <span class='ocrx_word' id='word_1_215' title='bbox 804 3023 943 3079; x_wconf 79' lang='lat' dir='ltr'>ergo</span> <span class='ocrx_word' id='word_1_216' title='bbox 980 3008 1217 3076; x_wconf 61' lang='lat' dir='ltr'>aerariis,</span> <span class='ocrx_word' id='word_1_217' title='bbox 1251 3011 1307 3062; x_wconf 91' lang='lat' dir='ltr'>in</span> <span class='ocrx_word' id='word_1_218' title='bbox 1337 3025 1497 3075; x_wconf 89' lang='lat' dir='ltr'>auro,</span> <span class='ocrx_word' id='word_1_219' title='bbox 1520 3012 1778 3066; x_wconf 83' lang='lat' dir='ltr'>vestibus</span> 
     </span>
     <span class='ocr_line' id='line_1_34' title="bbox 122 3092 1775 3168; baseline 0.004 -22"><span class='ocrx_word' id='word_1_220' title='bbox 122 3092 420 3164; x_wconf 77' lang='lat' dir='ltr'>pretiosis,</span> <span class='ocrx_word' id='word_1_221' title='bbox 450 3093 605 3149; x_wconf 82' lang='lat' dir='ltr'>vasis</span> <span class='ocrx_word' id='word_1_222' title='bbox 628 3110 857 3167; x_wconf 78' lang='lat' dir='ltr'>quoque</span> <span class='ocrx_word' id='word_1_223' title='bbox 898 3102 1012 3151; x_wconf 89' lang='lat' dir='ltr'>tam</span> <span class='ocrx_word' id='word_1_224' title='bbox 1048 3097 1289 3152; x_wconf 86' lang='lat' dir='ltr'>materia</span> <span class='ocrx_word' id='word_1_225' title='bbox 1320 3114 1492 3168; x_wconf 83' lang='lat' dir='ltr'>quam</span> <span class='ocrx_word' id='word_1_226' title='bbox 1527 3098 1775 3153; x_wconf 82' lang='lat' dir='ltr'>artifieio</span> 
     </span>
    </p>
   </div>
   <div class='ocr_carea' id='block_1_6' title="bbox 1819 1802 1865 1868">
    <p class='ocr_par' dir='ltr' id='par_1_6' title="bbox 1819 1802 1865 1868">
     <span class='ocr_line' id='line_1_35' title="bbox 1819 1802 1865 1868; baseline 0 0"><span class='ocrx_word' id='word_1_227' title='bbox 1819 1802 1865 1868; x_wconf 92' lang='lat' dir='ltr'><strong>B</strong></span> 
     </span>
    </p>
   </div>
   <div class='ocr_carea' id='block_1_7' title="bbox 1917 595 2510 650">
    <p class='ocr_par' dir='ltr' id='par_1_7' title="bbox 1917 595 2510 650">
     <span class='ocr_line' id='line_1_36' title="bbox 1917 595 2510 650; baseline 0.002 -1"><span class='ocrx_word' id='word_1_228' title='bbox 1917 595 2316 649; x_wconf 83' lang='lat' dir='ltr'>castrametati</span> <span class='ocrx_word' id='word_1_229' title='bbox 2349 599 2510 650; x_wconf 80' lang='lat' dir='ltr'>sunt.</span> 
     </span>
    </p>
   </div>
   <div class='ocr_carea' id='block_1_8' title="bbox 2506 698 2955 756">
    <p class='ocr_par' dir='ltr' id='par_1_8' title="bbox 2506 698 2955 756">
     <span class='ocr_line' id='line_1_37' title="bbox 2506 698 2955 756; baseline -0.009 0"><span class='ocrx_word' id='word_1_230' title='bbox 2506 698 2742 756; x_wconf 74' lang='lat' dir='ltr'>CAPUT</span> <span class='ocrx_word' id='word_1_231' title='bbox 2761 698 2955 755; x_wconf 79' lang='lat' dir='ltr'>xxm.</span> 
     </span>
    </p>
   </div>
   <div class='ocr_carea' id='block_1_9' title="bbox 1897 788 3560 1919">
    <p class='ocr_par' dir='ltr' id='par_1_9' title="bbox 1915 788 3560 989">
     <span class='ocr_line' id='line_1_38' title="bbox 1915 788 3560 860; baseline -0.001 -15"><span class='ocrx_word' id='word_1_232' title='bbox 1915 789 2142 845; x_wconf 74' lang='lat' dir='ltr'>Talium</span> <span class='ocrx_word' id='word_1_233' title='bbox 2180 788 2406 860; x_wconf 80' lang='lat' dir='ltr'>quidam</span> <span class='ocrx_word' id='word_1_234' title='bbox 2455 790 2774 860; x_wconf 79' lang='lat' dir='ltr'>imperatori</span> <span class='ocrx_word' id='word_1_235' title='bbox 2817 789 3149 856; x_wconf 65' lang='lat' dir='ltr'>familiaria,</span> <span class='ocrx_word' id='word_1_236' title='bbox 3183 789 3391 844; x_wconf 75' lang='lat' dir='ltr'>noste-is</span> <span class='ocrx_word' id='word_1_237' title='bbox 3409 803 3560 845; x_wconf 69' lang='lat' dir='ltr'>nuo-</span> 
     </span>
     <span class='ocr_line' id='line_1_39' title="bbox 1979 860 3558 933; baseline 0.002 -18"><span class='ocrx_word' id='word_1_238' title='bbox 1979 861 2161 916; x_wconf 80' lang='lat' dir='ltr'>cictur</span> <span class='ocrx_word' id='word_1_239' title='bbox 2188 861 2550 930; x_wconf 69' lang='lat' dir='ltr'>principibus.</span> <span class='ocrx_word' id='word_1_240' title='bbox 2585 862 2667 916; x_wconf 79' lang='lat' dir='ltr'>vir</span> <span class='ocrx_word' id='word_1_241' title='bbox 2688 860 2945 916; x_wconf 76' lang='lat' dir='ltr'>subdolus</span> <span class='ocrx_word' id='word_1_242' title='bbox 2983 861 3243 923; x_wconf 77' lang='lat' dir='ltr'>nimium.</span> <span class='ocrx_word' id='word_1_243' title='bbox 3277 864 3327 916; x_wconf 75' lang='lat' dir='ltr'>et</span> <span class='ocrx_word' id='word_1_244' title='bbox 3354 861 3558 933; x_wconf 74' lang='lat' dir='ltr'>iniqui·</span> 
     </span>
     <span class='ocr_line' id='line_1_40' title="bbox 1982 931 2411 989; baseline 0.005 -2"><span class='ocrx_word' id='word_1_245' title='bbox 1982 938 2093 987; x_wconf 76' lang='lat' dir='ltr'>tate</span> <span class='ocrx_word' id='word_1_246' title='bbox 2123 931 2411 989; x_wconf 78' lang='lat' dir='ltr'>notabilis.</span> 
     </span>
    </p>

    <p class='ocr_par' dir='ltr' id='par_1_10' title="bbox 1897 1037 3553 1919">
     <span class='ocr_line' id='line_1_41' title="bbox 1976 1037 3551 1112; baseline 0.002 -18"><span class='ocrx_word' id='word_1_247' title='bbox 1976 1039 2335 1107; x_wconf 79' lang='lat' dir='ltr'>AdJunxerat</span> <span class='ocrx_word' id='word_1_248' title='bbox 2378 1055 2441 1094; x_wconf 89' lang='lat' dir='ltr'>se</span> <span class='ocrx_word' id='word_1_249' title='bbox 2479 1038 2656 1094; x_wconf 89' lang='lat' dir='ltr'>etiam</span> <span class='ocrx_word' id='word_1_250' title='bbox 2708 1041 3043 1094; x_wconf 89' lang='lat' dir='ltr'>nostrorum</span> <span class='ocrx_word' id='word_1_251' title='bbox 3073 1037 3280 1094; x_wconf 78' lang='lat' dir='ltr'>caetris</span> <span class='ocrx_word' id='word_1_252' title='bbox 3309 1038 3551 1112; x_wconf 84' lang='lat' dir='ltr'>quidam</span> 
     </span>
     <span class='ocr_line' id='line_1_42' title="bbox 1905 1126 3553 1199; baseline 0.001 -15"><span class='ocrx_word' id='word_1_253' title='bbox 1905 1129 2159 1189; x_wconf 71' lang='lat' dir='ltr'>Graecus.</span> <span class='ocrx_word' id='word_1_254' title='bbox 2205 1128 2449 1184; x_wconf 82' lang='lat' dir='ltr'>Tatinus</span> <span class='ocrx_word' id='word_1_255' title='bbox 2510 1129 2764 1197; x_wconf 87' lang='lat' dir='ltr'>nomine,</span> <span class='ocrx_word' id='word_1_256' title='bbox 2823 1127 3195 1199; x_wconf 88' lang='lat' dir='ltr'>imperatoris</span> <span class='ocrx_word' id='word_1_257' title='bbox 3244 1126 3553 1185; x_wconf 76' lang='lat' dir='ltr'>familiaris</span> 
     </span>
     <span class='ocr_line' id='line_1_43' title="bbox 1903 1215 3552 1290; baseline -0.001 -16"><span class='ocrx_word' id='word_1_258' title='bbox 1903 1218 2243 1282; x_wconf 80' lang='lat' dir='ltr'>admodum,</span> <span class='ocrx_word' id='word_1_259' title='bbox 2276 1218 2363 1272; x_wconf 89' lang='lat' dir='ltr'>vir</span> <span class='ocrx_word' id='word_1_260' title='bbox 2392 1233 2641 1290; x_wconf 89' lang='lat' dir='ltr'>nequam</span> <span class='ocrx_word' id='word_1_261' title='bbox 2691 1224 2750 1273; x_wconf 89' lang='lat' dir='ltr'>et</span> <span class='ocrx_word' id='word_1_262' title='bbox 2790 1217 3072 1289; x_wconf 79' lang='lat' dir='ltr'>pertidus,</span> <span class='ocrx_word' id='word_1_263' title='bbox 3121 1232 3292 1272; x_wconf 90' lang='lat' dir='ltr'>nares</span> <span class='ocrx_word' id='word_1_264' title='bbox 3327 1215 3552 1274; x_wconf 87' lang='lat' dir='ltr'>habene</span> 
     </span>
     <span class='ocr_line' id='line_1_44' title="bbox 1903 1306 3547 1380; baseline 0.001 -15"><span class='ocrx_word' id='word_1_265' title='bbox 1903 1309 2140 1365; x_wconf 89' lang='lat' dir='ltr'>mutilas</span> <span class='ocrx_word' id='word_1_266' title='bbox 2170 1308 2226 1363; x_wconf 88' lang='lat' dir='ltr'>in</span> <span class='ocrx_word' id='word_1_267' title='bbox 2260 1311 2492 1380; x_wconf 88' lang='lat' dir='ltr'>signum</span> <span class='ocrx_word' id='word_1_268' title='bbox 2526 1309 2735 1364; x_wconf 73' lang='lat' dir='ltr'>mentis</span> <span class='ocrx_word' id='word_1_269' title='bbox 2768 1324 3066 1380; x_wconf 68' lang='lat' dir='ltr'>perversis,</span> <span class='ocrx_word' id='word_1_270' title='bbox 3109 1306 3211 1363; x_wconf 85' lang='lat' dir='ltr'>Hic</span> <span class='ocrx_word' id='word_1_271' title='bbox 3250 1322 3320 1362; x_wconf 86' lang='lat' dir='ltr'>ex</span> <span class='ocrx_word' id='word_1_272' title='bbox 3363 1306 3547 1377; x_wconf 85' lang='lat' dir='ltr'>impe·</span> 
     </span>
     <span class='ocr_line' id='line_1_45' title="bbox 1900 1395 3547 1469; baseline 0 -15"><span class='ocrx_word' id='word_1_273' title='bbox 1900 1398 2028 1454; x_wconf 83' lang='lat' dir='ltr'>riali</span> <span class='ocrx_word' id='word_1_274' title='bbox 2066 1399 2356 1469; x_wconf 82' lang='lat' dir='ltr'>jussione,</span> <span class='ocrx_word' id='word_1_275' title='bbox 2400 1398 2617 1453; x_wconf 88' lang='lat' dir='ltr'>nostris</span> <span class='ocrx_word' id='word_1_276' title='bbox 2669 1398 2876 1453; x_wconf 86' lang='lat' dir='ltr'>ducem</span> <span class='ocrx_word' id='word_1_277' title='bbox 2928 1396 3032 1453; x_wconf 74' lang='lat' dir='ltr'>vioe</span> <span class='ocrx_word' id='word_1_278' title='bbox 3079 1397 3150 1452; x_wconf 87' lang='lat' dir='ltr'>ad</span> <span class='ocrx_word' id='word_1_279' title='bbox 3202 1395 3547 1466; x_wconf 83' lang='lat' dir='ltr'>ampliorem</span> 
     </span>
     <span class='ocr_line' id='line_1_46' title="bbox 1897 1482 3548 1559; baseline -0.001 -15"><span class='ocrx_word' id='word_1_280' title='bbox 1897 1489 2184 1545; x_wconf 90' lang='lat' dir='ltr'>cautelam</span> <span class='ocrx_word' id='word_1_281' title='bbox 2211 1487 2661 1558; x_wconf 85' lang='lat' dir='ltr'>postulantibus,</span> <span class='ocrx_word' id='word_1_282' title='bbox 2691 1486 3058 1559; x_wconf 80' lang='lat' dir='ltr'>designatus,</span> <span class='ocrx_word' id='word_1_283' title='bbox 3093 1489 3282 1541; x_wconf 72' lang='lat' dir='ltr'>ruerat</span> <span class='ocrx_word' id='word_1_284' title='bbox 3301 1486 3419 1541; x_wconf 86' lang='lat' dir='ltr'>dux</span> <span class='ocrx_word' id='word_1_285' title='bbox 3448 1482 3548 1542; x_wconf 81' lang='lat' dir='ltr'>iti·</span> 
     </span>
     <span class='ocr_line' id='line_1_47' title="bbox 1900 1574 3546 1647; baseline -0.003 -13"><span class='ocrx_word' id='word_1_286' title='bbox 1900 1581 2054 1635; x_wconf 90' lang='lat' dir='ltr'>neris</span> <span class='ocrx_word' id='word_1_287' title='bbox 2084 1585 2141 1635; x_wconf 89' lang='lat' dir='ltr'>et</span> <span class='ocrx_word' id='word_1_288' title='bbox 2170 1595 2365 1634; x_wconf 90' lang='lat' dir='ltr'>comes</span> <span class='ocrx_word' id='word_1_289' title='bbox 2389 1579 2641 1634; x_wconf 73' lang='lat' dir='ltr'>futurus.</span> <span class='ocrx_word' id='word_1_290' title='bbox 2674 1577 2908 1633; x_wconf 79' lang='lat' dir='ltr'>Electus</span> <span class='ocrx_word' id='word_1_291' title='bbox 2951 1575 3024 1632; x_wconf 89' lang='lat' dir='ltr'>ob</span> <span class='ocrx_word' id='word_1_292' title='bbox 3057 1578 3165 1632; x_wconf 90' lang='lat' dir='ltr'>boc</span> <span class='ocrx_word' id='word_1_293' title='bbox 3197 1576 3350 1647; x_wconf 91' lang='lat' dir='ltr'>quod</span> <span class='ocrx_word' id='word_1_294' title='bbox 3381 1574 3546 1630; x_wconf 86' lang='lat' dir='ltr'>etlo-</span> 
     </span>
     <span class='ocr_line' id='line_1_48' title="bbox 1897 1665 3546 1738; baseline -0.001 -15"><span class='ocrx_word' id='word_1_295' title='bbox 1897 1683 2099 1724; x_wconf 90' lang='lat' dir='ltr'>corum</span> <span class='ocrx_word' id='word_1_296' title='bbox 2133 1667 2357 1738; x_wconf 86' lang='lat' dir='ltr'>plenam</span> <span class='ocrx_word' id='word_1_297' title='bbox 2392 1666 2602 1723; x_wconf 90' lang='lat' dir='ltr'>babere</span> <span class='ocrx_word' id='word_1_298' title='bbox 2647 1666 2952 1723; x_wconf 86' lang='lat' dir='ltr'>dicebatur</span> <span class='ocrx_word' id='word_1_299' title='bbox 2997 1665 3412 1736; x_wconf 82' lang='lat' dir='ltr'>experientiam</span> <span class='ocrx_word' id='word_1_300' title='bbox 3438 1680 3456 1734; x_wconf 69' lang='grc' dir='ltr'><strong>ς</strong></span> <span class='ocrx_word' id='word_1_301' title='bbox 3486 1666 3546 1722; x_wconf 85' lang='lat' dir='ltr'>et</span> 
     </span>
     <span class='ocr_line' id='line_1_49' title="bbox 1899 1752 3542 1827; baseline -0.001 -17"><span class='ocrx_word' id='word_1_302' title='bbox 1899 1758 1969 1813; x_wconf 90' lang='lat' dir='ltr'>de</span> <span class='ocrx_word' id='word_1_303' title='bbox 1998 1757 2126 1827; x_wconf 85' lang='lat' dir='ltr'>ejus</span> <span class='ocrx_word' id='word_1_304' title='bbox 2174 1755 2396 1813; x_wconf 90' lang='lat' dir='ltr'>malitia</span> <span class='ocrx_word' id='word_1_305' title='bbox 2439 1760 2497 1812; x_wconf 92' lang='lat' dir='ltr'>et</span> <span class='ocrx_word' id='word_1_306' title='bbox 2543 1753 2814 1827; x_wconf 86' lang='lat' dir='ltr'>perplexa</span> <span class='ocrx_word' id='word_1_307' title='bbox 2862 1753 3173 1811; x_wconf 88' lang='lat' dir='ltr'>dolositate</span> <span class='ocrx_word' id='word_1_308' title='bbox 3219 1752 3542 1824; x_wconf 88' lang='lat' dir='ltr'>plurimum</span> 
     </span>
     <span class='ocr_line' id='line_1_50' title="bbox 1899 1846 3545 1919; baseline -0.002 -17"><span class='ocrx_word' id='word_1_309' title='bbox 1899 1849 2286 1919; x_wconf 77' lang='lat' dir='ltr'>pra-sumebat</span> <span class='ocrx_word' id='word_1_310' title='bbox 2314 1849 2653 1917; x_wconf 88' lang='lat' dir='ltr'>imperator.</span> <span class='ocrx_word' id='word_1_311' title='bbox 2698 1846 2798 1901; x_wconf 85' lang='lat' dir='ltr'>uic</span> <span class='ocrx_word' id='word_1_312' title='bbox 2827 1846 3004 1900; x_wconf 89' lang='lat' dir='ltr'>etiam</span> <span class='ocrx_word' id='word_1_313' title='bbox 3036 1859 3166 1899; x_wconf 90' lang='lat' dir='ltr'>cum</span> <span class='ocrx_word' id='word_1_314' title='bbox 3201 1857 3377 1899; x_wconf 91' lang='lat' dir='ltr'>manu</span> <span class='ocrx_word' id='word_1_315' title='bbox 3408 1858 3545 1899; x_wconf 89' lang='lat' dir='ltr'>suo-</span> 
     </span>
    </p>
   </div>
   <div class='ocr_carea' id='block_1_10' title="bbox 1898 1933 3651 2007">
    <p class='ocr_par' dir='ltr' id='par_1_11' title="bbox 1898 1933 3651 2007">
     <span class='ocr_line' id='line_1_51' title="bbox 1898 1933 3651 2007; baseline -0.003 -15"><span class='ocrx_word' id='word_1_316' title='bbox 1898 1953 2027 1992; x_wconf 89' lang='lat' dir='ltr'>rum</span> <span class='ocrx_word' id='word_1_317' title='bbox 2062 1934 2345 1991; x_wconf 90' lang='lat' dir='ltr'>nonnulla</span> <span class='ocrx_word' id='word_1_318' title='bbox 2391 1936 2607 1990; x_wconf 90' lang='lat' dir='ltr'>nostris</span> <span class='ocrx_word' id='word_1_319' title='bbox 2645 1934 3008 2007; x_wconf 84' lang='lat' dir='ltr'>principibus</span> <span class='ocrx_word' id='word_1_320' title='bbox 3048 1933 3370 1988; x_wconf 88' lang='lat' dir='ltr'>associatus</span> <span class='ocrx_word' id='word_1_321' title='bbox 3391 1935 3537 1987; x_wconf 85' lang='lat' dir='ltr'>erat.</span> <span class='ocrx_word' id='word_1_322' title='bbox 3646 1965 3651 1970; x_wconf 93' lang='lat'>-</span> 
     </span>
    </p>
   </div>
   <div class='ocr_carea' id='block_1_11' title="bbox 1884 2023 3540 3168">
    <p class='ocr_par' dir='ltr' id='par_1_12' title="bbox 1884 2023 3540 3168">
     <span class='ocr_line' id='line_1_52' title="bbox 1900 2023 3540 2096; baseline -0.003 -15"><span class='ocrx_word' id='word_1_323' title='bbox 1900 2030 1964 2081; x_wconf 93' lang='lat' dir='ltr'>ut</span> <span class='ocrx_word' id='word_1_324' title='bbox 1990 2042 2102 2080; x_wconf 89' lang='lat' dir='ltr'>non</span> <span class='ocrx_word' id='word_1_325' title='bbox 2130 2026 2361 2081; x_wconf 85' lang='lat' dir='ltr'>deesset</span> <span class='ocrx_word' id='word_1_326' title='bbox 2387 2040 2570 2086; x_wconf 74' lang='lat' dir='ltr'>anser,</span> <span class='ocrx_word' id='word_1_327' title='bbox 2590 2025 2687 2096; x_wconf 79' lang='lat' dir='ltr'>qui</span> <span class='ocrx_word' id='word_1_328' title='bbox 2707 2025 2853 2078; x_wconf 75' lang='lat' dir='ltr'>inter</span> <span class='ocrx_word' id='word_1_329' title='bbox 2882 2024 3056 2079; x_wconf 74' lang='lat' dir='ltr'>olores</span> <span class='ocrx_word' id='word_1_330' title='bbox 3085 2024 3463 2093; x_wconf 76' lang='lat' dir='ltr'>perstreperet,</span> <span class='ocrx_word' id='word_1_331' title='bbox 3482 2023 3540 2077; x_wconf 89' lang='lat' dir='ltr'>et</span> 
     </span>
     <span class='ocr_line' id='line_1_53' title="bbox 1896 2109 3536 2187; baseline -0.002 -17"><span class='ocrx_word' id='word_1_332' title='bbox 1896 2131 2201 2187; x_wconf 83' lang='lat' dir='ltr'>perversus</span> <span class='ocrx_word' id='word_1_333' title='bbox 2225 2114 2446 2171; x_wconf 78' lang='lat' dir='ltr'>coluber</span> <span class='ocrx_word' id='word_1_334' title='bbox 2469 2116 2614 2169; x_wconf 77' lang='lat' dir='ltr'>inter</span> <span class='ocrx_word' id='word_1_335' title='bbox 2632 2112 2938 2185; x_wconf 72' lang='lat' dir='ltr'>«inquinas.</span> <span class='ocrx_word' id='word_1_336' title='bbox 2979 2112 3198 2168; x_wconf 85' lang='lat' dir='ltr'>Cuncta</span> <span class='ocrx_word' id='word_1_337' title='bbox 3222 2109 3379 2167; x_wconf 90' lang='lat' dir='ltr'>enim</span> <span class='ocrx_word' id='word_1_338' title='bbox 3411 2124 3536 2182; x_wconf 72' lang='lat' dir='ltr'>que</span> 
     </span>
     <span class='ocr_line' id='line_1_54' title="bbox 1892 2196 3538 2276; baseline -0.003 -16"><span class='ocrx_word' id='word_1_339' title='bbox 1892 2203 1952 2261; x_wconf 88' lang='lat' dir='ltr'>in</span> <span class='ocrx_word' id='word_1_340' title='bbox 2000 2204 2366 2276; x_wconf 85' lang='lat' dir='ltr'>expeditione</span> <span class='ocrx_word' id='word_1_341' title='bbox 2415 2204 2650 2269; x_wconf 78' lang='lat' dir='ltr'>flebant,</span> <span class='ocrx_word' id='word_1_342' title='bbox 2681 2206 3009 2273; x_wconf 85' lang='lat' dir='ltr'>cunctaque</span> <span class='ocrx_word' id='word_1_343' title='bbox 3043 2216 3169 2270; x_wconf 71' lang='lat' dir='ltr'>quie</span> <span class='ocrx_word' id='word_1_344' title='bbox 3214 2214 3249 2254; x_wconf 92' lang='lat' dir='ltr'>a</span> <span class='ocrx_word' id='word_1_345' title='bbox 3284 2196 3538 2271; x_wconf 80' lang='lat' dir='ltr'>singulis</span> 
     </span>
     <span class='ocr_line' id='line_1_55' title="bbox 1891 2285 3533 2361; baseline -0.003 -12"><span class='ocrx_word' id='word_1_346' title='bbox 1891 2293 2255 2361; x_wconf 89' lang='lat' dir='ltr'>dicebantur,</span> <span class='ocrx_word' id='word_1_347' title='bbox 2278 2294 2518 2348; x_wconf 86' lang='lat' dir='ltr'>sinislra</span> <span class='ocrx_word' id='word_1_348' title='bbox 2543 2294 2876 2361; x_wconf 86' lang='lat' dir='ltr'>pervertens</span> <span class='ocrx_word' id='word_1_349' title='bbox 2899 2289 3392 2360; x_wconf 86' lang='lat' dir='ltr'>interpretatione.</span> <span class='ocrx_word' id='word_1_350' title='bbox 3421 2285 3533 2344; x_wconf 89' lang='lat' dir='ltr'>im·</span> 
     </span>
     <span class='ocr_line' id='line_1_56' title="bbox 1891 2379 3534 2456; baseline -0.003 -18"><span class='ocrx_word' id='word_1_351' title='bbox 1891 2387 2140 2456; x_wconf 87' lang='lat' dir='ltr'>peratori</span> <span class='ocrx_word' id='word_1_352' title='bbox 2172 2382 2581 2454; x_wconf 82' lang='lat' dir='ltr'>significabat;</span> <span class='ocrx_word' id='word_1_353' title='bbox 2613 2381 2685 2436; x_wconf 90' lang='lat' dir='ltr'>ab</span> <span class='ocrx_word' id='word_1_354' title='bbox 2716 2395 2782 2436; x_wconf 91' lang='lat' dir='ltr'>eo</span> <span class='ocrx_word' id='word_1_355' title='bbox 2803 2395 2970 2435; x_wconf 85' lang='lat' dir='ltr'>versa</span> <span class='ocrx_word' id='word_1_356' title='bbox 3019 2379 3143 2434; x_wconf 85' lang='lat' dir='ltr'>vice</span> <span class='ocrx_word' id='word_1_357' title='bbox 3176 2381 3534 2433; x_wconf 88' lang='lat' dir='ltr'>commento·</span> 
     </span>
     <span class='ocr_line' id='line_1_57' title="bbox 1890 2466 3531 2541; baseline -0.002 -15"><span class='ocrx_word' id='word_1_358' title='bbox 1890 2487 2017 2527; x_wconf 90' lang='lat' dir='ltr'>rum</span> <span class='ocrx_word' id='word_1_359' title='bbox 2041 2479 2099 2527; x_wconf 92' lang='lat' dir='ltr'>et</span> <span class='ocrx_word' id='word_1_360' title='bbox 2128 2471 2349 2526; x_wconf 80' lang='lat' dir='ltr'>fraudis</span> <span class='ocrx_word' id='word_1_361' title='bbox 2379 2485 2480 2541; x_wconf 91' lang='lat' dir='ltr'>per</span> <span class='ocrx_word' id='word_1_362' title='bbox 2505 2472 2836 2541; x_wconf 77' lang='lat' dir='ltr'>frequentes</span> <span class='ocrx_word' id='word_1_363' title='bbox 2860 2466 3253 2523; x_wconf 86' lang='lat' dir='ltr'>internuntios</span> <span class='ocrx_word' id='word_1_364' title='bbox 3284 2466 3531 2523; x_wconf 72' lang='lat' dir='ltr'>formam</span> 
     </span>
     <span class='ocr_line' id='line_1_58' title="bbox 1885 2552 3532 2631; baseline -0.004 -15"><span class='ocrx_word' id='word_1_365' title='bbox 1885 2561 2193 2629; x_wconf 66' lang='lat' dir='ltr'>recipiens.</span> <span class='ocrx_word' id='word_1_366' title='bbox 2238 2562 2340 2614; x_wconf 91' lang='lat' dir='ltr'>llic</span> <span class='ocrx_word' id='word_1_367' title='bbox 2373 2560 2625 2631; x_wconf 88' lang='lat' dir='ltr'>primum</span> <span class='ocrx_word' id='word_1_368' title='bbox 2655 2574 2725 2613; x_wconf 84' lang='lat' dir='ltr'>ex</span> <span class='ocrx_word' id='word_1_369' title='bbox 2757 2558 2999 2612; x_wconf 82' lang='lat' dir='ltr'>diversis</span> <span class='ocrx_word' id='word_1_370' title='bbox 3037 2554 3406 2624; x_wconf 82' lang='lat' dir='ltr'>exercitibus,</span> <span class='ocrx_word' id='word_1_371' title='bbox 3431 2552 3532 2626; x_wconf 91' lang='lat' dir='ltr'>qui</span> 
     </span>
     <span class='ocr_line' id='line_1_59' title="bbox 1885 2646 3531 2723; baseline -0.004 -16"><span class='ocrx_word' id='word_1_372' title='bbox 1885 2654 2093 2720; x_wconf 72' lang='lat' dir='ltr'>varios,</span> <span class='ocrx_word' id='word_1_373' title='bbox 2143 2657 2203 2707; x_wconf 92' lang='lat' dir='ltr'>et</span> <span class='ocrx_word' id='word_1_374' title='bbox 2256 2667 2356 2723; x_wconf 88' lang='lat' dir='ltr'>per</span> <span class='ocrx_word' id='word_1_375' title='bbox 2385 2649 2510 2706; x_wconf 81' lang='lat' dir='ltr'>loca</span> <span class='ocrx_word' id='word_1_376' title='bbox 2558 2651 2786 2705; x_wconf 86' lang='lat' dir='ltr'>diversa</span> <span class='ocrx_word' id='word_1_377' title='bbox 2833 2647 3121 2719; x_wconf 80' lang='lat' dir='ltr'>variisque</span> <span class='ocrx_word' id='word_1_378' title='bbox 3168 2646 3531 2715; x_wconf 79' lang='lat' dir='ltr'>temporibus</span> 
     </span>
     <span class='ocr_line' id='line_1_60' title="bbox 1885 2732 3529 2812; baseline -0.004 -16"><span class='ocrx_word' id='word_1_379' title='bbox 1885 2745 2069 2796; x_wconf 83' lang='lat' dir='ltr'>secuti</span> <span class='ocrx_word' id='word_1_380' title='bbox 2106 2740 2341 2796; x_wconf 80' lang='lat' dir='ltr'>suerunt</span> <span class='ocrx_word' id='word_1_381' title='bbox 2384 2740 2694 2812; x_wconf 77' lang='lat' dir='ltr'>principes,</span> <span class='ocrx_word' id='word_1_382' title='bbox 2744 2754 2896 2792; x_wconf 87' lang='lat' dir='ltr'>unus</span> <span class='ocrx_word' id='word_1_383' title='bbox 2950 2739 3135 2792; x_wconf 83' lang='lat' dir='ltr'>sactus</span> <span class='ocrx_word' id='word_1_384' title='bbox 3182 2745 3264 2790; x_wconf 84' lang='lat' dir='ltr'>est</span> <span class='ocrx_word' id='word_1_385' title='bbox 3300 2735 3398 2791; x_wconf 84' lang='lat' dir='ltr'>Dei</span> <span class='ocrx_word' id='word_1_386' title='bbox 3445 2732 3529 2790; x_wconf 79' lang='lat' dir='ltr'>vi·</span> 
     </span>
     <span class='ocr_line' id='line_1_61' title="bbox 1886 2822 3530 2896; baseline -0.002 -14"><span class='ocrx_word' id='word_1_387' title='bbox 1886 2832 2074 2885; x_wconf 77' lang='lat' dir='ltr'>ventis</span> <span class='ocrx_word' id='word_1_388' title='bbox 2129 2829 2433 2895; x_wconf 63' lang='lat' dir='ltr'>exercitus,</span> <span class='ocrx_word' id='word_1_389' title='bbox 2494 2843 2562 2883; x_wconf 86' lang='lat' dir='ltr'>ex</span> <span class='ocrx_word' id='word_1_390' title='bbox 2622 2823 3008 2895; x_wconf 90' lang='lat' dir='ltr'>multiplicate</span> <span class='ocrx_word' id='word_1_391' title='bbox 3067 2824 3317 2896; x_wconf 78' lang='lat' dir='ltr'>partium</span> <span class='ocrx_word' id='word_1_392' title='bbox 3363 2822 3530 2879; x_wconf 80' lang='lat' dir='ltr'>adve-</span> 
     </span>
     <span class='ocr_line' id='line_1_62' title="bbox 1885 2911 3527 2985; baseline -0.004 -13"><span class='ocrx_word' id='word_1_393' title='bbox 1885 2919 2175 2973; x_wconf 86' lang='lat' dir='ltr'>nientium</span> <span class='ocrx_word' id='word_1_394' title='bbox 2210 2923 2278 2973; x_wconf 73' lang='lat' dir='ltr'>ad</span> <span class='ocrx_word' id='word_1_395' title='bbox 2313 2919 2769 2978; x_wconf 85' lang='lat' dir='ltr'>invicem,suam</span> <span class='ocrx_word' id='word_1_396' title='bbox 2794 2912 3082 2985; x_wconf 88' lang='lat' dir='ltr'>recipiens</span> <span class='ocrx_word' id='word_1_397' title='bbox 3113 2911 3527 2984; x_wconf 79' lang='lat' dir='ltr'>integritatem,</span> 
     </span>
     <span class='ocr_line' id='line_1_63' title="bbox 1884 3002 3532 3078; baseline -0.004 -14"><span class='ocrx_word' id='word_1_398' title='bbox 1884 3007 2027 3064; x_wconf 70' lang='lat' dir='ltr'>Nam</span> <span class='ocrx_word' id='word_1_399' title='bbox 2058 3024 2124 3062; x_wconf 86' lang='lat' dir='ltr'>ex</span> <span class='ocrx_word' id='word_1_400' title='bbox 2151 3024 2266 3078; x_wconf 89' lang='lat' dir='ltr'>quo</span> <span class='ocrx_word' id='word_1_401' title='bbox 2297 3005 2514 3062; x_wconf 87' lang='lat' dir='ltr'>relictis</span> <span class='ocrx_word' id='word_1_402' title='bbox 2554 3007 2827 3060; x_wconf 83' lang='lat' dir='ltr'>domibus</span> <span class='ocrx_word' id='word_1_403' title='bbox 2858 3004 2969 3058; x_wconf 90' lang='lat' dir='ltr'>iter</span> <span class='ocrx_word' id='word_1_404' title='bbox 3015 3004 3268 3070; x_wconf 63' lang='lat' dir='ltr'>aggressi</span> <span class='ocrx_word' id='word_1_405' title='bbox 3304 3002 3532 3059; x_wconf 77' lang='lat' dir='ltr'>fuerant</span> 
     </span>
     <span class='ocr_line' id='line_1_64' title="bbox 1885 3091 3528 3168; baseline -0.004 -18"><span class='ocrx_word' id='word_1_406' title='bbox 1885 3096 2141 3168; x_wconf 76' lang='lat' dir='ltr'>praedicti</span> <span class='ocrx_word' id='word_1_407' title='bbox 2177 3096 2291 3151; x_wconf 81' lang='lat' dir='ltr'>Deo</span> <span class='ocrx_word' id='word_1_408' title='bbox 2339 3093 2623 3150; x_wconf 84' lang='lat' dir='ltr'>amabiles</span> <span class='ocrx_word' id='word_1_409' title='bbox 2663 3100 3019 3149; x_wconf 77' lang='lat' dir='ltr'>exercituum</span> <span class='ocrx_word' id='word_1_410' title='bbox 3061 3092 3239 3147; x_wconf 86' lang='lat' dir='ltr'>duces</span> <span class='ocrx_word' id='word_1_411' title='bbox 3276 3097 3336 3147; x_wconf 89' lang='lat' dir='ltr'>et</span> <span class='ocrx_word' id='word_1_412' title='bbox 3371 3091 3528 3163; x_wconf 86' lang='lat' dir='ltr'>capi-</span> 
     </span>
    </p>
   </div>
   <div class='ocr_carea' id='block_1_12' title="bbox 120 3176 3532 3256">
    <p class='ocr_par' dir='ltr' id='par_1_13' title="bbox 120 3176 3532 3256">
     <span class='ocr_line' id='line_1_65' title="bbox 120 3176 3532 3256; baseline -0.001 -18"><span class='ocrx_word' id='word_1_413' title='bbox 120 3181 505 3238; x_wconf 82' lang='lat' dir='ltr'>edmiratione</span> <span class='ocrx_word' id='word_1_414' title='bbox 551 3183 766 3253; x_wconf 60' lang='lat' dir='ltr'>dignis,</span> <span class='ocrx_word' id='word_1_415' title='bbox 819 3183 1155 3242; x_wconf 85' lang='lat' dir='ltr'>holosericis</span> <span class='ocrx_word' id='word_1_416' title='bbox 1200 3203 1448 3256; x_wconf 75' lang='lat' dir='ltr'>quoque,</span> <span class='ocrx_word' id='word_1_417' title='bbox 1499 3188 1657 3242; x_wconf 78' lang='lat' dir='ltr'>mirae</span> <span class='ocrx_word' id='word_1_418' title='bbox 1716 3192 1773 3244; x_wconf 89' lang='lat' dir='ltr'>et</span> <span class='ocrx_word' id='word_1_419' title='bbox 1802 3176 1851 3243; x_wconf 92' lang='lat' dir='ltr'>C</span> <span class='ocrx_word' id='word_1_420' title='bbox 1886 3188 2063 3255; x_wconf 86' lang='lat' dir='ltr'>tanei,</span> <span class='ocrx_word' id='word_1_421' title='bbox 2097 3201 2382 3255; x_wconf 81' lang='lat' dir='ltr'>nusquam</span> <span class='ocrx_word' id='word_1_422' title='bbox 2415 3185 2498 3239; x_wconf 85' lang='lat' dir='ltr'>eis</span> <span class='ocrx_word' id='word_1_423' title='bbox 2545 3187 2744 3239; x_wconf 84' lang='lat' dir='ltr'>datum</span> <span class='ocrx_word' id='word_1_424' title='bbox 2777 3187 2866 3237; x_wconf 91' lang='lat' dir='ltr'>est</span> <span class='ocrx_word' id='word_1_425' title='bbox 2911 3186 3118 3236; x_wconf 90' lang='lat' dir='ltr'>mutuo</span> <span class='ocrx_word' id='word_1_426' title='bbox 3145 3195 3211 3235; x_wconf 89' lang='lat' dir='ltr'>se</span> <span class='ocrx_word' id='word_1_427' title='bbox 3239 3179 3451 3246; x_wconf 83' lang='lat' dir='ltr'>videre,</span> <span class='ocrx_word' id='word_1_428' title='bbox 3473 3181 3532 3237; x_wconf 86' lang='lat' dir='ltr'>et</span> 
     </span>
    </p>
   </div>
   <div class='ocr_carea' id='block_1_13' title="bbox 112 3270 1774 4154">
    <p class='ocr_par' dir='ltr' id='par_1_14' title="bbox 112 3270 1774 4154">
     <span class='ocr_line' id='line_1_66' title="bbox 119 3270 1774 3348; baseline 0.004 -22"><span class='ocrx_word' id='word_1_429' title='bbox 119 3270 400 3328; x_wconf 67' lang='lat' dir='ltr'>inaudito</span> <span class='ocrx_word' id='word_1_430' title='bbox 458 3272 860 3330; x_wconf 64' lang='lat' dir='ltr'>estimationis</span> <span class='ocrx_word' id='word_1_431' title='bbox 907 3277 1061 3330; x_wconf 86' lang='lat' dir='ltr'>dona</span> <span class='ocrx_word' id='word_1_432' title='bbox 1111 3283 1515 3347; x_wconf 82' lang='lat' dir='ltr'>susceperunt,</span> <span class='ocrx_word' id='word_1_433' title='bbox 1575 3279 1774 3348; x_wconf 87' lang='lat' dir='ltr'>qualia</span> 
     </span>
     <span class='ocr_line' id='line_1_67' title="bbox 117 3364 1773 3439; baseline 0.004 -22"><span class='ocrx_word' id='word_1_434' title='bbox 117 3366 286 3433; x_wconf 84' lang='lat' dir='ltr'>prius</span> <span class='ocrx_word' id='word_1_435' title='bbox 309 3378 426 3418; x_wconf 90' lang='lat' dir='ltr'>non</span> <span class='ocrx_word' id='word_1_436' title='bbox 461 3364 762 3431; x_wconf 86' lang='lat' dir='ltr'>viderant;</span> <span class='ocrx_word' id='word_1_437' title='bbox 796 3380 922 3435; x_wconf 81' lang='lat' dir='ltr'>quoe</span> <span class='ocrx_word' id='word_1_438' title='bbox 943 3366 1088 3436; x_wconf 84' lang='lat' dir='ltr'>ipsis</span> <span class='ocrx_word' id='word_1_439' title='bbox 1114 3368 1286 3421; x_wconf 90' lang='lat' dir='ltr'>etiam</span> <span class='ocrx_word' id='word_1_440' title='bbox 1315 3371 1370 3420; x_wconf 91' lang='lat' dir='ltr'>in</span> <span class='ocrx_word' id='word_1_441' title='bbox 1403 3384 1549 3439; x_wconf 83' lang='lat' dir='ltr'>quos</span> <span class='ocrx_word' id='word_1_442' title='bbox 1577 3373 1773 3424; x_wconf 88' lang='lat' dir='ltr'>trans·</span> 
     </span>
     <span class='ocr_line' id='line_1_68' title="bbox 119 3450 1768 3528; baseline 0.004 -21"><span class='ocrx_word' id='word_1_443' title='bbox 119 3450 424 3508; x_wconf 71' lang='lat' dir='ltr'>terebatur</span> <span class='ocrx_word' id='word_1_444' title='bbox 458 3450 803 3521; x_wconf 84' lang='lat' dir='ltr'>liberalitas,</span> <span class='ocrx_word' id='word_1_445' title='bbox 852 3463 1148 3526; x_wconf 74' lang='lat' dir='ltr'>stuporem</span> <span class='ocrx_word' id='word_1_446' title='bbox 1202 3459 1412 3512; x_wconf 87' lang='lat' dir='ltr'>mentis</span> <span class='ocrx_word' id='word_1_447' title='bbox 1463 3457 1768 3528; x_wconf 78' lang='lat' dir='ltr'>inferrent,</span> 
     </span>
     <span class='ocr_line' id='line_1_69' title="bbox 119 3542 1767 3616; baseline 0.004 -19"><span class='ocrx_word' id='word_1_448' title='bbox 119 3546 457 3597; x_wconf 85' lang='lat' dir='ltr'>nostrarum</span> <span class='ocrx_word' id='word_1_449' title='bbox 481 3556 675 3596; x_wconf 89' lang='lat' dir='ltr'>rerum</span> <span class='ocrx_word' id='word_1_450' title='bbox 703 3542 943 3599; x_wconf 88' lang='lat' dir='ltr'>modum</span> <span class='ocrx_word' id='word_1_451' title='bbox 975 3548 1034 3600; x_wconf 82' lang='lat' dir='ltr'>et</span> <span class='ocrx_word' id='word_1_452' title='bbox 1052 3544 1394 3616; x_wconf 82' lang='lat' dir='ltr'>dignilaiem</span> <span class='ocrx_word' id='word_1_453' title='bbox 1417 3550 1767 3604; x_wconf 64' lang='lat' dir='ltr'>excedentia.</span> 
     </span>
     <span class='ocr_line' id='line_1_70' title="bbox 115 3629 1768 3702; baseline 0.002 -14"><span class='ocrx_word' id='word_1_454' title='bbox 115 3629 328 3689; x_wconf 80' lang='lat' dir='ltr'>Tantis</span> <span class='ocrx_word' id='word_1_455' title='bbox 363 3629 549 3702; x_wconf 78' lang='lat' dir='ltr'>igitur</span> <span class='ocrx_word' id='word_1_456' title='bbox 569 3631 908 3687; x_wconf 90' lang='lat' dir='ltr'>muneribus</span> <span class='ocrx_word' id='word_1_457' title='bbox 937 3634 1218 3689; x_wconf 88' lang='lat' dir='ltr'>cumulati</span> <span class='ocrx_word' id='word_1_458' title='bbox 1252 3651 1321 3690; x_wconf 94' lang='lat' dir='ltr'>ne</span> <span class='ocrx_word' id='word_1_459' title='bbox 1350 3636 1449 3690; x_wconf 81' lang='lat' dir='ltr'>viae</span> <span class='ocrx_word' id='word_1_460' title='bbox 1479 3636 1768 3692; x_wconf 86' lang='lat' dir='ltr'>consorti·</span> 
     </span>
     <span class='ocr_line' id='line_1_71' title="bbox 118 3719 1769 3798; baseline 0.005 -24"><span class='ocrx_word' id='word_1_461' title='bbox 118 3719 234 3776; x_wconf 81' lang='lat' dir='ltr'>bue</span> <span class='ocrx_word' id='word_1_462' title='bbox 264 3734 439 3774; x_wconf 67' lang='lat' dir='ltr'>moro</span> <span class='ocrx_word' id='word_1_463' title='bbox 487 3734 692 3774; x_wconf 80' lang='lat' dir='ltr'>causas</span> <span class='ocrx_word' id='word_1_464' title='bbox 728 3720 1060 3777; x_wconf 84' lang='lat' dir='ltr'>viderentur</span> <span class='ocrx_word' id='word_1_465' title='bbox 1095 3725 1386 3780; x_wconf 90' lang='lat' dir='ltr'>innectere</span> <span class='ocrx_word' id='word_1_466' title='bbox 1434 3736 1667 3798; x_wconf 75' lang='lat' dir='ltr'>sumpta</span> <span class='ocrx_word' id='word_1_467' title='bbox 1696 3727 1769 3783; x_wconf 86' lang='lat' dir='ltr'>ab</span> 
     </span>
     <span class='ocr_line' id='line_1_72' title="bbox 117 3807 1764 3883; baseline 0.004 -19"><span class='ocrx_word' id='word_1_468' title='bbox 117 3807 473 3877; x_wconf 83' lang='lat' dir='ltr'>imperatore</span> <span class='ocrx_word' id='word_1_469' title='bbox 523 3807 779 3875; x_wconf 87' lang='lat' dir='ltr'>licentia,</span> <span class='ocrx_word' id='word_1_470' title='bbox 829 3813 1177 3866; x_wconf 86' lang='lat' dir='ltr'>transmisso</span> <span class='ocrx_word' id='word_1_471' title='bbox 1211 3811 1600 3883; x_wconf 83' lang='lat' dir='ltr'>Hellesponto,</span> <span class='ocrx_word' id='word_1_472' title='bbox 1633 3832 1764 3871; x_wconf 90' lang='lat' dir='ltr'>cum</span> 
     </span>
     <span class='ocr_line' id='line_1_73' title="bbox 114 3897 1767 3969; baseline 0.003 -15"><span class='ocrx_word' id='word_1_473' title='bbox 114 3900 244 3954; x_wconf 78' lang='lat' dir='ltr'>suis</span> <span class='ocrx_word' id='word_1_474' title='bbox 280 3897 612 3969; x_wconf 82' lang='lat' dir='ltr'>legionibus</span> <span class='ocrx_word' id='word_1_475' title='bbox 642 3900 753 3953; x_wconf 88' lang='lat' dir='ltr'>iter</span> <span class='ocrx_word' id='word_1_476' title='bbox 782 3900 1170 3956; x_wconf 82' lang='lat' dir='ltr'>accelerantes</span> <span class='ocrx_word' id='word_1_477' title='bbox 1206 3900 1476 3965; x_wconf 71' lang='lat' dir='ltr'>Nicaeam,</span> <span class='ocrx_word' id='word_1_478' title='bbox 1514 3905 1606 3959; x_wconf 90' lang='lat' dir='ltr'>ubi</span> <span class='ocrx_word' id='word_1_479' title='bbox 1642 3906 1767 3959; x_wconf 90' lang='lat' dir='ltr'>uni·</span> 
     </span>
     <span class='ocr_line' id='line_1_74' title="bbox 114 3987 1763 4062; baseline 0.004 -21"><span class='ocrx_word' id='word_1_480' title='bbox 114 4003 317 4044; x_wconf 76' lang='lat' dir='ltr'>versus</span> <span class='ocrx_word' id='word_1_481' title='bbox 366 3987 827 4045; x_wconf 79' lang='lat' dir='ltr'>Christianorum</span> <span class='ocrx_word' id='word_1_482' title='bbox 881 3991 1187 4047; x_wconf 81' lang='lat' dir='ltr'>resistebat</span> <span class='ocrx_word' id='word_1_483' title='bbox 1222 3996 1533 4061; x_wconf 85' lang='lat' dir='ltr'>exercitus,</span> <span class='ocrx_word' id='word_1_484' title='bbox 1567 4009 1763 4062; x_wconf 80' lang='lat' dir='ltr'>perve-</span> 
     </span>
     <span class='ocr_line' id='line_1_75' title="bbox 112 4079 1764 4154; baseline 0.005 -21"><span class='ocrx_word' id='word_1_485' title='bbox 112 4083 373 4147; x_wconf 49' lang='lat' dir='ltr'>neruum</span> <span class='ocrx_word' id='word_1_486' title='bbox 430 4093 467 4135; x_wconf 82' lang='lat' dir='ltr'>a</span> <span class='ocrx_word' id='word_1_487' title='bbox 522 4079 909 4153; x_wconf 88' lang='lat' dir='ltr'>principibus,</span> <span class='ocrx_word' id='word_1_488' title='bbox 940 4081 1041 4153; x_wconf 88' lang='lat' dir='ltr'>qui</span> <span class='ocrx_word' id='word_1_489' title='bbox 1099 4090 1535 4154; x_wconf 68' lang='lat' dir='ltr'>processerant,</span> <span class='ocrx_word' id='word_1_490' title='bbox 1581 4083 1764 4141; x_wconf 88' lang='lat' dir='ltr'>multo</span> 
     </span>
    </p>
   </div>
   <div class='ocr_carea' id='block_1_14' title="bbox 1875 3270 3533 4047">
    <p class='ocr_par' dir='ltr' id='par_1_15' title="bbox 1875 3270 3533 4047">
     <span class='ocr_line' id='line_1_76' title="bbox 1883 3270 3531 3347; baseline -0.004 -15"><span class='ocrx_word' id='word_1_491' title='bbox 1883 3276 1955 3332; x_wconf 88' lang='lat' dir='ltr'>de</span> <span class='ocrx_word' id='word_1_492' title='bbox 1988 3276 2234 3347; x_wconf 75' lang='lat' dir='ltr'>negotiis</span> <span class='ocrx_word' id='word_1_493' title='bbox 2277 3274 2524 3345; x_wconf 83' lang='lat' dir='ltr'>publicis</span> <span class='ocrx_word' id='word_1_494' title='bbox 2564 3271 2820 3345; x_wconf 85' lang='lat' dir='ltr'>colloqui</span> <span class='ocrx_word' id='word_1_495' title='bbox 2868 3274 2936 3327; x_wconf 87' lang='lat' dir='ltr'>ad</span> <span class='ocrx_word' id='word_1_496' title='bbox 2972 3272 3222 3327; x_wconf 86' lang='lat' dir='ltr'>invicem</span> <span class='ocrx_word' id='word_1_497' title='bbox 3248 3277 3307 3326; x_wconf 88' lang='lat' dir='ltr'>et</span> <span class='ocrx_word' id='word_1_498' title='bbox 3334 3270 3531 3326; x_wconf 83' lang='lat' dir='ltr'>disse-</span> 
     </span>
     <span class='ocr_line' id='line_1_77' title="bbox 1883 3363 3533 3436; baseline -0.002 -15"><span class='ocrx_word' id='word_1_499' title='bbox 1883 3382 2044 3433; x_wconf 85' lang='lat' dir='ltr'>rere;</span> <span class='ocrx_word' id='word_1_500' title='bbox 2078 3366 2191 3420; x_wconf 92' lang='lat' dir='ltr'>nisi</span> <span class='ocrx_word' id='word_1_501' title='bbox 2226 3371 2535 3436; x_wconf 83' lang='lat' dir='ltr'>postquam</span> <span class='ocrx_word' id='word_1_502' title='bbox 2570 3369 2706 3419; x_wconf 88' lang='lat' dir='ltr'>ante</span> <span class='ocrx_word' id='word_1_503' title='bbox 2730 3363 3062 3433; x_wconf 62' lang='lat' dir='ltr'>praedictam</span> <span class='ocrx_word' id='word_1_504' title='bbox 3098 3363 3298 3417; x_wconf 89' lang='lat' dir='ltr'>urbem</span> <span class='ocrx_word' id='word_1_505' title='bbox 3329 3375 3533 3417; x_wconf 79' lang='lat' dir='ltr'>conve·</span> 
     </span>
     <span class='ocr_line' id='line_1_78' title="bbox 1882 3449 3526 3525; baseline -0.002 -14"><span class='ocrx_word' id='word_1_506' title='bbox 1882 3458 2134 3525; x_wconf 83' lang='lat' dir='ltr'>nientes,</span> <span class='ocrx_word' id='word_1_507' title='bbox 2169 3455 2557 3510; x_wconf 72' lang='lat' dir='ltr'>castrametati</span> <span class='ocrx_word' id='word_1_508' title='bbox 2591 3459 2749 3508; x_wconf 80' lang='lat' dir='ltr'>sunt.</span> <span class='ocrx_word' id='word_1_509' title='bbox 2773 3451 2875 3508; x_wconf 91' lang='lat' dir='ltr'>Ubi</span> <span class='ocrx_word' id='word_1_510' title='bbox 2919 3451 3197 3507; x_wconf 68' lang='lat' dir='ltr'>recensito</span> <span class='ocrx_word' id='word_1_511' title='bbox 3228 3449 3526 3523; x_wconf 80' lang='lat' dir='ltr'>legionum</span> 
     </span>
     <span class='ocr_line' id='line_1_79' title="bbox 1881 3537 3526 3609; baseline -0.002 -11"><span class='ocrx_word' id='word_1_512' title='bbox 1881 3558 2149 3608; x_wconf 77' lang='lat' dir='ltr'>numero,</span> <span class='ocrx_word' id='word_1_513' title='bbox 2181 3545 2400 3598; x_wconf 78' lang='lat' dir='ltr'>inventi</span> <span class='ocrx_word' id='word_1_514' title='bbox 2451 3547 2594 3597; x_wconf 87' lang='lat' dir='ltr'>sunt</span> <span class='ocrx_word' id='word_1_515' title='bbox 2643 3542 2852 3595; x_wconf 79' lang='lat' dir='ltr'>babere</span> <span class='ocrx_word' id='word_1_516' title='bbox 2894 3539 3152 3609; x_wconf 89' lang='lat' dir='ltr'>peditum</span> <span class='ocrx_word' id='word_1_517' title='bbox 3207 3537 3526 3608; x_wconf 86' lang='lat' dir='ltr'>promiscui</span> 
     </span>
     <span class='ocr_line' id='line_1_80' title="bbox 1880 3623 3526 3697; baseline -0.002 -9"><span class='ocrx_word' id='word_1_518' title='bbox 1880 3648 2055 3688; x_wconf 83' lang='lat' dir='ltr'>sexus</span> <span class='ocrx_word' id='word_1_519' title='bbox 2085 3637 2358 3687; x_wconf 82' lang='lat' dir='ltr'>sexcenta</span> <span class='ocrx_word' id='word_1_520' title='bbox 2403 3629 2626 3697; x_wconf 75' lang='lat' dir='ltr'>millia3</span> <span class='ocrx_word' id='word_1_521' title='bbox 2658 3630 2918 3696; x_wconf 80' lang='lat' dir='ltr'>equitum</span> <span class='ocrx_word' id='word_1_522' title='bbox 2969 3642 3101 3680; x_wconf 88' lang='lat' dir='ltr'>vero</span> <span class='ocrx_word' id='word_1_523' title='bbox 3150 3623 3526 3684; x_wconf 86' lang='lat' dir='ltr'>loricatorum</span> 
     </span>
     <span class='ocr_line' id='line_1_81' title="bbox 1877 3715 3521 3792; baseline -0.004 -13"><span class='ocrx_word' id='word_1_524' title='bbox 1877 3731 2110 3779; x_wconf 87' lang='lat' dir='ltr'>centum</span> <span class='ocrx_word' id='word_1_525' title='bbox 2148 3721 2473 3792; x_wconf 81' lang='lat' dir='ltr'>millia.qui</span> <span class='ocrx_word' id='word_1_526' title='bbox 2518 3733 2723 3774; x_wconf 90' lang='lat' dir='ltr'>omnes</span> <span class='ocrx_word' id='word_1_527' title='bbox 2772 3722 2905 3772; x_wconf 90' lang='lat' dir='ltr'>ante</span> <span class='ocrx_word' id='word_1_528' title='bbox 2954 3716 3285 3788; x_wconf 67' lang='lat' dir='ltr'>predictam</span> <span class='ocrx_word' id='word_1_529' title='bbox 3317 3715 3521 3772; x_wconf 85' lang='lat' dir='ltr'>urbem</span> 
     </span>
     <span class='ocr_line' id='line_1_82' title="bbox 1876 3804 3521 3875; baseline -0.004 -8"><span class='ocrx_word' id='word_1_530' title='bbox 1876 3812 2285 3874; x_wconf 83' lang='lat' dir='ltr'>consistentes,</span> <span class='ocrx_word' id='word_1_531' title='bbox 2318 3813 2385 3863; x_wconf 70' lang='lat' dir='ltr'>ad</span> <span class='ocrx_word' id='word_1_532' title='bbox 2428 3824 2555 3875; x_wconf 73' lang='lat' dir='ltr'>ejus</span> <span class='ocrx_word' id='word_1_533' title='bbox 2605 3806 3086 3871; x_wconf 65' lang='lat' dir='ltr'>expugnationem</span> <span class='ocrx_word' id='word_1_534' title='bbox 3120 3804 3521 3861; x_wconf 79' lang='lat' dir='ltr'>omnimodam</span> 
     </span>
     <span class='ocr_line' id='line_1_83' title="bbox 1875 3893 3520 3968; baseline -0.004 -13"><span class='ocrx_word' id='word_1_535' title='bbox 1875 3900 2096 3955; x_wconf 85' lang='lat' dir='ltr'>dabant</span> <span class='ocrx_word' id='word_1_536' title='bbox 2146 3914 2420 3968; x_wconf 87' lang='lat' dir='ltr'>operam;</span> <span class='ocrx_word' id='word_1_537' title='bbox 2471 3895 2734 3952; x_wconf 82' lang='lat' dir='ltr'>laborum</span> <span class='ocrx_word' id='word_1_538' title='bbox 2786 3910 3026 3948; x_wconf 91' lang='lat' dir='ltr'>suorum</span> <span class='ocrx_word' id='word_1_539' title='bbox 3072 3893 3358 3963; x_wconf 87' lang='lat' dir='ltr'>primitias</span> <span class='ocrx_word' id='word_1_540' title='bbox 3386 3906 3520 3948; x_wconf 85' lang='lat' dir='ltr'>cum</span> 
     </span>
     <span class='ocr_line' id='line_1_84' title="bbox 1875 3989 3092 4047; baseline -0.007 -1"><span class='ocrx_word' id='word_1_541' title='bbox 1875 3990 2035 4047; x_wconf 85' lang='lat' dir='ltr'>omni</span> <span class='ocrx_word' id='word_1_542' title='bbox 2068 3989 2373 4045; x_wconf 85' lang='lat' dir='ltr'>devotione</span> <span class='ocrx_word' id='word_1_543' title='bbox 2397 3993 2635 4041; x_wconf 46' lang='lat' dir='ltr'>pomino</span> <span class='ocrx_word' id='word_1_544' title='bbox 2663 3990 3092 4040; x_wconf 85' lang='lat' dir='ltr'>consecrantes.</span> 
     </span>
    </p>
   </div>
   <div class='ocr_carea' id='block_1_15' title="bbox 1098 4444 2531 4537">
    <p class='ocr_par' dir='ltr' id='par_1_16' title="bbox 1098 4444 2531 4537">
     <span class='ocr_line' id='line_1_85' title="bbox 1098 4444 2531 4537; baseline 0.006 -9"><span class='ocrx_word' id='word_1_545' title='bbox 1098 4445 1493 4534; x_wconf 87' lang='lat' dir='ltr'><strong>INCIPIT</strong></span> <span class='ocrx_word' id='word_1_546' title='bbox 1573 4444 1915 4534; x_wconf 76' lang='lat' dir='ltr'><strong>LIBER</strong></span> <span class='ocrx_word' id='word_1_547' title='bbox 1986 4444 2531 4537; x_wconf 69' lang='lat' dir='ltr'>TERTIUS,</span> 
     </span>
    </p>
   </div>
   <div class='ocr_carea' id='block_1_16' title="bbox 642 4802 1228 4865">
    <p class='ocr_par' dir='ltr' id='par_1_17' title="bbox 642 4802 1228 4865">
     <span class='ocr_line' id='line_1_86' title="bbox 642 4802 1228 4865; baseline 0.014 -7"><span class='ocrx_word' id='word_1_548' title='bbox 642 4802 874 4863; x_wconf 76' lang='lat' dir='ltr'>CAPUT</span> <span class='ocrx_word' id='word_1_549' title='bbox 911 4804 1228 4865; x_wconf 81' lang='lat' dir='ltr'><strong>PRIMUM.</strong></span> 
     </span>
    </p>
   </div>
   <div class='ocr_carea' id='block_1_17' title="bbox 92 4906 1757 5583">
    <p class='ocr_par' dir='ltr' id='par_1_18' title="bbox 105 4906 1757 5320">
     <span class='ocr_line' id='line_1_87' title="bbox 105 4906 1757 4994; baseline 0.008 -30"><span class='ocrx_word' id='word_1_550' title='bbox 105 4906 413 4990; x_wconf 66' lang='lat' dir='ltr'>Descriptio</span> <span class='ocrx_word' id='word_1_551' title='bbox 457 4909 611 4967; x_wconf 77' lang='lat' dir='ltr'>urbia</span> <span class='ocrx_word' id='word_1_552' title='bbox 655 4912 911 4980; x_wconf 71' lang='lat' dir='ltr'>Nicoenoe,</span> <span class='ocrx_word' id='word_1_553' title='bbox 932 4920 984 4972; x_wconf 77' lang='lat' dir='ltr'>ct</span> <span class='ocrx_word' id='word_1_554' title='bbox 1023 4917 1139 4982; x_wconf 76' lang='lat' dir='ltr'>eius</span> <span class='ocrx_word' id='word_1_555' title='bbox 1170 4920 1586 4988; x_wconf 72' lang='lat' dir='ltr'>proeroyalivoe:</span> <span class='ocrx_word' id='word_1_556' title='bbox 1615 4922 1757 4994; x_wconf 79' lang='lat' dir='ltr'>quod</span> 
     </span>
     <span class='ocr_line' id='line_1_88' title="bbox 173 4977 1748 5058; baseline 0.01 -24"><span class='ocrx_word' id='word_1_557' title='bbox 173 4977 555 5048; x_wconf 69' lang='lat' dir='ltr'>Solimariaca,</span> <span class='ocrx_word' id='word_1_558' title='bbox 613 4987 713 5055; x_wconf 75' lang='lat' dir='ltr'>qui</span> <span class='ocrx_word' id='word_1_559' title='bbox 749 4985 809 5041; x_wconf 82' lang='lat' dir='ltr'>in</span> <span class='ocrx_word' id='word_1_560' title='bbox 852 5003 918 5042; x_wconf 79' lang='lat' dir='ltr'>ea</span> <span class='ocrx_word' id='word_1_561' title='bbox 964 4987 1376 5058; x_wconf 80' lang='lat' dir='ltr'>dominabatur,</span> <span class='ocrx_word' id='word_1_562' title='bbox 1408 5008 1477 5047; x_wconf 76' lang='lat' dir='ltr'>ex</span> <span class='ocrx_word' id='word_1_563' title='bbox 1496 4995 1748 5050; x_wconf 66' lang='lat' dir='ltr'>atainei-so</span> 
     </span>
     <span class='ocr_line' id='line_1_89' title="bbox 173 5049 1746 5135; baseline 0.008 -26"><span class='ocrx_word' id='word_1_564' title='bbox 173 5049 402 5109; x_wconf 73' lang='lat' dir='ltr'>oriente</span> <span class='ocrx_word' id='word_1_565' title='bbox 429 5053 726 5111; x_wconf 78' lang='lat' dir='ltr'>Tarcorum</span> <span class='ocrx_word' id='word_1_566' title='bbox 772 5060 1021 5124; x_wconf 63' lang='lat' dir='ltr'>inuentos</span> <span class='ocrx_word' id='word_1_567' title='bbox 1067 5066 1256 5117; x_wconf 78' lang='lat' dir='ltr'>contra</span> <span class='ocrx_word' id='word_1_568' title='bbox 1286 5069 1496 5119; x_wconf 66' lang='lat' dir='ltr'>nostros</span> <span class='ocrx_word' id='word_1_569' title='bbox 1524 5067 1746 5135; x_wconf 67' lang='lat' dir='ltr'>colleoa-</span> 
     </span>
     <span class='ocr_line' id='line_1_90' title="bbox 165 5125 1584 5196; baseline 0.009 -18"><span class='ocrx_word' id='word_1_570' title='bbox 165 5134 254 5179; x_wconf 70' lang='grc' dir='ltr'>ναι</span> <span class='ocrx_word' id='word_1_571' title='bbox 284 5125 492 5195; x_wconf 69' lang='lat' dir='ltr'>copias,</span> <span class='ocrx_word' id='word_1_572' title='bbox 523 5127 698 5184; x_wconf 73' lang='lat' dir='ltr'>lutens</span> <span class='ocrx_word' id='word_1_573' title='bbox 726 5131 972 5196; x_wconf 70' lang='lat' dir='ltr'>insidiis,</span> <span class='ocrx_word' id='word_1_574' title='bbox 1004 5138 1063 5187; x_wconf 77' lang='lat' dir='ltr'>ut</span> <span class='ocrx_word' id='word_1_575' title='bbox 1084 5140 1294 5190; x_wconf 77' lang='lat' dir='ltr'>nostros</span> <span class='ocrx_word' id='word_1_576' title='bbox 1325 5137 1584 5191; x_wconf 65' lang='lat' dir='ltr'>irrueret.</span> 
     </span>
     <span class='ocr_line' id='line_1_91' title="bbox 165 5227 1747 5320; baseline 0.011 -34"><span class='ocrx_word' id='word_1_577' title='bbox 165 5227 268 5286; x_wconf 65' lang='lat' dir='ltr'>aa«</span> <span class='ocrx_word' id='word_1_578' title='bbox 302 5236 497 5286; x_wconf 85' lang='lat' dir='ltr'>autem</span> <span class='ocrx_word' id='word_1_579' title='bbox 530 5233 722 5293; x_wconf 76' lang='lat' dir='ltr'>Nicaea</span> <span class='ocrx_word' id='word_1_580' title='bbox 751 5254 864 5292; x_wconf 89' lang='lat' dir='ltr'>una</span> <span class='ocrx_word' id='word_1_581' title='bbox 895 5240 968 5297; x_wconf 87' lang='lat' dir='ltr'>de</span> <span class='ocrx_word' id='word_1_582' title='bbox 999 5241 1243 5298; x_wconf 85' lang='lat' dir='ltr'>urbibus</span> <span class='ocrx_word' id='word_1_583' title='bbox 1277 5243 1585 5317; x_wconf 77' lang='lat' dir='ltr'>Bithyniae,</span> <span class='ocrx_word' id='word_1_584' title='bbox 1616 5262 1747 5320; x_wconf 58' lang='lat' dir='ltr'>quse</span> 
     </span>
    </p>

    <p class='ocr_par' dir='ltr' id='par_1_19' title="bbox 96 5316 1741 5406">
     <span class='ocr_line' id='line_1_92' title="bbox 96 5316 1741 5406; baseline 0.007 -30"><span class='ocrx_word' id='word_1_585' title='bbox 96 5318 169 5376; x_wconf 82' lang='lat' dir='ltr'>ed</span> <span class='ocrx_word' id='word_1_586' title='bbox 232 5316 630 5381; x_wconf 69' lang='lat' dir='ltr'>Nicomediam</span> <span class='ocrx_word' id='word_1_587' title='bbox 705 5327 970 5396; x_wconf 76' lang='lat' dir='ltr'>ejusdem</span> <span class='ocrx_word' id='word_1_588' title='bbox 1033 5332 1289 5405; x_wconf 81' lang='lat' dir='ltr'>regionis</span> <span class='ocrx_word' id='word_1_589' title='bbox 1349 5335 1741 5406; x_wconf 80' lang='lat' dir='ltr'>metropolim,</span> 
     </span>
    </p>

    <p class='ocr_par' dir='ltr' id='par_1_20' title="bbox 92 5408 1744 5583">
     <span class='ocr_line' id='line_1_93' title="bbox 92 5408 1744 5495; baseline 0.012 -32"><span class='ocrx_word' id='word_1_590' title='bbox 92 5421 258 5464; x_wconf 82' lang='lat' dir='ltr'>more</span> <span class='ocrx_word' id='word_1_591' title='bbox 292 5408 796 5482; x_wconf 70' lang='lat' dir='ltr'>suffraganearum</span> <span class='ocrx_word' id='word_1_592' title='bbox 848 5418 1075 5474; x_wconf 88' lang='lat' dir='ltr'>urbium</span> <span class='ocrx_word' id='word_1_593' title='bbox 1113 5423 1271 5487; x_wconf 83' lang='lat' dir='ltr'>prius</span> <span class='ocrx_word' id='word_1_594' title='bbox 1319 5420 1521 5477; x_wconf 86' lang='lat' dir='ltr'>babuit</span> <span class='ocrx_word' id='word_1_595' title='bbox 1554 5440 1744 5495; x_wconf 88' lang='lat' dir='ltr'>respe-</span> 
     </span>
     <span class='ocr_line' id='line_1_94' title="bbox 93 5501 1739 5583; baseline 0.01 -28"><span class='ocrx_word' id='word_1_596' title='bbox 93 5501 294 5566; x_wconf 65' lang='lat' dir='ltr'>cteuu</span> <span class='ocrx_word' id='word_1_597' title='bbox 327 5504 520 5569; x_wconf 69' lang='lat' dir='ltr'>postea</span> <span class='ocrx_word' id='word_1_598' title='bbox 551 5517 683 5560; x_wconf 83' lang='lat' dir='ltr'>vero</span> <span class='ocrx_word' id='word_1_599' title='bbox 713 5521 749 5561; x_wconf 85' lang='lat' dir='ltr'>a</span> <span class='ocrx_word' id='word_1_600' title='bbox 789 5505 1025 5564; x_wconf 83' lang='lat' dir='ltr'>domino</span> <span class='ocrx_word' id='word_1_601' title='bbox 1071 5511 1448 5566; x_wconf 77' lang='lat' dir='ltr'>Constantino</span> <span class='ocrx_word' id='word_1_602' title='bbox 1480 5515 1739 5583; x_wconf 80' lang='lat' dir='ltr'>Augusto</span> 
     </span>
    </p>
   </div>
   <div class='ocr_carea' id='block_1_18' title="bbox 97 5584 1740 5673">
    <p class='ocr_par' dir='ltr' id='par_1_21' title="bbox 97 5584 1740 5673">
     <span class='ocr_line' id='line_1_95' title="bbox 97 5584 1740 5673; baseline 0.01 -26"><span class='ocrx_word' id='word_1_603' title='bbox 97 5584 338 5648; x_wconf 60' lang='grc' dir='ltr'><strong>παίω·</strong></span> <span class='ocrx_word' id='word_1_604' title='bbox 360 5602 400 5647; x_wconf 80' lang='lat' dir='ltr'>e</span> <span class='ocrx_word' id='word_1_605' title='bbox 417 5588 826 5661; x_wconf 72' lang='lat' dir='ltr'>jurisdictione</span> <span class='ocrx_word' id='word_1_606' title='bbox 841 5595 1003 5657; x_wconf 84' lang='lat' dir='ltr'>illius</span> <span class='ocrx_word' id='word_1_607' title='bbox 1028 5600 1397 5673; x_wconf 84' lang='lat' dir='ltr'>emancipata</span> <span class='ocrx_word' id='word_1_608' title='bbox 1412 5611 1528 5672; x_wconf 81' lang='lat' dir='ltr'>est,</span> <span class='ocrx_word' id='word_1_609' title='bbox 1556 5603 1632 5662; x_wconf 90' lang='lat' dir='ltr'>ob</span> <span class='ocrx_word' id='word_1_610' title='bbox 1653 5621 1740 5663; x_wconf 86' lang='lat' dir='ltr'>re·</span> 
     </span>
    </p>
   </div>
   <div class='ocr_carea' id='block_1_19' title="bbox 1784 4806 3507 4881">
    <p class='ocr_par' dir='ltr' id='par_1_22' title="bbox 1784 4806 3507 4881">
     <span class='ocr_line' id='line_1_96' title="bbox 1784 4806 3507 4881; baseline -0.001 -15"><span class='ocrx_word' id='word_1_611' title='bbox 1784 4811 1831 4878; x_wconf 82' lang='lat' dir='ltr'>D</span> <span class='ocrx_word' id='word_1_612' title='bbox 1860 4807 2184 4866; x_wconf 82' lang='lat' dir='ltr'>versutiam</span> <span class='ocrx_word' id='word_1_613' title='bbox 2216 4814 2426 4865; x_wconf 71' lang='lat' dir='ltr'>sanctie</span> <span class='ocrx_word' id='word_1_614' title='bbox 2457 4807 2664 4880; x_wconf 80' lang='lat' dir='ltr'>synodi</span> <span class='ocrx_word' id='word_1_615' title='bbox 2704 4808 2928 4880; x_wconf 69' lang='lat' dir='ltr'>primo,</span> <span class='ocrx_word' id='word_1_616' title='bbox 2957 4823 3085 4881; x_wconf 80' lang='lat' dir='ltr'>quie</span> <span class='ocrx_word' id='word_1_617' title='bbox 3112 4806 3170 4862; x_wconf 90' lang='lat' dir='ltr'>in</span> <span class='ocrx_word' id='word_1_618' title='bbox 3202 4821 3270 4862; x_wconf 88' lang='lat' dir='ltr'>ea</span> <span class='ocrx_word' id='word_1_619' title='bbox 3297 4819 3507 4864; x_wconf 76' lang='lat' dir='ltr'>conve·</span> 
     </span>
    </p>
   </div>
   <div class='ocr_carea' id='block_1_20' title="bbox 1849 4895 3503 5593">
    <p class='ocr_par' dir='ltr' id='par_1_23' title="bbox 1849 4895 3503 5593">
     <span class='ocr_line' id='line_1_97' title="bbox 1866 4895 3503 4970; baseline 0 -16"><span class='ocrx_word' id='word_1_620' title='bbox 1866 4899 1974 4954; x_wconf 86' lang='lat' dir='ltr'>nit.</span> <span class='ocrx_word' id='word_1_621' title='bbox 2002 4899 2060 4954; x_wconf 88' lang='lat' dir='ltr'>In</span> <span class='ocrx_word' id='word_1_622' title='bbox 2081 4900 2187 4954; x_wconf 86' lang='lat' dir='ltr'>bac</span> <span class='ocrx_word' id='word_1_623' title='bbox 2211 4897 2998 4969; x_wconf 85' lang='lat' dir='ltr'>enim,temporibusdomini</span> <span class='ocrx_word' id='word_1_624' title='bbox 3021 4895 3294 4969; x_wconf 80' lang='lat' dir='ltr'>Sylvostri</span> <span class='ocrx_word' id='word_1_625' title='bbox 3319 4912 3503 4970; x_wconf 76' lang='lat' dir='ltr'>papie,</span> 
     </span>
     <span class='ocr_line' id='line_1_98' title="bbox 1863 4986 3502 5061; baseline 0.002 -18"><span class='ocrx_word' id='word_1_626' title='bbox 1863 4990 1924 5043; x_wconf 87' lang='lat' dir='ltr'>et</span> <span class='ocrx_word' id='word_1_627' title='bbox 1975 4988 2081 5042; x_wconf 86' lang='lat' dir='ltr'>viri</span> <span class='ocrx_word' id='word_1_628' title='bbox 2124 4986 2465 5043; x_wconf 82' lang='lat' dir='ltr'>venerabilis</span> <span class='ocrx_word' id='word_1_629' title='bbox 2512 4988 2820 5044; x_wconf 79' lang='lat' dir='ltr'>Alexandri</span> <span class='ocrx_word' id='word_1_630' title='bbox 2863 4986 3361 5058; x_wconf 81' lang='lat' dir='ltr'>Constantinopoli</span> <span class='ocrx_word' id='word_1_631' title='bbox 3391 5004 3502 5061; x_wconf 84' lang='lat' dir='ltr'>pa·</span> 
     </span>
     <span class='ocr_line' id='line_1_99' title="bbox 1856 5075 3502 5149; baseline 0.002 -20"><span class='ocrx_word' id='word_1_632' title='bbox 1856 5075 2151 5141; x_wconf 63' lang='lat' dir='ltr'>triarchas,</span> <span class='ocrx_word' id='word_1_633' title='bbox 2197 5083 2257 5130; x_wconf 88' lang='lat' dir='ltr'>et.</span> <span class='ocrx_word' id='word_1_634' title='bbox 2307 5077 2563 5146; x_wconf 72' lang='lat' dir='ltr'>praedicti</span> <span class='ocrx_word' id='word_1_635' title='bbox 2613 5075 2979 5132; x_wconf 88' lang='lat' dir='ltr'>Constantini</span> <span class='ocrx_word' id='word_1_636' title='bbox 3013 5079 3263 5149; x_wconf 76' lang='lat' dir='ltr'>Augusti</span> <span class='ocrx_word' id='word_1_637' title='bbox 3296 5082 3502 5133; x_wconf 89' lang='lat' dir='ltr'>sancta</span> 
     </span>
     <span class='ocr_line' id='line_1_100' title="bbox 1855 5165 3502 5239; baseline 0.001 -18"><span class='ocrx_word' id='word_1_638' title='bbox 1855 5165 2117 5239; x_wconf 82' lang='lat' dir='ltr'>synodus</span> <span class='ocrx_word' id='word_1_639' title='bbox 2150 5170 2535 5220; x_wconf 86' lang='lat' dir='ltr'>trecentorum</span> <span class='ocrx_word' id='word_1_640' title='bbox 2561 5166 2755 5221; x_wconf 86' lang='lat' dir='ltr'>deceni</span> <span class='ocrx_word' id='word_1_641' title='bbox 2790 5172 2846 5221; x_wconf 87' lang='lat' dir='ltr'>et</span> <span class='ocrx_word' id='word_1_642' title='bbox 2874 5174 3004 5222; x_wconf 74' lang='lat' dir='ltr'>octo</span> <span class='ocrx_word' id='word_1_643' title='bbox 3036 5166 3268 5222; x_wconf 76' lang='lat' dir='ltr'>Pati-um</span> <span class='ocrx_word' id='word_1_644' title='bbox 3299 5167 3502 5223; x_wconf 78' lang='lat' dir='ltr'>adver-</span> 
     </span>
     <span class='ocr_line' id='line_1_101' title="bbox 1854 5255 3497 5328; baseline -0.001 -17"><span class='ocrx_word' id='word_1_645' title='bbox 1854 5270 1961 5311; x_wconf 90' lang='lat' dir='ltr'>eus</span> <span class='ocrx_word' id='word_1_646' title='bbox 1992 5255 2313 5327; x_wconf 69' lang='lat' dir='ltr'>inipirtaies</span> <span class='ocrx_word' id='word_1_647' title='bbox 2355 5257 2496 5323; x_wconf 80' lang='lat' dir='ltr'>Arii,</span> <span class='ocrx_word' id='word_1_648' title='bbox 2528 5262 2585 5309; x_wconf 87' lang='lat' dir='ltr'>et</span> <span class='ocrx_word' id='word_1_649' title='bbox 2625 5256 2963 5328; x_wconf 85' lang='lat' dir='ltr'>sequacium</span> <span class='ocrx_word' id='word_1_650' title='bbox 2999 5271 3238 5309; x_wconf 86' lang='lat' dir='ltr'>suorum</span> <span class='ocrx_word' id='word_1_651' title='bbox 3262 5270 3497 5324; x_wconf 81' lang='lat' dir='ltr'>congre-</span> 
     </span>
     <span class='ocr_line' id='line_1_102' title="bbox 1851 5344 3494 5417; baseline 0 -17"><span class='ocrx_word' id='word_1_652' title='bbox 1851 5352 1987 5417; x_wconf 84' lang='lat' dir='ltr'>gata</span> <span class='ocrx_word' id='word_1_653' title='bbox 2017 5354 2124 5402; x_wconf 89' lang='lat' dir='ltr'>est.</span> <span class='ocrx_word' id='word_1_654' title='bbox 2159 5348 2293 5413; x_wconf 76' lang='lat' dir='ltr'>Quin</span> <span class='ocrx_word' id='word_1_655' title='bbox 2324 5362 2522 5400; x_wconf 80' lang='lat' dir='ltr'>eorum</span> <span class='ocrx_word' id='word_1_656' title='bbox 2547 5346 2869 5414; x_wconf 86' lang='lat' dir='ltr'>pernicioso</span> <span class='ocrx_word' id='word_1_657' title='bbox 2900 5344 3179 5414; x_wconf 82' lang='lat' dir='ltr'>languore</span> <span class='ocrx_word' id='word_1_658' title='bbox 3197 5346 3494 5412; x_wconf 78' lang='lat' dir='ltr'>damnato,</span> 
     </span>
     <span class='ocr_line' id='line_1_103' title="bbox 1850 5434 3494 5493; baseline 0 -5"><span class='ocrx_word' id='word_1_659' title='bbox 1850 5446 1904 5488; x_wconf 90' lang='lat' dir='ltr'>et</span> <span class='ocrx_word' id='word_1_660' title='bbox 1921 5453 1979 5488; x_wconf 83' lang='lat' dir='ltr'>sa</span> <span class='ocrx_word' id='word_1_661' title='bbox 1991 5442 2252 5490; x_wconf 85' lang='lat' dir='ltr'>notorum</span> <span class='ocrx_word' id='word_1_662' title='bbox 2280 5436 2631 5490; x_wconf 85' lang='lat' dir='ltr'>testimoniis</span> <span class='ocrx_word' id='word_1_663' title='bbox 2644 5435 2883 5489; x_wconf 72' lang='lat' dir='ltr'>veritate</span> <span class='ocrx_word' id='word_1_664' title='bbox 2903 5434 3192 5488; x_wconf 80' lang='lat' dir='ltr'>declarata</span> <span class='ocrx_word' id='word_1_665' title='bbox 3207 5435 3494 5493; x_wconf 66' lang='lat' dir='ltr'>universa</span> 
     </span>
     <span class='ocr_line' id='line_1_104' title="bbox 1849 5522 3487 5593; baseline 0.001 -15"><span class='ocrx_word' id='word_1_666' title='bbox 1849 5522 2118 5579; x_wconf 75' lang='lat' dir='ltr'>Ecclesiie</span> <span class='ocrx_word' id='word_1_667' title='bbox 2152 5525 2268 5592; x_wconf 77' lang='lat' dir='ltr'>liei,</span> <span class='ocrx_word' id='word_1_668' title='bbox 2319 5525 2450 5581; x_wconf 73' lang='lat' dir='ltr'>fidei</span> <span class='ocrx_word' id='word_1_669' title='bbox 2486 5526 2726 5578; x_wconf 67' lang='lat' dir='ltr'>{orniam</span> <span class='ocrx_word' id='word_1_670' title='bbox 2775 5523 3175 5579; x_wconf 85' lang='lat' dir='ltr'>intemeratam</span> <span class='ocrx_word' id='word_1_671' title='bbox 3221 5524 3487 5593; x_wconf 70' lang='lat' dir='ltr'>praebuit.</span> 
     </span>
    </p>
   </div>
   <div class='ocr_carea' id='block_1_21' title="bbox 1848 5612 3485 5690">
    <p class='ocr_par' dir='ltr' id='par_1_24' title="bbox 1848 5612 3485 5690">
     <span class='ocr_line' id='line_1_105' title="bbox 1848 5612 3485 5690; baseline 0.001 -19"><span class='ocrx_word' id='word_1_672' title='bbox 1848 5612 1917 5672; x_wconf 81' lang='lat' dir='ltr'>ln</span> <span class='ocrx_word' id='word_1_673' title='bbox 1931 5615 2038 5672; x_wconf 86' lang='lat' dir='ltr'>bao</span> <span class='ocrx_word' id='word_1_674' title='bbox 2056 5614 2255 5676; x_wconf 80' lang='lat' dir='ltr'>eadem</span> <span class='ocrx_word' id='word_1_675' title='bbox 2280 5616 2674 5690; x_wconf 85' lang='lat' dir='ltr'>postmodum,</span> <span class='ocrx_word' id='word_1_676' title='bbox 2696 5618 2955 5687; x_wconf 80' lang='lat' dir='ltr'>tempore</span> <span class='ocrx_word' id='word_1_677' title='bbox 2966 5613 3485 5676; x_wconf 71' lang='lat' dir='ltr'>dominicanatau&#39;·</span> 
     </span>
    </p>
   </div>
  </div>
 </body>
</html>
