3784 6000
15 5192 46 5283 .···-s·
15 5136 32 5175 ···

83 201 227 260 1³57

1063 190 1434 251 EPISTOLAE
1472 191 1561 248 ET
1600 185 2039 248 PfflvtLEGIA.
2079 218 2147 230 --
2186 184 2305 244 AN.
2342 177 2506 246 1¹85.

76 331 196 386 tate
228 333 329 385 tua
366 327 498 400 ejus
527 323 876 383 satisfacere
902 319 1203 379 instantiae
1232 318 1612 375 deberemus.
1647 319 1734 374 Tu
1766 319 1814 371 A
1842 314 1936 371 lus
1966 329 2002 370 a
2028 313 2199 369 vobis
2223 312 2487 370 decimas
2508 312 2744 383 exigere
2774 313 2864 370 vel
2894 318 3251 389 extorquere
3274 323 3515 390 praesu·-

76 419 304 489 itaque,
327 415 720 473 considerans
735 414 881 486 quia
903 410 1067 484 quod
1097 408 1369 466 differtur
1386 423 1510 464 non
1541 406 1735 463 aufer-

83 511 197 573 tur,
227 507 357 577 eius
407 503 784 574 negligentias
814 506 917 558 aut
944 498 1159 556 minori
1193 496 1517 564 affectioni,
1548 512 1733 569 quam

81 610 227 667 erga
250 599 304 651 te
324 593 683 658 habeamus,
701 605 1085 662 nequaquam
1101 586 1567 660 ascribas.quod
1591 584 1738 657 peti-

79 683 514 756 tionemipsam
529 680 870 737 distulimus
881 678 1185 742 exaudire,
1201 676 1306 731 sed
1321 677 1613 745 majorem
1635 688 1741 730 no·

80 771 829 845 biscumopportunitatem
841 766 1459 840 exspectes,quoniam
1471 771 1739 836 tempore

82 868 446 935 opportuno,
486 865 729 917 auctore
762 861 899 925 Deo,
929 856 1182 914 libenter
1215 856 1331 911 tuis
1362 852 1741 911 intendemus

84 950 423 1009 commodis
447 957 503 1006 et
529 948 763 1006 honori.

97 1076 105 1083 -
161 1042 374 1097 Datum
402 1040 670 1099 Veronoe.
701 1052 760 1092 1v
789 1038 986 1093 Nonas
1026 1034 1178 1092 Maii.

780 1140 1069 1199 ccxxxii.

87 1233 421 1306 Privileqia
447 1249 560 1304 pro
598 1229 1101 1360 monasvtgrgaefs.
1133 1229 1301 1287 Petri
1335 1234 1390 1285 et
1429 1226 1549 1285 Viti
1571 1226 1744 1284 Cala·

859 1319 896 1357 n
1031 1340 1050 1357 ο

615 1392 907 1465 (Veronoe,
938 1391 1071 1447 Jun.
1104 1390 1222 1461 13.)

417 1482 706 1556 [Ucnsuu
742 1481 925 1538 ltalia
954 1493 1149 1545 saera,
1181 1476 1249 1543 V,
1277 1474 1431 1551 803.]

168 1572 372 1628 Lucius
398 1570 745 1643 episcopus,
797 1582 1005 1625 servus
1030 1581 1343 1624 servorum
1376 1564 1497 1633 Dei,
1524 1563 1751 1621 dilectis

1847 402 2299 476 mat,liceatque
2328 402 2496 459 vobis
2527 402 2775 460 clericos
2794 407 2850 477 et
2879 403 3085 471 laicos,
3114 420 3147 461 e
3169 403 3391 462 saeculo
3412 402 3502 462 fu-

1845 492 2096 563 gientes,
2126 492 2362 558 liberos,
2391 492 2619 548 solutos
2644 491 2724 549 ad
2751 493 3506 567 conversionemrecipere,

1845 588 1905 637 et
1931 598 2034 636 eos
2059 581 2288 653 absque
2319 580 2785 637 contradictione
2815 579 3019 655 aliqua
3059 582 3329 640 retinere.
3361 585 3506 642 Pro·

1848 670 2126 727 bibemus
2163 671 2410 742 insuper
2439 676 2499 726 ut
2538 668 2685 727 nulli
2713 668 2966 728 fratrum
2999 676 3330 730 vestrorum
3370 678 3509 747 post

1848 759 2074 816 iactam
2095 759 2154 816 in
2187 757 2402 817 eodem
2428 758 2563 817 loco
2591 759 3028 833 professionem
3056 761 3146 819 fas
3172 761 3248 819 sit
3274 761 3508 836 absque

1850 849 2089 922 abbatis
2110 848 2205 904 sui
2232 848 2492 916 licentia,
2516 850 2632 907 nisi
2659 850 2926 907 arctioris
2958 849 3263 923 religionis
3293 851 3511 912 obten-

1850 941 1937 1004 tu,
1964 937 2039 993 de
2059 937 2271 994 eodem
2296 937 2429 994 loco
2441 937 2776 1004 discedere;
2798 938 3207 997 discedentem
3219 955 3363 999 vero
3379 941 3512 1000 sine

1851 1026 2268 1083 communium
2297 1026 2624 1085 litterarum
2646 1030 2920 1086 cautione
2945 1028 3147 1087 nullus
3175 1029 3397 1090 audeat
3419 1046 3513 1090 re.

1851 1116 2079 1172 tinere..
2111 1116 2256 1172 Cum
2278 1122 2478 1172 autem
2499 1117 2774 1189 generale
2795 1115 3178 1176 interdictum
3197 1125 3368 1178 terrae
3383 1119 3514 1178 fue-

1850 1206 1948 1272 rit,
1967 1205 2142 1262 liceat
2173 1204 2356 1277 vobis,
2403 1205 2629 1263 clausis
2647 1206 2877 1279 januis,
2923 1223 3045 1266 non
3068 1208 3319 1282 pulsatis
3350 1225 3513 1269 cam·

1855 1295 2052 1368 panis,
2074 1294 2330 1350 exclusis
2358 1296 2890 1353 excommunicatis
2911 1303 2969 1354 et
2997 1297 3342 1366 interdictis,
3370 1315 3514 1373 sup·

1858 1399 2070 1458 pressa
2097 1400 2244 1441 voce
2272 1383 2477 1443 divina
2490 1384 2692 1442 officia
2720 1384 3042 1445 celebrare.
3068 1387 3342 1448 Decimas
3371 1403 3515 1448 vero

1858 1472 1932 1530 de
1954 1473 2211 1547 propriis
2236 1472 2564 1542 laboribus,
2594 1490 2702 1531 seu
2717 1476 2898 1533 etiam
2922 1476 3258 1535 redditibus
3284 1493 3324 1536 a
3342 1476 3518 1537 vobis

1857 1564 2094 1634 exigere
2126 1560 2216 1618 vel
2244 1562 2516 1635 accipere
2559 1563 2908 1623 clericorum
2943 1581 3123 1624 nemo
3154 1571 3516 1640 praesumat:

96 1660 234 1717 filiis
266 1662 492 1718 Sinsom
538 1658 742 1716 abbati
773 1657 1117 1715 monasterii
1141 1657 1242 1714 SS.
1274 1655 1423 1713 Petri
1468 1660 1527 1711 et
1544 1653 1652 1710 Viti
1677 1652 1753 1709 de
1789 1678 1835 1737 B
1862 1651 2364 1725 compositionem
2380 1668 2624 1725 quoque
2651 1669 2790 1727 quoe
2809 1654 2960 1711 inter
2982 1671 3091 1712 vos
3110 1660 3168 1713 et
3183 1656 3422 1730 plebem
3441 1657 3519 1716 de

100 1749 418 1814 calavena.
497 1748 751 1822 ejusque
825 1744 1130 1811 tratribus,
1185 1749 1310 1802 tam
1361 1742 1757 1817 praesentibus

101 1854 289 1912 qnam
330 1838 566 1905 futuris,
609 1835 949 1909 regularem
980 1836 1161 1893 vitam
1189 1832 1474 1906 professis
1517 1832 1578 1889 in
1630 1847 1758 1905 per-

101 1934 375 2002 petuum.

176 2017 281 2073 Pia
332 2014 675 2089 postulatio,
702 2019 812 2072 etc.
855 2012 1326 2072 communimus.
1359 2015 1422 2069 ln
1453 2008 1659 2085 primis
1690 2010 1762 2066 si-

99 2106 349 2180 quidem
375 2109 702 2161 statuentes
731 2109 794 2160 ut
817 2101 968 2160 ordo
996 2103 1386 2168 monasticus,
1417 2100 1521 2174 qui
1551 2114 1763 2156 secun·

101 2195 250 2253 dum
282 2195 469 2251 Deum
497 2200 553 2250 et
592 2192 748 2249 beati
793 2192 1088 2249 Benedicti
1121 2188 1411 2262 Regulam
1440 2189 1501 2246 in
1547 2188 1763 2246 eodem

105 2284 475 2342 monasterio
515 2282 783 2339 noscitur
823 2280 1148 2345 institutus„
1200 2278 1501 2352 perpetuis
1537 2277 1764 2335 ibidem

103 2370 481 2446 temporibus
556 2370 971 2428 inviolabiliter
1039 2369 1409 2426 observetur.
1478 2369 1766 2424 Praeterea

102 2474 504 2538 quascunque
535 2459 968 2531 possessiones,
1015 2471 1395 2530 quascunque
1433 2454 1593 2512 bona
1627 2471 1766 2528 quoe

106 2550 276 2609 idem
292 2549 725 2607 monasterium
750 2547 811 2604 in
827 2548 1307 2621 praesentiarum,
1333 2545 1490 2617 iuste
1513 2551 1570 2602 et
1588 2559 1769 2601 cano-

105 2640 239 2696 nice
270 2637 558 2712 possidet,
589 2642 696 2694 aut
725 2637 785 2694 in
817 2637 1088 2693 futurum
1112 2635 1501 2693 concessione
1529 2630 1770 2706 pontifi-

104 2726 585 2800 cum,largitione
598 2742 810 2797 regum
824 2725 916 2782 vel
929 2725 1295 2798 principum,
1310 2721 1612 2782 oblatione
1625 2721 1770 2779 fide·

102 2816 275 2883 lium,
297 2834 401 2872 seu
428 2815 560 2874 aliis
578 2816 756 2888 justis
774 2814 994 2882 modis,
1020 2819 1342 2887 priestante
1366 2811 1639 2877 Domino,
1662 2826 1769 2884 po·

105 2904 237 2962 terit
262 2905 532 2976 adipisci,
561 2905 735 2962 firma
758 2904 933 2961 vobis
964 2904 1292 2975 vestrisque
1321 2900 1770 2958 successoribus

1865 1740 2158 1798 cavalena
2183 1756 2364 1814 super
2378 1740 2748 1815 quibusdam
2763 1742 3011 1801 decimis
3032 1744 3387 1814 intercessit,
3409 1745 3521 1804 sic-

1869 1835 1935 1887 ut
1978 1829 2116 1887 hinc
2153 1828 2290 1887 inde
2316 1835 2554 1903 recepta
2593 1836 2773 1889 estet
2813 1832 2873 1889 in
2916 1833 3229 1909 scripturis
3259 1834 3518 1909 publicis

1868 1919 2229 1988 continetur,
2242 1918 2593 1977 auctoritate
2607 1921 2941 1993 apostolica
2956 1921 3407 1982 confirmamus.
3424 1923 3522 1983 Se·

1870 2007 2173 2081 pulturam
2201 2014 2485 2080 praeterea
2511 2008 2700 2082 ipsius
2743 2011 3089 2069 monasterii
3112 2011 3364 2071 liberam
3388 2028 3522 2072 esse

1869 2096 2270 2163 decernimus,
2301 2100 2361 2154 ut
2392 2113 2597 2154 eorum
2621 2098 2922 2157 devotioni
2939 2105 2999 2157 et
3012 2104 3294 2160 extrema
3318 2100 3529 2161 volun-

1872 2186 1976 2244 tati
2007 2186 2110 2258 qui
2171 2203 2234 2243 se
2282 2184 2396 2243 illic
2441 2187 2693 2260 sepelire
2722 2187 3206 2259 deliberaverint,
3233 2190 3352 2248 nisi
3375 2190 3532 2250 forte.

1875 2275 2376 2332 excommunicati
2420 2275 2507 2333 vel
2537 2276 2830 2335 interdicti
2857 2277 2994 2347 sint,
3024 2277 3226 2337 nullus
3251 2281 3526 2350 obsistat,

1875 2364 2264 2422 salvatamen
2286 2364 2516 2436 justitia
2540 2363 2782 2424 illarum
2803 2366 3219 2435 ecclesiarum,
3240 2386 3277 2428 a
3303 2370 3529 2444 quibus

1878 2456 2254 2510 mortuorum
2275 2469 2530 2526 corpora
2555 2461 2963 2513 assumuntur.
2988 2457 3258 2516 obeunte
3286 2475 3427 2518 vero
3449 2464 3532 2527 te,

1878 2557 2040 2598 nunc
2060 2541 2332 2614 ejusdem
2356 2542 2469 2598 loci
2486 2542 2729 2611 abbate,
2763 2544 2855 2602 vel
2887 2551 3126 2603 tuorum
3148 2548 3530 2623 quomodoli-

1875 2630 1978 2687 bet
2006 2645 2424 2688 successorum
2455 2631 2652 2689 nullus
2692 2632 2772 2690 ibi
2804 2633 3074 2707 qualibet
3113 2635 3524 2711 subreptionis

1880 2720 2098 2776 astutia
2114 2736 2219 2777 seu
2235 2720 2519 2777 violentia
2538 2726 2945 2794 proeponatur,
2969 2725 3081 2781 nisi
3108 2741 3290 2799 quem
3318 2726 3530 2785 fratres

1878 2811 2520 2877 communiconsensu,
2543 2810 2634 2869 vel
2645 2805 2898 2869 fratrum
2925 2824 3065 2885 pars
3081 2815 3314 2873 consilii
3329 2818 3531 2876 sanio-

1879 2901 1959 2956 ris
1988 2900 2321 2956 secundum
2352 2899 2453 2956 Dei
2485 2900 2785 2968 timorem,
2830 2907 2887 2959 et
2912 2904 2974 2959 B.
3023 2904 3321 2966 Benedicti
3360 2919 3535 2981 regu-

106 2999 167 3051 et
193 2993 420 3052 illibata
445 2997 861 3066 permaneant.
882 2993 947 3049 ln
976 2992 1200 3066 quibus
1226 2991 1355 3048 baso
1371 2989 1629 3063 propriis
1658 2987 1771 3046 du-
1879 2988 2002 3046 lam
2034 2989 2400 3062 providerint
2430 2988 2793 3062 eligendum.

105 3083 309 3140 ximus
333 3081 728 3155 exprimenda
761 3080 1093 3141 vocabulis.

183 3172 404 3227 Locum
428 3172 630 3242 ipsum
662 3171 865 3243 inquo
893 3168 1211 3244 pressatum
1243 3168 1679 3225 monasterium
1701 3167 1772 3222 si-

111 3266 241 3319 tum
272 3266 378 3326 est,
409 3275 545 3315 cum
569 3257 857 3316 omnibus
890 3258 1260 3332 pertinentiis
1292 3258 1449 3327 suis;
1478 3255 1772 3329 capellam

110 3351 311 3407 Sancti
361 3348 622 3407 Faustini
665 3348 728 3404 in
780 3354 978 3404 castro
1017 3337 1337 3417 veronen„
1391 3344 1686 3420 capellam
1712 3345 1772 3403 S.

110 3438 413 3497 Ambrosii
439 3439 497 3495 in
526 3437 693 3494 curia
720 3438 1007 3501 mezzane,
1036 3441 1092 3493 et
1117 3448 1257 3494 cum
1283 3435 1433 3504 rivo,
1465 3439 1522 3491 et
1552 3432 1776 3491 molen-

113 3528 367 3594 dinis,et
386 3526 818 3584 omnibusaliis
844 3525 968 3581 suis
997 3523 1388 3597 pertinentiis,
1412 3521 1776 3595 etcapellam

113 3618 174 3675 S.
207 3617 430 3674 Nicolai
487 3618 545 3672 in
594 3616 838 3672 colonia
892 3630 1030 3670 cum
1070 3614 1356 3670 omnibus
1407 3611 1777 3687 pertinentiis

116 3706 280 3773 suis;
312 3705 605 3778 capellam
668 3706 725 3762 S.
778 3704 1031 3760 Andreas
1081 3703 1258 3759 sitam
1283 3703 1345 3759 in
1401 3701 1594 3761 masio
1636 3716 1772 3757 cum

113 3795 401 3852 omnibus
446 3793 813 3866 pertinentiis
890 3791 1375 3863 suis;capellam
1450 3792 1507 3848 S.
1572 3789 1775 3846 vitalis

117 3886 296 3940 sitam
342 3885 402 3939 in
431 3883 652 3940 cuculo
703 3898 841 3938 cum
873 3880 1161 3937 omnibus
1204 3880 1578 3952 pertinentiis
1602 3879 1772 3946 suis;

115 3977 345 4029 curtem
399 3972 596 4028 coculi
626 3987 767 4028 cum
821 3969 1115 4038 districto,
1146 3977 1203 4025 et
1232 3970 1362 4026 aliis
1408 3967 1776 4041 pertinentiis

114 4062 256 4118 suis.
312 4060 617 4134 Quidquid
670 4060 820 4131 juris
869 4064 926 4115 et
985 4056 1365 4130 proprietatis
1419 4055 1656 4115 habetis
1716 4056 1778 4113 in

112 4155 277 4208 curte
324 4149 614 4212 Treniaci.
672 4155 728 4205 et
772 4147 1128 4211 Marcemici,
1181 4146 1432 4211 Centuli,
1482 4143 1678 4203 Casali
1722 4150 1781 4201 et

117 4239 447 4305 custnani3
483 4239 715 4294 curiam
747 4235 1061 4310 Cosparini
1091 4252 1229 4292 cum
1256 4235 1528 4304 decimis,
1566 4239 1625 4290 et
1649 4233 1779 4291 aliis

113 4327 480 4402 pertinentiis
523 4328 667 4392 suis,
699 4331 757 4382 et
784 4325 1083 4398 quidquid
1112 4325 1265 4396 juris
1308 4329 1363 4380 et
1403 4323 1779 4396 proprietatis

1954 3080 2337 3137 Decernimus
2383 3095 2546 3154 ergo,
2578 3086 2713 3148 etc„
2769 3083 2935 3141 salva
2965 3084 3124 3141 sedis
3181 3086 3530 3159 apostolica

1879 3168 2251 3236 auctoritate,
2281 3172 2339 3225 et
2365 3168 2692 3227 dioecesani
2731 3171 2997 3247 episcopi
3025 3175 3320 3233 canonica
3362 3174 3540 3248 iusti-

1881 3257 1983 3314 tia.
2013 3256 2074 3313 Si
2099 3273 2224 3331 qua
2250 3257 2450 3329 igitur,
2473 3264 2584 3315 etc.

1957 3347 2078 3416 Ego
2103 3346 2318 3403 Lucius
2343 3347 2662 3404 catholicoe
2687 3348 2964 3407 Ecclesiae
3004 3350 3352 3426 episcopus.

1957 3437 2078 3506 Ego
2089 3436 2429 3492 Theodinus
2447 3437 2780 3494 portuensis
2793 3443 2850 3494 et
2862 3438 2920 3495 S.
2936 3439 3163 3497 Rufina}
3177 3442 3335 3499 sedis
3344 3443 3537 3516 episc.

1957 3526 2078 3596 Ego
2109 3525 2392 3581 Henricus
2419 3525 2780 3582 Albanensis
2811 3527 3000 3601 episc.

1955 3612 2334 3670 Theobaldus
2361 3612 2671 3681 Ostiensis,
2694 3620 2751 3672 et
2785 3615 3111 3674 velletrens
3141 3617 3324 3691 episc.

1954 3705 2076 3774 Ego
2104 3705 2364 3759 loannes
2394 3703 2708 3776 presbyter
2731 3703 2897 3762 card.
2932 3705 3019 3762 tit.
3065 3707 3126 3764 S.
3154 3707 3355 3764 Marci.

1957 3794 2076 3864 Ego
2102 3791 2403 3849 Laborans
2426 3793 2629 3867 presb.
2662 3793 2826 3850 card.
2859 3794 2920 3852 S.
2944 3795 3137 3853 Mariae
3166 3797 3461 3854 Transtib-

1957 3883 2078 3952 Ego
2105 3880 2496 3953 Pandulphus
2521 3882 2722 3955 presb.
2755 3882 2923 3939 card.
2956 3882 3046 3940 tit.
3089 3884 3179 3942 ΧΠ
3221 3890 3429 3959 Apost.

1958 3970 2078 4042 Ego
2106 3968 2355 4025 Albinus
2401 3969 2602 4041 presb.
2633 3970 2799 4027 card.
2836 3971 2922 4028 tit.
2954 3972 3013 4030 S.
3053 3973 3335 4031 crucisin
3364 3970 3541 4032 Jeru-

1887 4057 2097 4116 salem.

1960 4149 2079 4218 Ego
2103 4146 2301 4204 Melior
2325 4146 2526 4219 presb.
2550 4146 2715 4204 card.
2751 4148 2853 4206 88.
2883 4148 3137 4209 Joannis
3175 4156 3234 4210 et
3256 4150 3425 4212 Pauli
3449 4151 3537 4211 tit.

1889 4235 2211 4295 Pamacbii.

1961 4327 2084 4399 Ego
2114 4322 2442 4380 Adelardus
2464 4324 2546 4382 tit.
2577 4324 2638 4382 S.
2665 4326 2918 4385 nareeui
2942 4329 3142 4402 presb.
3171 4331 3338 4389 card.

113 4416 351 4474 habetis
400 4417 459 4470 in
509 4416 674 4470 curia
719 4413 914 4479 illasii,
960 4418 1016 4469 et
1068 4414 1130 4470 in
1157 4413 1323 4469 curia
1352 4411 1695 4474 Coloniolas‚
1726 4415 1784 4467 et
1815 4388 1863 4444 D
1964 4413 2085 4485 Ego
2114 4412 2349 4470 Ardicio
2371 4412 2526 4471 diac.
2555 4412 2719 4472 card.
2752 4416 2809 4474 S.
2835 4416 3149 4476 Theodori.

117 4505 389 4572 calderii,
450 4502 676 4568 Porcili,
723 4503 942 4575 Capitis
988 4501 1253 4574 Alponis,
1299 4502 1495 4559 Sancti
1531 4500 1782 4557 Joannis

121 4594 419 4658 Adroviee,
464 4594 771 4660 lezzanae,
818 4590 1170 4656 Trezzolani,
1222 4591 1477 4646 coloniae
1515 4593 1570 4645 et
1601 4591 1785 4646 cava·

119 4683 282 4741 loni:
312 4681 629 4737 ecclesiam
673 4681 731 4737 S.
761 4679 954 4737 Marioe
988 4680 1046 4735 in
1085 4678 1281 4735 insula
1312 4680 1594 4746 Veronam
1628 4678 1786 4733 deci-

120 4788 254 4830 mas
310 4771 639 4843 cosparini,
695 4769 994 4827 Sorcetiet
1040 4767 1315 4835 cesolini,
1344 4766 1613 4823 decimas
1661 4766 1788 4823 cal·

1966 4505 2089 4574 Ego
2115 4501 2420 4562 soffredus
2464 4503 2523 4559 S.
2551 4505 2746 4561 Marias
2777 4504 2837 4561 in
2861 4505 2973 4564 Via
3000 4508 3146 4566 Lata
3174 4508 3334 4567 diac.
3368 4509 3539 4570 card.

1969 4595 2088 4662 Ego
2119 4591 2424 4674 Rolandus
2457 4593 2512 4649 S.
2541 4592 2740 4651 Marias
2766 4595 2825 4651 iu
2850 4595 3083 4654 Porticu
3109 4597 3267 4655 diac.
3299 4599 3468 4658 card.

1970 4683 2090 4751 Ego
2119 4681 2326 4739 Petrus
2355 4679 2416 4736 S.
2449 4681 2671 4739 Nicolai
2711 4681 2768 4740 in
2793 4685 3037 4742 carcere
3066 4685 3224 4744 diac.
3271 4688 3438 4746 card.

1968 4771 2092 4841 Ego
2122 4767 2513 4845 Pandulpbus
2552 4770 2610 4828 S.
2653 4770 2888 4844 Georgii
2933 4771 3014 4831 ad
3043 4775 3250 4834 velum
3281 4777 3546 4836 Aureum

122 4861 293 4928 derii,
327 4868 386 4917 et
411 4859 679 4916 decimas
709 4857 1058 4933 quindecim
1088 4858 1353 4928 capitum
1395 4855 1691 4912 casalvini
1728 4856 1788 4912 in
1899 4859 2055 4916 diac.
2084 4857 2253 4916 card.

122 4951 409 5007 Treniaco
465 4948 666 5005 Caseri
709 4952 767 5003 et
816 4945 1121 5013 Cusnani;
1156 4945 1427 5002 decimas
1481 4943 1702 5010 coculi,
1734 4950 1793 5003 et

1969 4949 2186 5005 Datum
2196 4947 2467 5015 Veronae,
2480 4962 2589 5021 per
2601 4949 3081 5008 manumAlberti
3098 4953 3155 5011 S.
3173 4954 3240 5009 R.
3263 4954 3326 5011 E.
3341 4954 3547 5029 presb.

125 5038 392 5095 decimas
421 5037 676 5104 Cei-redi,
698 5033 987 5093 etdeinde
1019 5037 1291 5107 superius
1312 5033 1579 5090 decimas
1611 5035 1791 5090 totius
1901 5036 2067 5095 card.
2088 5042 2146 5093 et
2171 5035 2513 5111 cancellar„
2548 5036 2755 5095 Idibus
2790 5039 2968 5107 lunii,
3002 5040 3211 5099 indict.
3244 5057 3328 5109 111,
3358 5043 3557 5102 incar·

127 5126 310 5187 alodii
340 5126 687 5184 monasterii
728 5125 921 5181 vestri.
954 5122 1120 5179 Sicut
1161 5123 1272 5180 has
1301 5123 1566 5180 decimas
1615 5138 1795 5180 cano·
1902 5126 2160 5184 nationis
2184 5123 2507 5182 Dominicae
2530 5141 2693 5187 anno
2724 5128 3105 5202 ¹¹85,pontit'.
3136 5147 3278 5191 vero
3292 5134 3360 5190 D.
3383 5133 3556 5192 Lucii

129 5217 264 5275 nice
284 5216 621 5288 possidetis,
656 5213 850 5279 vobis,
884 5219 942 5269 et
972 5212 1339 5269 monasterio
1372 5217 1568 5269 vestro
1592 5216 1796 5269 aucto·

129 5307 298 5364 ritate
323 5303 655 5376 apostolica
683 5302 1139 5360 confirmamus.
1169 5302 1323 5358 Sane
1355 5298 1666 5356 novalium
1701 5314 1797 5356 ve·

134 5400 416 5459 strorum,
441 5407 578 5466 ques
596 5391 853 5465 propriis
875 5390 1159 5448 menibus
1180 5387 1635 5461 vel.sumptibus
1657 5387 1800 5445 coli-
1895 5433 1905 5441 .

136 5484 235 5553 tis,
262 5482 384 5539 sive
416 5481 492 5538 de
516 5480 902 5538 nutrimentis
928 5478 1285 5537 animalium
1308 5483 1641 5535 vestrorum
1670 5476 1799 5534 nul-

1904 5215 2056 5274 tertii
2085 5215 2188 5271 PP.
2215 5229 2377 5271 anno
2409 5229 2490 5271 iv.

2572 5355 2900 5416 ccxxxlti.

1909 5477 2397 5550 Compositionem
2419 5477 2648 5548 factam
2670 5478 2832 5538 inter
2869 5479 3206 5559 [Ioannem]
3233 5482 3561 5546 Gratiano·
