<?xml version="1.0" encoding="UTF-8"?>
<!DOCTYPE html PUBLIC "-//W3C//DTD XHTML 1.0 Transitional//EN"
    "http://www.w3.org/TR/xhtml1/DTD/xhtml1-transitional.dtd">
<html xmlns="http://www.w3.org/1999/xhtml" xml:lang="en" lang="en">
 <head>
  <title>
</title>
<meta http-equiv="Content-Type" content="text/html;charset=utf-8" />
  <meta name='ocr-system' content='tesseract 3.04.00' />
  <meta name='ocr-capabilities' content='ocr_page ocr_carea ocr_par ocr_line ocrx_word'/>
</head>
<body>
  <div class='ocr_page' id='page_1' title='image "./patrologiaecurs32goog_0720.png"; bbox 0 0 3784 6000; ppageno 0'>
   <div class='ocr_carea' id='block_1_1' title="bbox 199 333 1920 1085">
    <p class='ocr_par' dir='ltr' id='par_1_1' title="bbox 199 333 1920 1085">
     <span class='ocr_line' id='line_1_1' title="bbox 324 333 1909 411; baseline 0 -27"><span class='ocrx_word' id='word_1_1' title='bbox 324 335 364 384; x_wconf 86' lang='lat'><strong>1.</strong></span> <span class='ocrx_word' id='word_1_2' title='bbox 393 361 457 372; x_wconf 92' lang='lat'>—</span> <span class='ocrx_word' id='word_1_3' title='bbox 482 333 731 391; x_wconf 73' lang='lat' dir='ltr'><strong>Berones.</strong></span> <span class='ocrx_word' id='word_1_4' title='bbox 765 338 987 401; x_wconf 80' lang='lat' dir='ltr'><strong>accepta</strong></span> <span class='ocrx_word' id='word_1_5' title='bbox 1014 334 1272 388; x_wconf 78' lang='lat' dir='ltr'><strong>Guidonis</strong></span> <span class='ocrx_word' id='word_1_6' title='bbox 1312 336 1366 386; x_wconf 90' lang='lat' dir='ltr'><strong>ln</strong></span> <span class='ocrx_word' id='word_1_7' title='bbox 1405 348 1636 411; x_wconf 87' lang='lat' dir='ltr'><strong>regnum</strong></span> <span class='ocrx_word' id='word_1_8' title='bbox 1665 346 1848 387; x_wconf 81' lang='lat' dir='ltr'><strong>assum</strong></span> <span class='ocrx_word' id='word_1_9' title='bbox 1890 361 1909 372; x_wconf 91' lang='lat'>-</span> 
     </span>
     <span class='ocr_line' id='line_1_2' title="bbox 199 397 1915 461; baseline -0.002 -13"><span class='ocrx_word' id='word_1_10' title='bbox 199 418 213 440; x_wconf 76' lang='grc' dir='ltr'><strong><em>ι</em></strong></span> <span class='ocrx_word' id='word_1_11' title='bbox 262 397 410 448; x_wconf 85' lang='lat' dir='ltr'><strong>tione</strong></span> <span class='ocrx_word' id='word_1_12' title='bbox 456 397 796 447; x_wconf 82' lang='lat' dir='ltr'><strong>Huniridum.</strong></span> <span class='ocrx_word' id='word_1_13' title='bbox 819 412 999 461; x_wconf 87' lang='lat' dir='ltr'><strong>regem</strong></span> <span class='ocrx_word' id='word_1_14' title='bbox 1038 402 1285 450; x_wconf 84' lang='lat' dir='ltr'><strong>statuunt</strong></span> <span class='ocrx_word' id='word_1_15' title='bbox 1316 403 1661 450; x_wconf 87' lang='lat' dir='ltr'><strong>constituere.</strong></span> <span class='ocrx_word' id='word_1_16' title='bbox 1715 401 1786 448; x_wconf 87' lang='lat' dir='ltr'><strong>At</strong></span> <span class='ocrx_word' id='word_1_17' title='bbox 1825 397 1859 446; x_wconf 91' lang='lat' dir='ltr'><strong>il</strong></span> <span class='ocrx_word' id='word_1_18' title='bbox 1884 410 1915 446; x_wconf 94' lang='lat' dir='ltr'><strong>e</strong></span> 
     </span>
     <span class='ocr_line' id='line_1_3' title="bbox 262 461 1916 534; baseline 0 -25"><span class='ocrx_word' id='word_1_19' title='bbox 262 473 320 511; x_wconf 91' lang='lat' dir='ltr'><strong>re</strong></span> <span class='ocrx_word' id='word_1_20' title='bbox 359 461 468 512; x_wconf 91' lang='lat' dir='ltr'><strong>iam</strong></span> <span class='ocrx_word' id='word_1_21' title='bbox 501 473 758 510; x_wconf 88' lang='lat' dir='ltr'><strong>coronam</strong></span> <span class='ocrx_word' id='word_1_22' title='bbox 788 462 1009 534; x_wconf 76' lang='lat' dir='ltr'><strong>respuit.</strong></span> <span class='ocrx_word' id='word_1_23' title='bbox 1822 461 1916 509; x_wconf 80' lang='lat'><strong>903</strong></span> 
     </span>
     <span class='ocr_line' id='line_1_4' title="bbox 350 522 1916 588; baseline -0.001 -15"><span class='ocrx_word' id='word_1_24' title='bbox 350 523 391 573; x_wconf 93' lang='lat'><strong>1.</strong></span> <span class='ocrx_word' id='word_1_25' title='bbox 421 548 481 559; x_wconf 96' lang='lat'>—</span> <span class='ocrx_word' id='word_1_26' title='bbox 511 522 739 573; x_wconf 82' lang='lat' dir='ltr'><strong>Guidoni</strong></span> <span class='ocrx_word' id='word_1_27' title='bbox 770 536 881 587; x_wconf 83' lang='lat' dir='ltr'><strong>regi</strong></span> <span class='ocrx_word' id='word_1_28' title='bbox 910 523 1137 574; x_wconf 86' lang='lat' dir='ltr'><strong>barones</strong></span> <span class='ocrx_word' id='word_1_29' title='bbox 1166 524 1465 575; x_wconf 86' lang='lat' dir='ltr'><strong>hominium</strong></span> <span class='ocrx_word' id='word_1_30' title='bbox 1491 526 1770 588; x_wconf 65' lang='lat' dir='ltr'><strong>praestant.</strong></span> <span class='ocrx_word' id='word_1_31' title='bbox 1823 523 1916 572; x_wconf 75' lang='grc'><strong>905</strong></span> 
     </span>
     <span class='ocr_line' id='line_1_5' title="bbox 324 583 1919 649; baseline -0.001 -15"><span class='ocrx_word' id='word_1_32' title='bbox 324 586 408 634; x_wconf 91' lang='lat'><strong>111.</strong></span> <span class='ocrx_word' id='word_1_33' title='bbox 440 608 500 621; x_wconf 92' lang='lat'><strong>-—-</strong></span> <span class='ocrx_word' id='word_1_34' title='bbox 523 585 693 635; x_wconf 81' lang='lat' dir='ltr'><strong>Guido</strong></span> <span class='ocrx_word' id='word_1_35' title='bbox 723 598 814 635; x_wconf 87' lang='lat' dir='ltr'><strong>rex</strong></span> <span class='ocrx_word' id='word_1_36' title='bbox 841 587 1132 637; x_wconf 75' lang='lat' dir='ltr'><strong>exercitum</strong></span> <span class='ocrx_word' id='word_1_37' title='bbox 1159 591 1310 649; x_wconf 88' lang='lat' dir='ltr'><strong>parat</strong></span> <span class='ocrx_word' id='word_1_38' title='bbox 1339 589 1392 636; x_wconf 90' lang='lat' dir='ltr'><strong>in</strong></span> <span class='ocrx_word' id='word_1_39' title='bbox 1414 587 1663 636; x_wconf 87' lang='lat' dir='ltr'><strong>comitem</strong></span> <span class='ocrx_word' id='word_1_40' title='bbox 1693 583 1919 649; x_wconf 89' lang='lat' dir='ltr'><strong>Tripoli-</strong></span> 
     </span>
     <span class='ocr_line' id='line_1_6' title="bbox 259 648 1917 711; baseline -0.001 -14"><span class='ocrx_word' id='word_1_41' title='bbox 259 651 468 703; x_wconf 87' lang='lat' dir='ltr'><strong>tanum,</strong></span> <span class='ocrx_word' id='word_1_42' title='bbox 500 648 592 711; x_wconf 89' lang='lat' dir='ltr'><strong>qui</strong></span> <span class='ocrx_word' id='word_1_43' title='bbox 626 661 786 697; x_wconf 91' lang='lat' dir='ltr'><strong>suum</strong></span> <span class='ocrx_word' id='word_1_44' title='bbox 817 649 869 697; x_wconf 91' lang='lat' dir='ltr'><strong>in</strong></span> <span class='ocrx_word' id='word_1_45' title='bbox 890 649 1149 698; x_wconf 87' lang='lat' dir='ltr'><strong>auxilium</strong></span> <span class='ocrx_word' id='word_1_46' title='bbox 1189 649 1501 700; x_wconf 84' lang='lat' dir='ltr'><strong>saladinum</strong></span> <span class='ocrx_word' id='word_1_47' title='bbox 1535 649 1778 700; x_wconf 86' lang='lat' dir='ltr'><strong>accersit.</strong></span> <span class='ocrx_word' id='word_1_48' title='bbox 1823 650 1917 697; x_wconf 90' lang='lat' dir='ltr'><strong>Co·</strong></span> 
     </span>
     <span class='ocr_line' id='line_1_7' title="bbox 264 710 1916 774; baseline -0.001 -15"><span class='ocrx_word' id='word_1_49' title='bbox 264 710 379 760; x_wconf 87' lang='lat' dir='ltr'><strong>miti</strong></span> <span class='ocrx_word' id='word_1_50' title='bbox 412 721 596 773; x_wconf 84' lang='lat' dir='ltr'><strong>pacem</strong></span> <span class='ocrx_word' id='word_1_51' title='bbox 626 710 902 761; x_wconf 85' lang='lat' dir='ltr'><strong>oblaturos</strong></span> <span class='ocrx_word' id='word_1_52' title='bbox 938 712 1149 761; x_wconf 90' lang='lat' dir='ltr'><strong>nuntios</strong></span> <span class='ocrx_word' id='word_1_53' title='bbox 1172 711 1352 774; x_wconf 84' lang='lat' dir='ltr'><strong>dirigit</strong></span> <span class='ocrx_word' id='word_1_54' title='bbox 1373 725 1484 761; x_wconf 90' lang='lat' dir='ltr'><strong>rex.</strong></span> <span class='ocrx_word' id='word_1_55' title='bbox 1823 710 1916 758; x_wconf 85' lang='grc'><strong>906</strong></span> 
     </span>
     <span class='ocr_line' id='line_1_8' title="bbox 326 771 1917 846; baseline 0 -26"><span class='ocrx_word' id='word_1_56' title='bbox 326 771 412 820; x_wconf 82' lang='lat' dir='ltr'><strong>lv.</strong></span> <span class='ocrx_word' id='word_1_57' title='bbox 439 798 503 808; x_wconf 90' lang='lat'><strong>—</strong></span> <span class='ocrx_word' id='word_1_58' title='bbox 533 771 749 822; x_wconf 87' lang='lat' dir='ltr'><strong>interim</strong></span> <span class='ocrx_word' id='word_1_59' title='bbox 767 785 948 823; x_wconf 86' lang='lat' dir='ltr'><strong>comcs</strong></span> <span class='ocrx_word' id='word_1_60' title='bbox 975 772 1201 824; x_wconf 87' lang='lat' dir='ltr'><strong>liberum</strong></span> <span class='ocrx_word' id='word_1_61' title='bbox 1224 774 1333 824; x_wconf 81' lang='lat' dir='ltr'><strong>lilio</strong></span> <span class='ocrx_word' id='word_1_62' title='bbox 1361 772 1917 846; x_wconf 76' lang='lat' dir='ltr'><strong>saladiniingressum</strong></span> 
     </span>
     <span class='ocr_line' id='line_1_9' title="bbox 262 834 1919 946; baseline 0.001 -65"><span class='ocrx_word' id='word_1_63' title='bbox 262 834 523 946; x_wconf 66' lang='lat' dir='ltr'><strong>germittit</strong></span> <span class='ocrx_word' id='word_1_64' title='bbox 543 835 598 883; x_wconf 93' lang='lat' dir='ltr'><strong>in</strong></span> <span class='ocrx_word' id='word_1_65' title='bbox 614 837 781 885; x_wconf 85' lang='lat' dir='ltr'><strong>terras</strong></span> <span class='ocrx_word' id='word_1_66' title='bbox 802 835 1243 887; x_wconf 87' lang='lat' dir='ltr'><strong>Christianorum.</strong></span> <span class='ocrx_word' id='word_1_67' title='bbox 1270 836 1462 886; x_wconf 73' lang='lat' dir='ltr'><strong>Milites</strong></span> <span class='ocrx_word' id='word_1_68' title='bbox 1477 835 1683 900; x_wconf 87' lang='lat' dir='ltr'><strong>Templi</strong></span> <span class='ocrx_word' id='word_1_69' title='bbox 1697 835 1919 885; x_wconf 82' lang='lat' dir='ltr'><strong>obviant</strong></span> 
     </span>
     <span class='ocr_line' id='line_1_10' title="bbox 300 895 1920 960; baseline 0 -14"><span class='ocrx_word' id='word_1_70' title='bbox 300 895 516 946; x_wconf 79' lang='lat' dir='ltr'><strong>aladiuo</strong></span> <span class='ocrx_word' id='word_1_71' title='bbox 564 910 597 946; x_wconf 86' lang='lat' dir='ltr'><strong>a</strong></span> <span class='ocrx_word' id='word_1_72' title='bbox 623 911 731 960; x_wconf 86' lang='lat' dir='ltr'><strong>quo</strong></span> <span class='ocrx_word' id='word_1_73' title='bbox 762 897 1030 952; x_wconf 87' lang='lat' dir='ltr'><strong>delentur.</strong></span> <span class='ocrx_word' id='word_1_74' title='bbox 1826 897 1920 946; x_wconf 95' lang='grc'><strong>907</strong></span> 
     </span>
     <span class='ocr_line' id='line_1_11' title="bbox 326 958 1910 1024; baseline 0.003 -16"><span class='ocrx_word' id='word_1_75' title='bbox 326 958 386 1008; x_wconf 84' lang='lat' dir='ltr'><strong>V.</strong></span> <span class='ocrx_word' id='word_1_76' title='bbox 412 982 471 996; x_wconf 89' lang='lat'><em>-</em></span> <span class='ocrx_word' id='word_1_77' title='bbox 500 959 683 1010; x_wconf 80' lang='lat' dir='ltr'><strong>Turcae</strong></span> <span class='ocrx_word' id='word_1_78' title='bbox 709 961 883 1024; x_wconf 76' lang='lat' dir='ltr'><strong>capita</strong></span> <span class='ocrx_word' id='word_1_79' title='bbox 908 961 1208 1010; x_wconf 88' lang='lat' dir='ltr'><strong>occisorum</strong></span> <span class='ocrx_word' id='word_1_80' title='bbox 1239 960 1660 1010; x_wconf 88' lang='lat' dir='ltr'><strong>Christianorum</strong></span> <span class='ocrx_word' id='word_1_81' title='bbox 1693 960 1910 1012; x_wconf 87' lang='lat' dir='ltr'><strong>tollunt.</strong></span> 
     </span>
     <span class='ocr_line' id='line_1_12' title="bbox 262 1020 1917 1085; baseline 0 -14"><span class='ocrx_word' id='word_1_82' title='bbox 262 1020 543 1080; x_wconf 79' lang='lat' dir='ltr'><strong>Releanus,</strong></span> <span class='ocrx_word' id='word_1_83' title='bbox 571 1029 792 1085; x_wconf 86' lang='lat' dir='ltr'><strong>accepta</strong></span> <span class='ocrx_word' id='word_1_84' title='bbox 818 1024 1240 1073; x_wconf 87' lang='lat' dir='ltr'><strong>Christianorum</strong></span> <span class='ocrx_word' id='word_1_85' title='bbox 1276 1023 1665 1085; x_wconf 85' lang='lat' dir='ltr'><strong>profligatione,</strong></span> <span class='ocrx_word' id='word_1_86' title='bbox 1691 1035 1807 1072; x_wconf 82' lang='lat' dir='ltr'><strong>eain</strong></span> <span class='ocrx_word' id='word_1_87' title='bbox 1841 1034 1917 1071; x_wconf 93' lang='lat' dir='ltr'><strong>re-</strong></span> 
     </span>
    </p>
   </div>
   <div class='ocr_carea' id='block_1_2' title="bbox 263 1083 1919 1197">
    <p class='ocr_par' dir='ltr' id='par_1_2' title="bbox 263 1083 1919 1197">
     <span class='ocr_line' id='line_1_13' title="bbox 263 1083 1919 1147; baseline -0.001 -14"><span class='ocrx_word' id='word_1_88' title='bbox 263 1083 403 1147; x_wconf 74' lang='lat' dir='ltr'><strong>ginas</strong></span> <span class='ocrx_word' id='word_1_89' title='bbox 444 1083 731 1147; x_wconf 86' lang='lat' dir='ltr'><strong>significat.</strong></span> <span class='ocrx_word' id='word_1_90' title='bbox 780 1087 961 1135; x_wconf 82' lang='lat' dir='ltr'><strong>Nuntii</strong></span> <span class='ocrx_word' id='word_1_91' title='bbox 995 1086 1063 1136; x_wconf 87' lang='lat' dir='ltr'><strong>ad</strong></span> <span class='ocrx_word' id='word_1_92' title='bbox 1114 1086 1363 1136; x_wconf 87' lang='lat' dir='ltr'><strong>comitem</strong></span> <span class='ocrx_word' id='word_1_93' title='bbox 1406 1085 1673 1135; x_wconf 86' lang='lat' dir='ltr'><strong>accedunt</strong></span> <span class='ocrx_word' id='word_1_94' title='bbox 1707 1088 1919 1134; x_wconf 87' lang='lat' dir='ltr'><strong>etcum</strong></span> 
     </span>
     <span class='ocr_line' id='line_1_14' title="bbox 269 1146 1919 1197; baseline -0.001 -2"><span class='ocrx_word' id='word_1_95' title='bbox 269 1159 326 1195; x_wconf 91' lang='lat' dir='ltr'><strong>re</strong></span> <span class='ocrx_word' id='word_1_96' title='bbox 368 1146 383 1194; x_wconf 93' lang='lat' dir='ltr'><strong>i</strong></span> <span class='ocrx_word' id='word_1_97' title='bbox 414 1146 775 1197; x_wconf 75' lang='lat' dir='ltr'><strong>mconciliant.</strong></span> <span class='ocrx_word' id='word_1_98' title='bbox 1827 1147 1919 1194; x_wconf 86' lang='grc'><strong>908</strong></span> 
     </span>
    </p>
   </div>
   <div class='ocr_carea' id='block_1_3' title="bbox 267 1207 1921 1462">
    <p class='ocr_par' dir='ltr' id='par_1_3' title="bbox 267 1207 1921 1462">
     <span class='ocr_line' id='line_1_15' title="bbox 376 1207 1921 1265; baseline 0 -8"><span class='ocrx_word' id='word_1_99' title='bbox 376 1208 421 1261; x_wconf 90' lang='lat'><strong>1.</strong></span> <span class='ocrx_word' id='word_1_100' title='bbox 456 1231 516 1245; x_wconf 91' lang='lat'>—</span> <span class='ocrx_word' id='word_1_101' title='bbox 540 1207 648 1258; x_wconf 83' lang='lat' dir='ltr'><strong>Rex</strong></span> <span class='ocrx_word' id='word_1_102' title='bbox 682 1210 865 1259; x_wconf 89' lang='lat' dir='ltr'><strong>comiti</strong></span> <span class='ocrx_word' id='word_1_103' title='bbox 894 1210 1041 1260; x_wconf 85' lang='lat' dir='ltr'><strong>venit</strong></span> <span class='ocrx_word' id='word_1_104' title='bbox 1065 1209 1304 1265; x_wconf 80' lang='lat' dir='ltr'><strong>obviam,</strong></span> <span class='ocrx_word' id='word_1_105' title='bbox 1351 1211 1486 1259; x_wconf 87' lang='lat' dir='ltr'><strong>Vera</strong></span> <span class='ocrx_word' id='word_1_106' title='bbox 1515 1222 1647 1259; x_wconf 88' lang='lat' dir='ltr'><strong>crux</strong></span> <span class='ocrx_word' id='word_1_107' title='bbox 1679 1208 1747 1260; x_wconf 86' lang='lat' dir='ltr'><strong>ad</strong></span> <span class='ocrx_word' id='word_1_108' title='bbox 1774 1221 1921 1258; x_wconf 84' lang='lat' dir='ltr'><strong>exer-</strong></span> 
     </span>
     <span class='ocr_line' id='line_1_16' title="bbox 269 1270 1921 1321; baseline -0.001 -1"><span class='ocrx_word' id='word_1_109' title='bbox 269 1271 435 1320; x_wconf 90' lang='lat' dir='ltr'><strong>citum</strong></span> <span class='ocrx_word' id='word_1_110' title='bbox 462 1270 693 1321; x_wconf 88' lang='lat' dir='ltr'><strong>ducitur.</strong></span> <span class='ocrx_word' id='word_1_111' title='bbox 1828 1271 1921 1320; x_wconf 93' lang='grc'><strong>910</strong></span> 
     </span>
     <span class='ocr_line' id='line_1_17' title="bbox 329 1332 1919 1398; baseline -0.001 -16"><span class='ocrx_word' id='word_1_112' title='bbox 329 1332 440 1382; x_wconf 82' lang='lat' dir='ltr'><strong>Vll.</strong></span> <span class='ocrx_word' id='word_1_113' title='bbox 468 1358 527 1375; x_wconf 89' lang='lat'><strong>--</strong></span> <span class='ocrx_word' id='word_1_114' title='bbox 557 1333 631 1383; x_wconf 89' lang='lat' dir='ltr'><strong>Re</strong></span> <span class='ocrx_word' id='word_1_115' title='bbox 673 1335 687 1382; x_wconf 95' lang='lat' dir='ltr'><strong>i</strong></span> <span class='ocrx_word' id='word_1_116' title='bbox 721 1332 952 1383; x_wconf 73' lang='lat' dir='ltr'><strong>traditur</strong></span> <span class='ocrx_word' id='word_1_117' title='bbox 981 1334 1265 1384; x_wconf 75' lang='lat' dir='ltr'><strong>thesaurus</strong></span> <span class='ocrx_word' id='word_1_118' title='bbox 1289 1334 1432 1398; x_wconf 88' lang='lat' dir='ltr'><strong>regis</strong></span> <span class='ocrx_word' id='word_1_119' title='bbox 1464 1332 1684 1398; x_wconf 83' lang='lat' dir='ltr'><strong>Anglioe.</strong></span> <span class='ocrx_word' id='word_1_120' title='bbox 1721 1332 1919 1383; x_wconf 81' lang='lat' dir='ltr'><strong>saladi·</strong></span> 
     </span>
     <span class='ocr_line' id='line_1_18' title="bbox 267 1395 1921 1462; baseline 0 -18"><span class='ocrx_word' id='word_1_121' title='bbox 267 1406 371 1444; x_wconf 78' lang='lat' dir='ltr'><strong>nus</strong></span> <span class='ocrx_word' id='word_1_122' title='bbox 395 1395 436 1444; x_wconf 88' lang='lat' dir='ltr'>T</span> <span class='ocrx_word' id='word_1_123' title='bbox 477 1395 623 1445; x_wconf 89' lang='lat' dir='ltr'><strong>beria</strong></span> <span class='ocrx_word' id='word_1_124' title='bbox 662 1410 748 1445; x_wconf 91' lang='lat' dir='ltr'><strong>em</strong></span> <span class='ocrx_word' id='word_1_125' title='bbox 773 1397 1052 1447; x_wconf 79' lang='lat' dir='ltr'><strong>obsidione</strong></span> <span class='ocrx_word' id='word_1_126' title='bbox 1081 1397 1268 1462; x_wconf 85' lang='lat' dir='ltr'><strong>cingit.</strong></span> <span class='ocrx_word' id='word_1_127' title='bbox 1829 1396 1921 1444; x_wconf 87' lang='grc'><strong>910</strong></span> 
     </span>
    </p>
   </div>
   <div class='ocr_carea' id='block_1_4' title="bbox 267 1456 1922 1756">
    <p class='ocr_par' dir='ltr' id='par_1_4' title="bbox 267 1456 1922 1756">
     <span class='ocr_line' id='line_1_19' title="bbox 330 1456 1922 1522; baseline -0.001 -15"><span class='ocrx_word' id='word_1_128' title='bbox 330 1456 422 1507; x_wconf 86' lang='lat' dir='ltr'><strong>vu</strong></span> <span class='ocrx_word' id='word_1_129' title='bbox 457 1498 469 1512; x_wconf 95' lang='lat'><strong>.</strong></span> <span class='ocrx_word' id='word_1_130' title='bbox 504 1482 563 1496; x_wconf 86' lang='lat'><strong>....</strong></span> <span class='ocrx_word' id='word_1_131' title='bbox 596 1458 877 1522; x_wconf 87' lang='lat' dir='ltr'><strong>Tyberiadi</strong></span> <span class='ocrx_word' id='word_1_132' title='bbox 907 1458 1116 1509; x_wconf 90' lang='lat' dir='ltr'><strong>nulium</strong></span> <span class='ocrx_word' id='word_1_133' title='bbox 1145 1457 1427 1509; x_wconf 70' lang='lat' dir='ltr'><strong>ferendum</strong></span> <span class='ocrx_word' id='word_1_134' title='bbox 1444 1457 1704 1509; x_wconf 86' lang='lat' dir='ltr'><strong>auxilium</strong></span> <span class='ocrx_word' id='word_1_135' title='bbox 1738 1461 1922 1508; x_wconf 87' lang='lat' dir='ltr'><strong>censet</strong></span> 
     </span>
     <span class='ocr_line' id='line_1_20' title="bbox 267 1519 1919 1584; baseline -0.001 -15"><span class='ocrx_word' id='word_1_136' title='bbox 267 1532 448 1569; x_wconf 87' lang='lat' dir='ltr'><strong>comes</strong></span> <span class='ocrx_word' id='word_1_137' title='bbox 500 1520 878 1584; x_wconf 83' lang='lat' dir='ltr'><strong>Tripolitanus.</strong></span> <span class='ocrx_word' id='word_1_138' title='bbox 915 1522 1146 1570; x_wconf 86' lang='lat' dir='ltr'><strong>Econtra</strong></span> <span class='ocrx_word' id='word_1_139' title='bbox 1187 1522 1443 1584; x_wconf 88' lang='lat' dir='ltr'><strong>magister</strong></span> <span class='ocrx_word' id='word_1_140' title='bbox 1492 1520 1719 1584; x_wconf 87' lang='lat' dir='ltr'><strong>Templi,</strong></span> <span class='ocrx_word' id='word_1_141' title='bbox 1763 1519 1919 1582; x_wconf 77' lang='lat' dir='ltr'><strong>cujus</strong></span> 
     </span>
     <span class='ocr_line' id='line_1_21' title="bbox 268 1582 1915 1646; baseline 0 -16"><span class='ocrx_word' id='word_1_142' title='bbox 268 1582 554 1630; x_wconf 87' lang='lat' dir='ltr'><strong>consilium</strong></span> <span class='ocrx_word' id='word_1_143' title='bbox 578 1595 671 1631; x_wconf 89' lang='lat' dir='ltr'><strong>rex</strong></span> <span class='ocrx_word' id='word_1_144' title='bbox 700 1584 958 1646; x_wconf 80' lang='lat' dir='ltr'><strong>sequitur.</strong></span> <span class='ocrx_word' id='word_1_145' title='bbox 1827 1582 1915 1630; x_wconf 92' lang='grc'><strong>911</strong></span> 
     </span>
     <span class='ocr_line' id='line_1_22' title="bbox 332 1642 1917 1709; baseline 0.001 -19"><span class='ocrx_word' id='word_1_146' title='bbox 332 1642 416 1692; x_wconf 82' lang='lat' dir='ltr'><strong>ix.</strong></span> <span class='ocrx_word' id='word_1_147' title='bbox 441 1669 504 1679; x_wconf 96' lang='lat'>—</span> <span class='ocrx_word' id='word_1_148' title='bbox 523 1643 806 1694; x_wconf 86' lang='lat' dir='ltr'><strong>saladinus</strong></span> <span class='ocrx_word' id='word_1_149' title='bbox 840 1658 935 1709; x_wconf 87' lang='lat' dir='ltr'><strong>per</strong></span> <span class='ocrx_word' id='word_1_150' title='bbox 967 1656 1151 1708; x_wconf 84' lang='lat' dir='ltr'><strong>sagam</strong></span> <span class='ocrx_word' id='word_1_151' title='bbox 1173 1645 1466 1695; x_wconf 86' lang='lat' dir='ltr'><strong>exercitum</strong></span> <span class='ocrx_word' id='word_1_152' title='bbox 1495 1645 1917 1695; x_wconf 86' lang='lat' dir='ltr'><strong>Christianorum</strong></span> 
     </span>
     <span class='ocr_line' id='line_1_23' title="bbox 268 1705 1922 1756; baseline 0 -2"><span class='ocrx_word' id='word_1_153' title='bbox 268 1705 543 1755; x_wconf 87' lang='lat' dir='ltr'><strong>incantare</strong></span> <span class='ocrx_word' id='word_1_154' title='bbox 572 1706 797 1756; x_wconf 88' lang='lat' dir='ltr'><strong>laborat.</strong></span> <span class='ocrx_word' id='word_1_155' title='bbox 1828 1707 1922 1755; x_wconf 77' lang='lat'><strong>912</strong></span> 
     </span>
    </p>
   </div>
   <div class='ocr_carea' id='block_1_5' title="bbox 330 1766 1919 1832">
    <p class='ocr_par' dir='ltr' id='par_1_5' title="bbox 330 1766 1919 1832">
     <span class='ocr_line' id='line_1_24' title="bbox 330 1766 1919 1832; baseline 0.001 -16"><span class='ocrx_word' id='word_1_156' title='bbox 330 1766 392 1816; x_wconf 89' lang='lat' dir='ltr'><strong>X.</strong></span> <span class='ocrx_word' id='word_1_157' title='bbox 429 1794 491 1804; x_wconf 89' lang='lat'>—</span> <span class='ocrx_word' id='word_1_158' title='bbox 522 1768 596 1818; x_wconf 88' lang='lat' dir='ltr'><strong>De</strong></span> <span class='ocrx_word' id='word_1_159' title='bbox 624 1769 884 1818; x_wconf 86' lang='lat' dir='ltr'><strong>electione</strong></span> <span class='ocrx_word' id='word_1_160' title='bbox 911 1768 1097 1818; x_wconf 84' lang='lat' dir='ltr'><strong>Eraclii</strong></span> <span class='ocrx_word' id='word_1_161' title='bbox 1134 1768 1466 1832; x_wconf 83' lang='lat' dir='ltr'><strong>patriarchoe.</strong></span> <span class='ocrx_word' id='word_1_162' title='bbox 1505 1769 1632 1832; x_wconf 86' lang='lat' dir='ltr'><strong>Ejus</strong></span> <span class='ocrx_word' id='word_1_163' title='bbox 1672 1768 1919 1819; x_wconf 88' lang='lat' dir='ltr'><strong>electioni</strong></span> 
     </span>
    </p>
   </div>
   <div class='ocr_carea' id='block_1_6' title="bbox 267 1827 1924 2193">
    <p class='ocr_par' dir='ltr' id='par_1_6' title="bbox 267 1827 1924 2193">
     <span class='ocr_line' id='line_1_25' title="bbox 268 1827 1919 1894; baseline -0.001 -13"><span class='ocrx_word' id='word_1_164' title='bbox 268 1827 586 1881; x_wconf 68' lang='lat' dir='ltr'><strong>adversatur</strong></span> <span class='ocrx_word' id='word_1_165' title='bbox 604 1831 1035 1894; x_wconf 69' lang='lat' dir='ltr'><strong>archiepiscopus</strong></span> <span class='ocrx_word' id='word_1_166' title='bbox 1059 1831 1326 1894; x_wconf 88' lang='lat' dir='ltr'><strong>Tyrensis.</strong></span> <span class='ocrx_word' id='word_1_167' title='bbox 1828 1832 1919 1881; x_wconf 86' lang='grc'><strong>914</strong></span> 
     </span>
     <span class='ocr_line' id='line_1_26' title="bbox 329 1891 1921 1958; baseline 0 -16"><span class='ocrx_word' id='word_1_168' title='bbox 329 1891 415 1942; x_wconf 84' lang='lat' dir='ltr'><strong>Xl.</strong></span> <span class='ocrx_word' id='word_1_169' title='bbox 441 1918 503 1929; x_wconf 86' lang='lat'><strong>—-</strong></span> <span class='ocrx_word' id='word_1_170' title='bbox 530 1893 1005 1958; x_wconf 83' lang='lat' dir='ltr'><strong>Archiepiscopum</strong></span> <span class='ocrx_word' id='word_1_171' title='bbox 1031 1905 1240 1944; x_wconf 86' lang='lat' dir='ltr'><strong>veneno</strong></span> <span class='ocrx_word' id='word_1_172' title='bbox 1264 1896 1420 1944; x_wconf 88' lang='lat' dir='ltr'><strong>necat</strong></span> <span class='ocrx_word' id='word_1_173' title='bbox 1440 1893 1921 1958; x_wconf 80' lang='lat' dir='ltr'><strong>Eraciiusimpudi-</strong></span> 
     </span>
     <span class='ocr_line' id='line_1_27' title="bbox 270 1954 1924 2005; baseline 0 -1"><span class='ocrx_word' id='word_1_174' title='bbox 270 1954 410 2004; x_wconf 84' lang='lat' dir='ltr'><strong>citiis</strong></span> <span class='ocrx_word' id='word_1_175' title='bbox 442 1954 674 2004; x_wconf 89' lang='lat' dir='ltr'><strong>deditus.</strong></span> <span class='ocrx_word' id='word_1_176' title='bbox 1829 1954 1924 2005; x_wconf 76' lang='grc'><strong>915</strong></span> 
     </span>
     <span class='ocr_line' id='line_1_28' title="bbox 332 2016 1918 2083; baseline 0 -17"><span class='ocrx_word' id='word_1_177' title='bbox 332 2016 442 2067; x_wconf 82' lang='lat' dir='ltr'><strong>xll.</strong></span> <span class='ocrx_word' id='word_1_178' title='bbox 468 2046 535 2057; x_wconf 90' lang='lat'>—</span> <span class='ocrx_word' id='word_1_179' title='bbox 551 2017 778 2067; x_wconf 89' lang='lat' dir='ltr'><strong>Guidoni</strong></span> <span class='ocrx_word' id='word_1_180' title='bbox 797 2019 908 2082; x_wconf 87' lang='lat' dir='ltr'><strong>regi</strong></span> <span class='ocrx_word' id='word_1_181' title='bbox 938 2018 1161 2068; x_wconf 86' lang='lat' dir='ltr'><strong>obviant</strong></span> <span class='ocrx_word' id='word_1_182' title='bbox 1177 2017 1555 2083; x_wconf 83' lang='lat' dir='ltr'><strong>Sarraceniqui</strong></span> <span class='ocrx_word' id='word_1_183' title='bbox 1571 2018 1918 2075; x_wconf 73' lang='lat' dir='ltr'><strong>Christianos,</strong></span> 
     </span>
     <span class='ocr_line' id='line_1_29' title="bbox 267 2080 1923 2193; baseline 0.001 -4"><span class='ocrx_word' id='word_1_184' title='bbox 267 2080 1184 2193; x_wconf 57' lang='lat' dir='ltr'><strong>f⁰51r320·v233⁵¹022320325225.</strong></span> <span class='ocrx_word' id='word_1_185' title='bbox 1828 2082 1923 2191; x_wconf 69' lang='lat'><strong>313</strong></span> 
     </span>
    </p>
   </div>
   <div class='ocr_carea' id='block_1_7' title="bbox 270 2204 1937 3687">
    <p class='ocr_par' dir='ltr' id='par_1_7' title="bbox 270 2204 1926 2443">
     <span class='ocr_line' id='line_1_30' title="bbox 333 2204 1921 2268; baseline 0.001 -14"><span class='ocrx_word' id='word_1_186' title='bbox 333 2204 465 2254; x_wconf 77' lang='lat' dir='ltr'><strong>xlv,</strong></span> <span class='ocrx_word' id='word_1_187' title='bbox 500 2230 553 2240; x_wconf 92' lang='lat'>-</span> <span class='ocrx_word' id='word_1_188' title='bbox 578 2204 863 2255; x_wconf 74' lang='lat' dir='ltr'><strong>saladinus</strong></span> <span class='ocrx_word' id='word_1_189' title='bbox 891 2219 1071 2268; x_wconf 91' lang='lat' dir='ltr'><strong>regem</strong></span> <span class='ocrx_word' id='word_1_190' title='bbox 1104 2219 1162 2255; x_wconf 82' lang='lat' dir='ltr'><strong>cu</strong></span> <span class='ocrx_word' id='word_1_191' title='bbox 1207 2205 1377 2254; x_wconf 80' lang='lat' dir='ltr'><strong>tivum</strong></span> <span class='ocrx_word' id='word_1_192' title='bbox 1407 2208 1461 2255; x_wconf 89' lang='lat' dir='ltr'><strong>et</strong></span> <span class='ocrx_word' id='word_1_193' title='bbox 1501 2204 1636 2256; x_wconf 87' lang='lat' dir='ltr'><strong>alios</strong></span> <span class='ocrx_word' id='word_1_194' title='bbox 1662 2205 1804 2255; x_wconf 84' lang='lat' dir='ltr'><strong>viros</strong></span> <span class='ocrx_word' id='word_1_195' title='bbox 1831 2219 1921 2255; x_wconf 92' lang='lat' dir='ltr'><strong>no·</strong></span> 
     </span>
     <span class='ocr_line' id='line_1_31' title="bbox 272 2265 1926 2341; baseline 0.001 -25"><span class='ocrx_word' id='word_1_196' title='bbox 272 2265 404 2316; x_wconf 89' lang='lat' dir='ltr'><strong>biles</strong></span> <span class='ocrx_word' id='word_1_197' title='bbox 438 2266 537 2316; x_wconf 92' lang='lat' dir='ltr'><strong>sibi</strong></span> <span class='ocrx_word' id='word_1_198' title='bbox 576 2269 946 2330; x_wconf 83' lang='lat' dir='ltr'><strong>reproesentari</strong></span> <span class='ocrx_word' id='word_1_199' title='bbox 970 2267 1140 2331; x_wconf 89' lang='lat' dir='ltr'><strong>jubet.</strong></span> <span class='ocrx_word' id='word_1_200' title='bbox 1225 2267 1460 2331; x_wconf 89' lang='lat' dir='ltr'><strong>aynaldo</strong></span> <span class='ocrx_word' id='word_1_201' title='bbox 1504 2267 1672 2341; x_wconf 85' lang='lat' dir='ltr'><strong>princi</strong></span> <span class='ocrx_word' id='word_1_202' title='bbox 1713 2268 1926 2331; x_wconf 89' lang='lat' dir='ltr'><strong>icaput</strong></span> 
     </span>
     <span class='ocr_line' id='line_1_32' title="bbox 270 2282 1925 2443; baseline 0 -64"><span class='ocrx_word' id='word_1_203' title='bbox 270 2331 751 2443; x_wconf 53' lang='lat' dir='ltr'><strong>ggiupuctgt3titegem</strong></span> <span class='ocrx_word' id='word_1_204' title='bbox 776 2331 831 2379; x_wconf 92' lang='lat' dir='ltr'><strong>in</strong></span> <span class='ocrx_word' id='word_1_205' title='bbox 852 2330 1080 2381; x_wconf 82' lang='lat' dir='ltr'><strong>vinculis</strong></span> <span class='ocrx_word' id='word_1_206' title='bbox 1108 2332 1426 2380; x_wconf 81' lang='lat' dir='ltr'><strong>Damascum</strong></span> <span class='ocrx_word' id='word_1_207' title='bbox 1459 2331 1636 2388; x_wconf 88' lang='lat' dir='ltr'><strong>mittit,</strong></span> <span class='ocrx_word' id='word_1_208' title='bbox 1672 2282 1925 2441; x_wconf 52' lang='lat' dir='ltr'><strong>Tybeigffi</strong></span> 
     </span>
    </p>

    <p class='ocr_par' dir='ltr' id='par_1_8' title="bbox 527 2406 591 2445">
     <span class='ocr_line' id='line_1_33' title="bbox 527 2406 591 2445; baseline 0.078 -5"><span class='ocrx_word' id='word_1_209' title='bbox 527 2406 543 2440; x_wconf 97' lang='lat' dir='ltr'><strong>i</strong></span> <span class='ocrx_word' id='word_1_210' title='bbox 579 2433 591 2445; x_wconf 96' lang='lat'><strong>.</strong></span> 
     </span>
    </p>

    <p class='ocr_par' dir='ltr' id='par_1_9' title="bbox 274 2406 1926 2580">
     <span class='ocr_line' id='line_1_34' title="bbox 334 2406 1926 2518; baseline 0.001 -17"><span class='ocrx_word' id='word_1_211' title='bbox 334 2406 794 2505; x_wconf 58' lang='lat' dir='ltr'><strong>XV.-BBeleanus</strong></span> <span class='ocrx_word' id='word_1_212' title='bbox 821 2453 1343 2504; x_wconf 83' lang='lat' dir='ltr'><strong>acceditJerusalem</strong></span> <span class='ocrx_word' id='word_1_213' title='bbox 1373 2458 1426 2504; x_wconf 89' lang='lat' dir='ltr'><strong>et</strong></span> <span class='ocrx_word' id='word_1_214' title='bbox 1454 2454 1649 2504; x_wconf 81' lang='lat' dir='ltr'><strong>ibidem</strong></span> <span class='ocrx_word' id='word_1_215' title='bbox 1668 2455 1820 2518; x_wconf 89' lang='lat' dir='ltr'><strong>quasi</strong></span> <span class='ocrx_word' id='word_1_216' title='bbox 1848 2455 1926 2503; x_wconf 90' lang='lat' dir='ltr'><strong>in-</strong></span> 
     </span>
     <span class='ocr_line' id='line_1_35' title="bbox 274 2516 1926 2580; baseline 0.001 -16"><span class='ocrx_word' id='word_1_217' title='bbox 274 2516 416 2565; x_wconf 72' lang='lat' dir='ltr'><strong>vitus</strong></span> <span class='ocrx_word' id='word_1_218' title='bbox 437 2529 467 2566; x_wconf 89' lang='lat' dir='ltr'><strong>a</strong></span> <span class='ocrx_word' id='word_1_219' title='bbox 488 2516 792 2580; x_wconf 87' lang='lat' dir='ltr'><strong>patriarcha</strong></span> <span class='ocrx_word' id='word_1_220' title='bbox 811 2518 1083 2567; x_wconf 82' lang='lat' dir='ltr'><strong>retinetur.</strong></span> <span class='ocrx_word' id='word_1_221' title='bbox 1832 2516 1926 2565; x_wconf 89' lang='grc'><strong>918</strong></span> 
     </span>
    </p>

    <p class='ocr_par' dir='ltr' id='par_1_10' title="bbox 274 2577 1928 2695">
     <span class='ocr_line' id='line_1_36' title="bbox 334 2577 1928 2643; baseline -0.001 -15"><span class='ocrx_word' id='word_1_222' title='bbox 334 2577 466 2628; x_wconf 81' lang='lat' dir='ltr'><strong>XVl.</strong></span> <span class='ocrx_word' id='word_1_223' title='bbox 491 2604 555 2615; x_wconf 90' lang='lat'>—</span> <span class='ocrx_word' id='word_1_224' title='bbox 574 2577 857 2628; x_wconf 86' lang='lat' dir='ltr'><strong>Saladinus</strong></span> <span class='ocrx_word' id='word_1_225' title='bbox 880 2578 1211 2642; x_wconf 83' lang='lat' dir='ltr'><strong>plurescapit</strong></span> <span class='ocrx_word' id='word_1_226' title='bbox 1226 2578 1492 2629; x_wconf 86' lang='lat' dir='ltr'><strong>civitates.</strong></span> <span class='ocrx_word' id='word_1_227' title='bbox 1525 2580 1728 2643; x_wconf 88' lang='lat' dir='ltr'><strong>Tyrum</strong></span> <span class='ocrx_word' id='word_1_228' title='bbox 1757 2578 1928 2630; x_wconf 90' lang='lat' dir='ltr'><strong>Chris·</strong></span> 
     </span>
     <span class='ocr_line' id='line_1_37' title="bbox 274 2640 1928 2695; baseline 0 -5"><span class='ocrx_word' id='word_1_229' title='bbox 274 2640 436 2691; x_wconf 88' lang='lat' dir='ltr'><strong>tianis</strong></span> <span class='ocrx_word' id='word_1_230' title='bbox 471 2641 611 2690; x_wconf 87' lang='lat' dir='ltr'><strong>Deus</strong></span> <span class='ocrx_word' id='word_1_231' title='bbox 646 2646 951 2695; x_wconf 80' lang='lat' dir='ltr'><strong>conservat.</strong></span> <span class='ocrx_word' id='word_1_232' title='bbox 1834 2641 1928 2690; x_wconf 87' lang='grc'><strong>918</strong></span> 
     </span>
    </p>

    <p class='ocr_par' dir='ltr' id='par_1_11' title="bbox 275 2702 1929 2821">
     <span class='ocr_line' id='line_1_38' title="bbox 334 2702 1929 2758; baseline -0.001 -5"><span class='ocrx_word' id='word_1_233' title='bbox 334 2702 488 2753; x_wconf 80' lang='lat' dir='ltr'><strong>xvii.</strong></span> <span class='ocrx_word' id='word_1_234' title='bbox 520 2729 580 2739; x_wconf 89' lang='lat'>—</span> <span class='ocrx_word' id='word_1_235' title='bbox 611 2703 887 2753; x_wconf 82' lang='lat' dir='ltr'><strong>Conradus</strong></span> <span class='ocrx_word' id='word_1_236' title='bbox 910 2703 1053 2753; x_wconf 81' lang='lat' dir='ltr'><strong>filius</strong></span> <span class='ocrx_word' id='word_1_237' title='bbox 1074 2703 1398 2755; x_wconf 85' lang='lat' dir='ltr'><strong>marchionis</strong></span> <span class='ocrx_word' id='word_1_238' title='bbox 1421 2702 1816 2758; x_wconf 76' lang='lat' dir='ltr'><strong>Montisi&#39;errati‚</strong></span> <span class='ocrx_word' id='word_1_239' title='bbox 1849 2717 1929 2752; x_wconf 89' lang='lat' dir='ltr'><strong>re·</strong></span> 
     </span>
     <span class='ocr_line' id='line_1_39' title="bbox 275 2765 1926 2821; baseline -0.001 -7"><span class='ocrx_word' id='word_1_240' title='bbox 275 2765 402 2815; x_wconf 89' lang='lat' dir='ltr'><strong>licta</strong></span> <span class='ocrx_word' id='word_1_241' title='bbox 434 2765 488 2815; x_wconf 90' lang='lat' dir='ltr'><strong>C.</strong></span> <span class='ocrx_word' id='word_1_242' title='bbox 525 2766 598 2821; x_wconf 74' lang='lat' dir='ltr'><strong>P..</strong></span> <span class='ocrx_word' id='word_1_243' title='bbox 625 2766 772 2815; x_wconf 83' lang='lat' dir='ltr'><strong>venit</strong></span> <span class='ocrx_word' id='word_1_244' title='bbox 801 2766 1083 2816; x_wconf 81' lang='lat' dir='ltr'><strong>Acconem.</strong></span> <span class='ocrx_word' id='word_1_245' title='bbox 1835 2766 1926 2814; x_wconf 90' lang='grc'>919</span> 
     </span>
    </p>

    <p class='ocr_par' dir='ltr' id='par_1_12' title="bbox 275 2827 1930 3079">
     <span class='ocr_line' id='line_1_40' title="bbox 336 2827 1930 2892; baseline -0.002 -14"><span class='ocrx_word' id='word_1_246' title='bbox 336 2828 511 2878; x_wconf 86' lang='lat' dir='ltr'><strong>xvm.</strong></span> <span class='ocrx_word' id='word_1_247' title='bbox 547 2852 609 2866; x_wconf 90' lang='lat'>—</span> <span class='ocrx_word' id='word_1_248' title='bbox 640 2827 842 2878; x_wconf 85' lang='lat' dir='ltr'><strong>Deinde</strong></span> <span class='ocrx_word' id='word_1_249' title='bbox 865 2828 933 2880; x_wconf 92' lang='lat' dir='ltr'><strong>ad</strong></span> <span class='ocrx_word' id='word_1_250' title='bbox 961 2830 1162 2892; x_wconf 85' lang='lat' dir='ltr'><strong>Tyrum</strong></span> <span class='ocrx_word' id='word_1_251' title='bbox 1194 2830 1460 2892; x_wconf 83' lang='lat' dir='ltr'><strong>properat,</strong></span> <span class='ocrx_word' id='word_1_252' title='bbox 1497 2827 1652 2889; x_wconf 77' lang='lat' dir='ltr'><strong>cuius</strong></span> <span class='ocrx_word' id='word_1_253' title='bbox 1681 2827 1930 2877; x_wconf 90' lang='lat' dir='ltr'><strong>custodia</strong></span> 
     </span>
     <span class='ocr_line' id='line_1_41' title="bbox 275 2889 1925 2954; baseline -0.002 -14"><span class='ocrx_word' id='word_1_254' title='bbox 275 2903 322 2940; x_wconf 85' lang='lat' dir='ltr'><strong>ei</strong></span> <span class='ocrx_word' id='word_1_255' title='bbox 356 2891 726 2940; x_wconf 83' lang='lat' dir='ltr'><strong>committitur.</strong></span> <span class='ocrx_word' id='word_1_256' title='bbox 762 2892 964 2954; x_wconf 86' lang='lat' dir='ltr'><strong>Tyrum</strong></span> <span class='ocrx_word' id='word_1_257' title='bbox 1002 2890 1214 2941; x_wconf 80' lang='lat' dir='ltr'><strong>obsidet</strong></span> <span class='ocrx_word' id='word_1_258' title='bbox 1241 2889 1542 2940; x_wconf 85' lang='lat' dir='ltr'><strong>saladinus.</strong></span> <span class='ocrx_word' id='word_1_259' title='bbox 1580 2889 1925 2940; x_wconf 83' lang='lat' dir='ltr'><strong>obsidionem</strong></span> 
     </span>
     <span class='ocr_line' id='line_1_42' title="bbox 275 2950 1930 3017; baseline 0.001 -15"><span class='ocrx_word' id='word_1_260' title='bbox 275 2950 456 3008; x_wconf 78' lang='lat' dir='ltr'><strong>solvit,</strong></span> <span class='ocrx_word' id='word_1_261' title='bbox 490 2952 785 3003; x_wconf 71' lang='lat' dir='ltr'><strong>Coesaream</strong></span> <span class='ocrx_word' id='word_1_262' title='bbox 817 2956 871 3003; x_wconf 91' lang='lat' dir='ltr'><strong>et</strong></span> <span class='ocrx_word' id='word_1_263' title='bbox 899 2953 1129 3017; x_wconf 83' lang='lat' dir='ltr'><strong>Joppem</strong></span> <span class='ocrx_word' id='word_1_264' title='bbox 1157 2952 1648 3017; x_wconf 85' lang='lat' dir='ltr'><strong>capit.Ascaloncm</strong></span> <span class='ocrx_word' id='word_1_265' title='bbox 1679 2953 1840 3016; x_wconf 83' lang='lat' dir='ltr'><strong>capit,</strong></span> <span class='ocrx_word' id='word_1_266' title='bbox 1876 2956 1930 3003; x_wconf 89' lang='lat' dir='ltr'><strong>et</strong></span> 
     </span>
     <span class='ocr_line' id='line_1_43' title="bbox 275 3015 1930 3079; baseline -0.002 -14"><span class='ocrx_word' id='word_1_267' title='bbox 275 3029 331 3065; x_wconf 89' lang='lat' dir='ltr'><strong>re</strong></span> <span class='ocrx_word' id='word_1_268' title='bbox 372 3028 458 3064; x_wconf 91' lang='lat' dir='ltr'><strong>em</strong></span> <span class='ocrx_word' id='word_1_269' title='bbox 488 3018 758 3079; x_wconf 86' lang='lat' dir='ltr'><strong>captivum</strong></span> <span class='ocrx_word' id='word_1_270' title='bbox 781 3015 1025 3065; x_wconf 86' lang='lat' dir='ltr'><strong>libertate</strong></span> <span class='ocrx_word' id='word_1_271' title='bbox 1056 3015 1241 3066; x_wconf 86' lang='lat' dir='ltr'><strong>donat.</strong></span> <span class='ocrx_word' id='word_1_272' title='bbox 1836 3015 1930 3063; x_wconf 93' lang='grc'><strong>919</strong></span> 
     </span>
    </p>

    <p class='ocr_par' dir='ltr' id='par_1_13' title="bbox 274 3076 1929 3190">
     <span class='ocr_line' id='line_1_44' title="bbox 386 3076 1929 3128; baseline -0.001 -2"><span class='ocrx_word' id='word_1_273' title='bbox 386 3078 471 3128; x_wconf 86' lang='lat' dir='ltr'><strong>IX.</strong></span> <span class='ocrx_word' id='word_1_274' title='bbox 507 3102 565 3115; x_wconf 89' lang='lat'><em>-</em></span> <span class='ocrx_word' id='word_1_275' title='bbox 585 3077 869 3127; x_wconf 87' lang='lat' dir='ltr'><strong>saladinus</strong></span> <span class='ocrx_word' id='word_1_276' title='bbox 898 3078 1105 3128; x_wconf 83' lang='lat' dir='ltr'><strong>civibus</strong></span> <span class='ocrx_word' id='word_1_277' title='bbox 1130 3076 1428 3127; x_wconf 81' lang='lat' dir='ltr'><strong>Jerusalem</strong></span> <span class='ocrx_word' id='word_1_278' title='bbox 1450 3076 1731 3128; x_wconf 87' lang='lat' dir='ltr'><strong>denuntiat</strong></span> <span class='ocrx_word' id='word_1_279' title='bbox 1747 3079 1807 3126; x_wconf 88' lang='lat' dir='ltr'><strong>ut</strong></span> <span class='ocrx_word' id='word_1_280' title='bbox 1828 3076 1929 3126; x_wconf 90' lang='lat' dir='ltr'><strong>sibi</strong></span> 
     </span>
     <span class='ocr_line' id='line_1_45' title="bbox 274 3137 1929 3190; baseline 0 -2"><span class='ocrx_word' id='word_1_281' title='bbox 274 3137 546 3188; x_wconf 85' lang='lat' dir='ltr'><strong>civitatem</strong></span> <span class='ocrx_word' id='word_1_282' title='bbox 574 3139 805 3190; x_wconf 85' lang='lat' dir='ltr'><strong>tradant.</strong></span> <span class='ocrx_word' id='word_1_283' title='bbox 1839 3140 1929 3188; x_wconf 82' lang='lat'><strong>921</strong></span> 
     </span>
    </p>

    <p class='ocr_par' dir='ltr' id='par_1_14' title="bbox 275 3200 1934 3439">
     <span class='ocr_line' id='line_1_46' title="bbox 337 3200 1933 3274; baseline 0.001 -24"><span class='ocrx_word' id='word_1_284' title='bbox 337 3201 445 3251; x_wconf 85' lang='lat' dir='ltr'><strong>XX.</strong></span> <span class='ocrx_word' id='word_1_285' title='bbox 478 3201 840 3274; x_wconf 72' lang='lat' dir='ltr'><strong>—siiiadinus</strong></span> <span class='ocrx_word' id='word_1_286' title='bbox 861 3204 1033 3251; x_wconf 89' lang='lat' dir='ltr'><strong>totum</strong></span> <span class='ocrx_word' id='word_1_287' title='bbox 1059 3213 1305 3265; x_wconf 83' lang='lat' dir='ltr'><strong>regnum,</strong></span> <span class='ocrx_word' id='word_1_288' title='bbox 1338 3204 1561 3266; x_wconf 91' lang='lat' dir='ltr'><strong>excepto</strong></span> <span class='ocrx_word' id='word_1_289' title='bbox 1590 3201 1732 3265; x_wconf 88' lang='lat' dir='ltr'><strong>Tyro</strong></span> <span class='ocrx_word' id='word_1_290' title='bbox 1762 3208 1817 3251; x_wconf 86' lang='lat' dir='ltr'><strong>et</strong></span> <span class='ocrx_word' id='word_1_291' title='bbox 1847 3200 1933 3251; x_wconf 84' lang='lat' dir='ltr'><strong>Je-</strong></span> 
     </span>
     <span class='ocr_line' id='line_1_47' title="bbox 278 3263 1933 3399; baseline -0.001 -23"><span class='ocrx_word' id='word_1_292' title='bbox 278 3263 636 3399; x_wconf 37' lang='lat' dir='ltr'><strong>rugam—23:</strong></span> <span class='ocrx_word' id='word_1_293' title='bbox 660 3267 856 3398; x_wconf 42' lang='lat' dir='ltr'><strong>ili-tilinus</strong></span> <span class='ocrx_word' id='word_1_294' title='bbox 869 3323 1402 3398; x_wconf 73' lang='lat' dir='ltr'><strong>obsidetlerusalcm,</strong></span> <span class='ocrx_word' id='word_1_295' title='bbox 1420 3326 1508 3398; x_wconf 76' lang='lat' dir='ltr'><strong>cui</strong></span> <span class='ocrx_word' id='word_1_296' title='bbox 1535 3325 1757 3399; x_wconf 75' lang='lat' dir='ltr'><strong>yiriliter</strong></span> <span class='ocrx_word' id='word_1_297' title='bbox 1779 3264 1933 3375; x_wconf 54' lang='lat' dir='ltr'><strong>regizsi·</strong></span> 
     </span>
     <span class='ocr_line' id='line_1_48' title="bbox 275 3387 1934 3439; baseline 0 -3"><span class='ocrx_word' id='word_1_298' title='bbox 275 3389 398 3437; x_wconf 89' lang='lat' dir='ltr'><strong>tunt</strong></span> <span class='ocrx_word' id='word_1_299' title='bbox 419 3387 727 3439; x_wconf 76' lang='lat' dir='ltr'><strong>Christiani.</strong></span> <span class='ocrx_word' id='word_1_300' title='bbox 765 3387 1047 3438; x_wconf 86' lang='lat' dir='ltr'><strong>Saladinus</strong></span> <span class='ocrx_word' id='word_1_301' title='bbox 1083 3391 1256 3437; x_wconf 87' lang='lat' dir='ltr'><strong>mutat</strong></span> <span class='ocrx_word' id='word_1_302' title='bbox 1287 3388 1581 3438; x_wconf 81' lang='lat' dir='ltr'><strong>obsidionis</strong></span> <span class='ocrx_word' id='word_1_303' title='bbox 1614 3387 1813 3438; x_wconf 89' lang='lat' dir='ltr'><strong>iocum.</strong></span> <span class='ocrx_word' id='word_1_304' title='bbox 1840 3389 1934 3437; x_wconf 73' lang='grc'>923</span> 
     </span>
    </p>

    <p class='ocr_par' dir='ltr' id='par_1_15' title="bbox 276 3449 1936 3577">
     <span class='ocr_line' id='line_1_49' title="bbox 340 3449 1936 3511; baseline -0.001 -10"><span class='ocrx_word' id='word_1_305' title='bbox 340 3450 498 3501; x_wconf 74' lang='grc' dir='ltr'><strong>ΙΧῙΙ.</strong></span> <span class='ocrx_word' id='word_1_306' title='bbox 527 3475 590 3487; x_wconf 88' lang='lat'>-</span> <span class='ocrx_word' id='word_1_307' title='bbox 622 3449 908 3500; x_wconf 80' lang='lat' dir='ltr'><strong>Christiani</strong></span> <span class='ocrx_word' id='word_1_308' title='bbox 959 3451 1244 3500; x_wconf 84' lang='lat' dir='ltr'><strong>consitium</strong></span> <span class='ocrx_word' id='word_1_309' title='bbox 1286 3452 1506 3511; x_wconf 83' lang='lat' dir='ltr'><strong>capiunt</strong></span> <span class='ocrx_word' id='word_1_310' title='bbox 1548 3451 1614 3499; x_wconf 90' lang='lat' dir='ltr'><strong>de</strong></span> <span class='ocrx_word' id='word_1_311' title='bbox 1663 3450 1936 3500; x_wconf 86' lang='lat' dir='ltr'><strong>reddenda</strong></span> 
     </span>
     <span class='ocr_line' id='line_1_50' title="bbox 276 3511 1933 3577; baseline 0 -15"><span class='ocrx_word' id='word_1_312' title='bbox 276 3512 511 3562; x_wconf 84' lang='lat' dir='ltr'><strong>civitate.</strong></span> <span class='ocrx_word' id='word_1_313' title='bbox 528 3512 677 3563; x_wconf 87' lang='lat' dir='ltr'><strong>illam</strong></span> <span class='ocrx_word' id='word_1_314' title='bbox 692 3514 907 3563; x_wconf 83' lang='lat' dir='ltr'><strong>interim</strong></span> <span class='ocrx_word' id='word_1_315' title='bbox 921 3513 1105 3562; x_wconf 77' lang='lat' dir='ltr'><strong>Turcae</strong></span> <span class='ocrx_word' id='word_1_316' title='bbox 1129 3511 1432 3562; x_wconf 86' lang='lat' dir='ltr'><strong>adorientes</strong></span> <span class='ocrx_word' id='word_1_317' title='bbox 1461 3512 1808 3577; x_wconf 88' lang='lat' dir='ltr'><strong>repelluntur.</strong></span> <span class='ocrx_word' id='word_1_318' title='bbox 1840 3513 1933 3562; x_wconf 75' lang='lat'><strong>923</strong></span> 
     </span>
    </p>

    <p class='ocr_par' dir='ltr' id='par_1_16' title="bbox 277 3573 1937 3687">
     <span class='ocr_line' id='line_1_51' title="bbox 339 3573 1937 3639; baseline 0 -15"><span class='ocrx_word' id='word_1_319' title='bbox 339 3575 521 3624; x_wconf 88' lang='lat' dir='ltr'><strong>XXiil.</strong></span> <span class='ocrx_word' id='word_1_320' title='bbox 562 3601 621 3612; x_wconf 86' lang='lat'><em>-</em></span> <span class='ocrx_word' id='word_1_321' title='bbox 669 3577 855 3625; x_wconf 85' lang='lat' dir='ltr'><strong>Preces</strong></span> <span class='ocrx_word' id='word_1_322' title='bbox 888 3573 1309 3625; x_wconf 86' lang='lat' dir='ltr'><strong>Christianorum</strong></span> <span class='ocrx_word' id='word_1_323' title='bbox 1348 3588 1442 3639; x_wconf 87' lang='lat' dir='ltr'><strong>pro</strong></span> <span class='ocrx_word' id='word_1_324' title='bbox 1485 3580 1565 3624; x_wconf 90' lang='lat' dir='ltr'><strong>ter</strong></span> <span class='ocrx_word' id='word_1_325' title='bbox 1588 3589 1775 3624; x_wconf 89' lang='lat' dir='ltr'><strong>eorum</strong></span> <span class='ocrx_word' id='word_1_326' title='bbox 1814 3588 1937 3638; x_wconf 90' lang='lat' dir='ltr'><strong>pec-</strong></span> 
     </span>
     <span class='ocr_line' id='line_1_52' title="bbox 277 3636 1937 3687; baseline -0.001 -1"><span class='ocrx_word' id='word_1_327' title='bbox 277 3640 400 3687; x_wconf 89' lang='lat' dir='ltr'><strong>cata</strong></span> <span class='ocrx_word' id='word_1_328' title='bbox 420 3639 557 3687; x_wconf 86' lang='lat' dir='ltr'><strong>Deus</strong></span> <span class='ocrx_word' id='word_1_329' title='bbox 585 3651 692 3687; x_wconf 93' lang='lat' dir='ltr'><strong>non</strong></span> <span class='ocrx_word' id='word_1_330' title='bbox 723 3636 958 3687; x_wconf 85' lang='lat' dir='ltr'><strong>exaudit.</strong></span> <span class='ocrx_word' id='word_1_331' title='bbox 978 3638 1257 3687; x_wconf 84' lang='lat' dir='ltr'><strong>Tractatur</strong></span> <span class='ocrx_word' id='word_1_332' title='bbox 1283 3649 1406 3686; x_wconf 90' lang='lat' dir='ltr'><strong>cum</strong></span> <span class='ocrx_word' id='word_1_333' title='bbox 1475 3636 1689 3687; x_wconf 81' lang='lat' dir='ltr'><strong>aladino</strong></span> <span class='ocrx_word' id='word_1_334' title='bbox 1724 3636 1789 3686; x_wconf 90' lang='lat' dir='ltr'><strong>de</strong></span> <span class='ocrx_word' id='word_1_335' title='bbox 1818 3636 1937 3686; x_wconf 87' lang='lat' dir='ltr'><strong>red-</strong></span> 
     </span>
    </p>
   </div>
   <div class='ocr_carea' id='block_1_8' title="bbox 280 3697 1937 4002">
    <p class='ocr_par' dir='ltr' id='par_1_17' title="bbox 280 3697 1936 3948">
     <span class='ocr_line' id='line_1_53' title="bbox 280 3697 1936 3749; baseline -0.001 -1"><span class='ocrx_word' id='word_1_336' title='bbox 280 3697 458 3749; x_wconf 86' lang='lat' dir='ltr'><strong>denda</strong></span> <span class='ocrx_word' id='word_1_337' title='bbox 487 3700 720 3749; x_wconf 86' lang='lat' dir='ltr'><strong>civitate.</strong></span> <span class='ocrx_word' id='word_1_338' title='bbox 1844 3700 1936 3748; x_wconf 73' lang='lat'><strong>924</strong></span> 
     </span>
     <span class='ocr_line' id='line_1_54' title="bbox 341 3761 1934 3811; baseline -0.001 -1"><span class='ocrx_word' id='word_1_339' title='bbox 341 3761 518 3811; x_wconf 81' lang='lat' dir='ltr'><strong>xxiv.</strong></span> <span class='ocrx_word' id='word_1_340' title='bbox 545 3787 605 3798; x_wconf 97' lang='lat'>—</span> <span class='ocrx_word' id='word_1_341' title='bbox 634 3761 977 3811; x_wconf 89' lang='lat' dir='ltr'><strong>Conditiones</strong></span> <span class='ocrx_word' id='word_1_342' title='bbox 1005 3764 1282 3811; x_wconf 87' lang='lat' dir='ltr'><strong>tractatus.</strong></span> <span class='ocrx_word' id='word_1_343' title='bbox 1843 3762 1934 3809; x_wconf 78' lang='grc'><strong>924</strong></span> 
     </span>
     <span class='ocr_line' id='line_1_55' title="bbox 342 3823 1935 3874; baseline -0.001 0"><span class='ocrx_word' id='word_1_344' title='bbox 342 3824 495 3874; x_wconf 80' lang='lat' dir='ltr'><strong>XXV.</strong></span> <span class='ocrx_word' id='word_1_345' title='bbox 524 3849 582 3862; x_wconf 92' lang='lat'>-</span> <span class='ocrx_word' id='word_1_346' title='bbox 612 3823 867 3873; x_wconf 90' lang='lat' dir='ltr'><strong>saladino</strong></span> <span class='ocrx_word' id='word_1_347' title='bbox 892 3823 1137 3873; x_wconf 85' lang='lat' dir='ltr'><strong>redditur</strong></span> <span class='ocrx_word' id='word_1_348' title='bbox 1163 3824 1369 3873; x_wconf 81' lang='lat' dir='ltr'><strong>civitas.</strong></span> <span class='ocrx_word' id='word_1_349' title='bbox 1841 3825 1935 3872; x_wconf 76' lang='grc'><strong>920</strong></span> 
     </span>
     <span class='ocr_line' id='line_1_56' title="bbox 342 3884 1927 3948; baseline 0.001 -13"><span class='ocrx_word' id='word_1_350' title='bbox 342 3886 526 3936; x_wconf 80' lang='lat' dir='ltr'><strong>XXVI.</strong></span> <span class='ocrx_word' id='word_1_351' title='bbox 559 3911 620 3923; x_wconf 90' lang='lat'>-</span> <span class='ocrx_word' id='word_1_352' title='bbox 659 3885 943 3936; x_wconf 77' lang='lat' dir='ltr'><strong>saladinus</strong></span> <span class='ocrx_word' id='word_1_353' title='bbox 998 3885 1139 3935; x_wconf 89' lang='lat' dir='ltr'><strong>mille</strong></span> <span class='ocrx_word' id='word_1_354' title='bbox 1169 3886 1412 3948; x_wconf 83' lang='lat' dir='ltr'><strong>captivos</strong></span> <span class='ocrx_word' id='word_1_355' title='bbox 1445 3884 1691 3935; x_wconf 84' lang='lat' dir='ltr'><strong>libertate</strong></span> <span class='ocrx_word' id='word_1_356' title='bbox 1737 3884 1927 3936; x_wconf 87' lang='lat' dir='ltr'><strong>donat.</strong></span> 
     </span>
    </p>

    <p class='ocr_par' dir='ltr' id='par_1_18' title="bbox 283 3947 1937 4002">
     <span class='ocr_line' id='line_1_57' title="bbox 283 3947 1937 4002; baseline -0.001 -4"><span class='ocrx_word' id='word_1_357' title='bbox 283 3948 467 3998; x_wconf 83' lang='lat' dir='ltr'><strong>Plures</strong></span> <span class='ocrx_word' id='word_1_358' title='bbox 498 3948 585 3999; x_wconf 85' lang='lat' dir='ltr'><strong>alii</strong></span> <span class='ocrx_word' id='word_1_359' title='bbox 617 3948 933 4002; x_wconf 84' lang='lat' dir='ltr'><strong>liberantur,</strong></span> <span class='ocrx_word' id='word_1_360' title='bbox 1844 3947 1937 3996; x_wconf 79' lang='lat'><strong>928</strong></span> 
     </span>
    </p>
   </div>
   <div class='ocr_carea' id='block_1_9' title="bbox 281 4007 1941 4619">
    <p class='ocr_par' dir='ltr' id='par_1_19' title="bbox 282 4007 1936 4137">
     <span class='ocr_line' id='line_1_58' title="bbox 343 4007 1928 4070; baseline -0.001 -9"><span class='ocrx_word' id='word_1_361' title='bbox 343 4010 545 4061; x_wconf 77' lang='lat' dir='ltr'><strong>XXVII.</strong></span> <span class='ocrx_word' id='word_1_362' title='bbox 578 4037 639 4048; x_wconf 93' lang='lat'><em>-</em></span> <span class='ocrx_word' id='word_1_363' title='bbox 658 4009 829 4070; x_wconf 89' lang='lat' dir='ltr'><strong>Quam</strong></span> <span class='ocrx_word' id='word_1_364' title='bbox 854 4009 989 4060; x_wconf 90' lang='lat' dir='ltr'><strong>heiie</strong></span> <span class='ocrx_word' id='word_1_365' title='bbox 1016 4009 1344 4060; x_wconf 84' lang='lat' dir='ltr'><strong>Christianos</strong></span> <span class='ocrx_word' id='word_1_366' title='bbox 1362 4007 1606 4058; x_wconf 85' lang='lat' dir='ltr'><strong>habuerit</strong></span> <span class='ocrx_word' id='word_1_367' title='bbox 1619 4008 1928 4064; x_wconf 87' lang='lat' dir='ltr'><strong>saladinus.</strong></span> 
     </span>
     <span class='ocr_line' id='line_1_59' title="bbox 282 4070 1936 4137; baseline -0.002 -13"><span class='ocrx_word' id='word_1_368' title='bbox 282 4072 473 4124; x_wconf 87' lang='lat' dir='ltr'><strong>Comes</strong></span> <span class='ocrx_word' id='word_1_369' title='bbox 499 4072 860 4137; x_wconf 82' lang='lat' dir='ltr'><strong>Tripolitanos</strong></span> <span class='ocrx_word' id='word_1_370' title='bbox 887 4070 1215 4122; x_wconf 86' lang='lat' dir='ltr'><strong>Christianos</strong></span> <span class='ocrx_word' id='word_1_371' title='bbox 1236 4073 1470 4134; x_wconf 80' lang='lat' dir='ltr'><strong>recipere</strong></span> <span class='ocrx_word' id='word_1_372' title='bbox 1500 4075 1728 4121; x_wconf 87' lang='lat' dir='ltr'><strong>recusat.</strong></span> <span class='ocrx_word' id='word_1_373' title='bbox 1843 4073 1936 4121; x_wconf 73' lang='lat'><strong>928</strong></span> 
     </span>
    </p>

    <p class='ocr_par' dir='ltr' id='par_1_20' title="bbox 341 4132 1936 4186">
     <span class='ocr_line' id='line_1_60' title="bbox 341 4132 1936 4186; baseline -0.002 -1"><span class='ocrx_word' id='word_1_374' title='bbox 341 4135 565 4185; x_wconf 82' lang='lat' dir='ltr'><strong>XXVlll.</strong></span> <span class='ocrx_word' id='word_1_375' title='bbox 595 4161 658 4171; x_wconf 96' lang='lat'>—</span> <span class='ocrx_word' id='word_1_376' title='bbox 685 4134 1083 4186; x_wconf 86' lang='lat' dir='ltr'><strong>saracenorum</strong></span> <span class='ocrx_word' id='word_1_377' title='bbox 1116 4135 1169 4183; x_wconf 86' lang='lat' dir='ltr'><strong>in</strong></span> <span class='ocrx_word' id='word_1_378' title='bbox 1200 4132 1531 4184; x_wconf 82' lang='lat' dir='ltr'><strong>Christianos</strong></span> <span class='ocrx_word' id='word_1_379' title='bbox 1556 4132 1810 4184; x_wconf 88' lang='lat' dir='ltr'><strong>charitas.</strong></span> <span class='ocrx_word' id='word_1_380' title='bbox 1843 4134 1936 4183; x_wconf 82' lang='grc'><strong>929</strong></span> 
     </span>
    </p>

    <p class='ocr_par' dir='ltr' id='par_1_21' title="bbox 282 4195 1938 4324">
     <span class='ocr_line' id='line_1_61' title="bbox 344 4195 1938 4262; baseline -0.002 -14"><span class='ocrx_word' id='word_1_381' title='bbox 344 4197 522 4249; x_wconf 80' lang='lat' dir='ltr'><strong>xxix.</strong></span> <span class='ocrx_word' id='word_1_382' title='bbox 557 4223 620 4236; x_wconf 91' lang='lat'><strong>——</strong></span> <span class='ocrx_word' id='word_1_383' title='bbox 669 4196 955 4247; x_wconf 82' lang='lat' dir='ltr'><strong>saladinus</strong></span> <span class='ocrx_word' id='word_1_384' title='bbox 990 4197 1248 4262; x_wconf 82' lang='lat' dir='ltr'><strong>templum</strong></span> <span class='ocrx_word' id='word_1_385' title='bbox 1301 4208 1445 4261; x_wconf 88' lang='lat' dir='ltr'><strong>aqua</strong></span> <span class='ocrx_word' id='word_1_386' title='bbox 1490 4208 1712 4246; x_wconf 85' lang='lat' dir='ltr'><strong>rosacea</strong></span> <span class='ocrx_word' id='word_1_387' title='bbox 1769 4195 1938 4245; x_wconf 81' lang='lat' dir='ltr'><strong>lavari</strong></span> 
     </span>
     <span class='ocr_line' id='line_1_62' title="bbox 282 4259 1937 4324; baseline -0.001 -14"><span class='ocrx_word' id='word_1_388' title='bbox 282 4259 429 4310; x_wconf 78' lang='lat' dir='ltr'><strong>facit.</strong></span> <span class='ocrx_word' id='word_1_389' title='bbox 455 4261 659 4324; x_wconf 84' lang='lat' dir='ltr'><strong>Tyrum</strong></span> <span class='ocrx_word' id='word_1_390' title='bbox 678 4259 905 4309; x_wconf 88' lang='lat' dir='ltr'><strong>obsidet.</strong></span> <span class='ocrx_word' id='word_1_391' title='bbox 1843 4259 1937 4308; x_wconf 84' lang='grc'><strong>930</strong></span> 
     </span>
    </p>

    <p class='ocr_par' dir='ltr' id='par_1_22' title="bbox 281 4320 1939 4501">
     <span class='ocr_line' id='line_1_63' title="bbox 344 4320 1939 4384; baseline -0.001 -12"><span class='ocrx_word' id='word_1_392' title='bbox 344 4323 504 4376; x_wconf 81' lang='lat' dir='ltr'><strong>XXX.</strong></span> <span class='ocrx_word' id='word_1_393' title='bbox 538 4323 827 4370; x_wconf 81' lang='lat' dir='ltr'><strong>-Missum</strong></span> <span class='ocrx_word' id='word_1_394' title='bbox 843 4323 981 4384; x_wconf 85' lang='lat' dir='ltr'><strong>Tyro</strong></span> <span class='ocrx_word' id='word_1_395' title='bbox 996 4320 1257 4371; x_wconf 87' lang='lat' dir='ltr'><strong>auxilium</strong></span> <span class='ocrx_word' id='word_1_396' title='bbox 1283 4320 1336 4368; x_wconf 81' lang='lat' dir='ltr'><strong>vi</strong></span> <span class='ocrx_word' id='word_1_397' title='bbox 1355 4323 1637 4370; x_wconf 83' lang='lat' dir='ltr'><strong>ventorum</strong></span> <span class='ocrx_word' id='word_1_398' title='bbox 1660 4320 1939 4384; x_wconf 87' lang='lat' dir='ltr'><strong>repellitur</strong></span> 
     </span>
     <span class='ocr_line' id='line_1_64' title="bbox 281 4382 1938 4495; baseline -0.002 -60"><span class='ocrx_word' id='word_1_399' title='bbox 281 4383 515 4495; x_wconf 59' lang='lat' dir='ltr'><strong>Com-tadi</strong></span> <span class='ocrx_word' id='word_1_400' title='bbox 539 4383 807 4433; x_wconf 88' lang='lat' dir='ltr'><strong>industria</strong></span> <span class='ocrx_word' id='word_1_401' title='bbox 823 4382 1071 4433; x_wconf 85' lang='lat' dir='ltr'><strong>Saraceni</strong></span> <span class='ocrx_word' id='word_1_402' title='bbox 1096 4387 1221 4433; x_wconf 89' lang='lat' dir='ltr'><strong>ante</strong></span> <span class='ocrx_word' id='word_1_403' title='bbox 1249 4383 1452 4446; x_wconf 82' lang='lat' dir='ltr'><strong>Tyrum</strong></span> <span class='ocrx_word' id='word_1_404' title='bbox 1481 4382 1763 4447; x_wconf 85' lang='lat' dir='ltr'><strong>patiuntur</strong></span> <span class='ocrx_word' id='word_1_405' title='bbox 1780 4382 1938 4494; x_wconf 48' lang='lat' dir='ltr'><strong>degi-</strong></span> 
     </span>
     <span class='ocr_line' id='line_1_65' title="bbox 286 4459 554 4501; baseline 0.019 -5"><span class='ocrx_word' id='word_1_406' title='bbox 286 4459 410 4497; x_wconf 88' lang='lat' dir='ltr'><strong>men</strong></span> <span class='ocrx_word' id='word_1_407' title='bbox 439 4460 554 4501; x_wconf 83' lang='lat' dir='ltr'><strong>um.</strong></span> 
     </span>
    </p>

    <p class='ocr_par' dir='ltr' id='par_1_23' title="bbox 347 4506 1941 4619">
     <span class='ocr_line' id='line_1_66' title="bbox 347 4506 1941 4619; baseline -0.002 -60"><span class='ocrx_word' id='word_1_408' title='bbox 347 4508 530 4563; x_wconf 82' lang='lat' dir='ltr'><strong>xxxl.</strong></span> <span class='ocrx_word' id='word_1_409' title='bbox 563 4533 624 4545; x_wconf 90' lang='lat'>-</span> <span class='ocrx_word' id='word_1_410' title='bbox 649 4506 897 4559; x_wconf 86' lang='lat' dir='ltr'><strong>Saraceni</strong></span> <span class='ocrx_word' id='word_1_411' title='bbox 916 4506 1075 4557; x_wconf 82' lang='lat' dir='ltr'><strong>deleti</strong></span> <span class='ocrx_word' id='word_1_412' title='bbox 1105 4507 1158 4556; x_wconf 91' lang='lat' dir='ltr'><strong>in</strong></span> <span class='ocrx_word' id='word_1_413' title='bbox 1182 4507 1451 4557; x_wconf 87' lang='lat' dir='ltr'><strong>maritimo</strong></span> <span class='ocrx_word' id='word_1_414' title='bbox 1479 4509 1533 4557; x_wconf 90' lang='lat' dir='ltr'><strong>et</strong></span> <span class='ocrx_word' id='word_1_415' title='bbox 1552 4508 1787 4558; x_wconf 80' lang='lat' dir='ltr'><strong>terrestri</strong></span> <span class='ocrx_word' id='word_1_416' title='bbox 1809 4519 1941 4619; x_wconf 55' lang='grc' dir='ltr'><strong>ρὶξέ</strong></span> 
     </span>
    </p>
   </div>
   <div class='ocr_carea' id='block_1_10' title="bbox 283 4570 1941 4699">
    <p class='ocr_par' dir='ltr' id='par_1_24' title="bbox 283 4570 1941 4699">
     <span class='ocr_line' id='line_1_67' title="bbox 283 4570 1123 4683; baseline -0.001 -60"><span class='ocrx_word' id='word_1_417' title='bbox 283 4571 356 4622; x_wconf 87' lang='lat' dir='ltr'><strong>lio</strong></span> <span class='ocrx_word' id='word_1_418' title='bbox 383 4571 604 4622; x_wconf 78' lang='lat' dir='ltr'><strong>solvunt</strong></span> <span class='ocrx_word' id='word_1_419' title='bbox 616 4571 741 4683; x_wconf 53' lang='lat' dir='ltr'><strong>Tlri</strong></span> <span class='ocrx_word' id='word_1_420' title='bbox 764 4570 1123 4623; x_wconf 86' lang='lat' dir='ltr'><strong>obsidionem.</strong></span> 
     </span>
     <span class='ocr_line' id='line_1_68' title="bbox 690 4630 1941 4699; baseline -0.001 -17"><span class='ocrx_word' id='word_1_421' title='bbox 690 4633 1137 4699; x_wconf 87' lang='lat' dir='ltr'><strong>rchiepiscopusT</strong></span> <span class='ocrx_word' id='word_1_422' title='bbox 1180 4632 1349 4681; x_wconf 89' lang='lat' dir='ltr'><strong>rensis</strong></span> <span class='ocrx_word' id='word_1_423' title='bbox 1371 4631 1594 4681; x_wconf 83' lang='lat' dir='ltr'><strong>Romam</strong></span> <span class='ocrx_word' id='word_1_424' title='bbox 1618 4632 1780 4682; x_wconf 84' lang='lat' dir='ltr'><strong>venit.</strong></span> <span class='ocrx_word' id='word_1_425' title='bbox 1800 4630 1941 4681; x_wconf 90' lang='lat' dir='ltr'><strong>Guil-</strong></span> 
     </span>
    </p>
   </div>
   <div class='ocr_carea' id='block_1_11' title="bbox 346 4632 631 4684">
    <p class='ocr_par' dir='ltr' id='par_1_25' title="bbox 346 4632 631 4684">
     <span class='ocr_line' id='line_1_69' title="bbox 346 4632 631 4684; baseline -0.004 0"><span class='ocrx_word' id='word_1_426' title='bbox 346 4632 553 4684; x_wconf 82' lang='lat' dir='ltr'><strong>XXXH.</strong></span> <span class='ocrx_word' id='word_1_427' title='bbox 567 4659 631 4670; x_wconf 95' lang='lat'><strong>—</strong></span> 
     </span>
    </p>
   </div>
   <div class='ocr_carea' id='block_1_12' title="bbox 284 4693 1941 4929">
    <p class='ocr_par' dir='ltr' id='par_1_26' title="bbox 284 4693 1941 4929">
     <span class='ocr_line' id='line_1_70' title="bbox 284 4693 1941 4747; baseline -0.002 -1"><span class='ocrx_word' id='word_1_428' title='bbox 284 4695 479 4747; x_wconf 82' lang='lat' dir='ltr'><strong>lelmus</strong></span> <span class='ocrx_word' id='word_1_429' title='bbox 506 4709 600 4747; x_wconf 82' lang='lat' dir='ltr'><strong>rex</strong></span> <span class='ocrx_word' id='word_1_430' title='bbox 637 4693 827 4746; x_wconf 78' lang='lat' dir='ltr'><strong>sicilioe</strong></span> <span class='ocrx_word' id='word_1_431' title='bbox 872 4695 972 4745; x_wconf 88' lang='lat' dir='ltr'><strong>sibi</strong></span> <span class='ocrx_word' id='word_1_432' title='bbox 1013 4707 1146 4745; x_wconf 87' lang='lat' dir='ltr'><strong>ascri</strong></span> <span class='ocrx_word' id='word_1_433' title='bbox 1190 4694 1231 4743; x_wconf 90' lang='lat' dir='ltr'><strong>it</strong></span> <span class='ocrx_word' id='word_1_434' title='bbox 1254 4695 1430 4744; x_wconf 75' lang='lat' dir='ltr'><strong>Terrie</strong></span> <span class='ocrx_word' id='word_1_435' title='bbox 1463 4694 1669 4744; x_wconf 63' lang='lat' dir='ltr'><strong>sanctie</strong></span> <span class='ocrx_word' id='word_1_436' title='bbox 1697 4694 1941 4744; x_wconf 82' lang='lat' dir='ltr'><strong>amissio-</strong></span> 
     </span>
     <span class='ocr_line' id='line_1_71' title="bbox 284 4756 1940 4929; baseline -0.002 -57"><span class='ocrx_word' id='word_1_437' title='bbox 284 4772 571 4872; x_wconf 46' lang='lat' dir='ltr'><strong>uegilini.</strong></span> <span class='ocrx_word' id='word_1_438' title='bbox 606 4848 667 4859; x_wconf 92' lang='lat'><em>-</em></span> <span class='ocrx_word' id='word_1_439' title='bbox 691 4820 799 4871; x_wconf 83' lang='lat' dir='ltr'><strong>Rex</strong></span> <span class='ocrx_word' id='word_1_440' title='bbox 826 4818 1020 4870; x_wconf 66' lang='lat' dir='ltr'><strong>Sicilia)</strong></span> <span class='ocrx_word' id='word_1_441' title='bbox 1044 4818 1303 4869; x_wconf 82' lang='lat' dir='ltr'><strong>auxilium</strong></span> <span class='ocrx_word' id='word_1_442' title='bbox 1328 4818 1491 4867; x_wconf 89' lang='lat' dir='ltr'><strong>mittit</strong></span> <span class='ocrx_word' id='word_1_443' title='bbox 1514 4818 1688 4869; x_wconf 79' lang='lat' dir='ltr'><strong>Terrae</strong></span> <span class='ocrx_word' id='word_1_444' title='bbox 1708 4756 1940 4929; x_wconf 60' lang='grc' dir='ltr'>8311οὲξέ</span> 
     </span>
    </p>
   </div>
   <div class='ocr_carea' id='block_1_13' title="bbox 282 4942 1944 5319">
    <p class='ocr_par' dir='ltr' id='par_1_27' title="bbox 282 4942 1944 5259">
     <span class='ocr_line' id='line_1_72' title="bbox 345 4942 1940 5015; baseline -0.002 -20"><span class='ocrx_word' id='word_1_445' title='bbox 345 4945 572 4998; x_wconf 77' lang='lat' dir='ltr'><strong>XXXIV.</strong></span> <span class='ocrx_word' id='word_1_446' title='bbox 598 4947 815 5009; x_wconf 85' lang='lat' dir='ltr'><strong>—Paps</strong></span> <span class='ocrx_word' id='word_1_447' title='bbox 841 4943 1169 4994; x_wconf 83' lang='lat' dir='ltr'><strong>Christianos</strong></span> <span class='ocrx_word' id='word_1_448' title='bbox 1184 4943 1452 5015; x_wconf 82' lang='lat' dir='ltr'><strong>principes</strong></span> <span class='ocrx_word' id='word_1_449' title='bbox 1483 4942 1748 4993; x_wconf 82' lang='lat' dir='ltr'><strong>invitatad</strong></span> <span class='ocrx_word' id='word_1_450' title='bbox 1770 4942 1940 4992; x_wconf 72' lang='lat' dir='ltr'><strong>teren—</strong></span> 
     </span>
     <span class='ocr_line' id='line_1_73' title="bbox 283 5005 1944 5068; baseline -0.002 -10"><span class='ocrx_word' id='word_1_451' title='bbox 283 5008 415 5058; x_wconf 90' lang='lat' dir='ltr'><strong>dum</strong></span> <span class='ocrx_word' id='word_1_452' title='bbox 449 5007 624 5058; x_wconf 70' lang='lat' dir='ltr'><strong>Terras</strong></span> <span class='ocrx_word' id='word_1_453' title='bbox 666 5008 875 5057; x_wconf 76' lang='lat' dir='ltr'><strong>sanctie</strong></span> <span class='ocrx_word' id='word_1_454' title='bbox 917 5005 1236 5055; x_wconf 78' lang='lat' dir='ltr'><strong>subsidium.</strong></span> <span class='ocrx_word' id='word_1_455' title='bbox 1292 5006 1499 5055; x_wconf 87' lang='lat' dir='ltr'><strong>Primus</strong></span> <span class='ocrx_word' id='word_1_456' title='bbox 1536 5005 1944 5068; x_wconf 79' lang='lat' dir='ltr'><strong>crucesignetur</strong></span> 
     </span>
     <span class='ocr_line' id='line_1_74' title="bbox 282 5066 1938 5134; baseline -0.003 -14"><span class='ocrx_word' id='word_1_457' title='bbox 282 5071 575 5134; x_wconf 88' lang='lat' dir='ltr'><strong>imperator</strong></span> <span class='ocrx_word' id='word_1_458' title='bbox 594 5070 945 5120; x_wconf 63' lang='lat' dir='ltr'><strong>Alemannis).</strong></span> <span class='ocrx_word' id='word_1_459' title='bbox 967 5066 1065 5127; x_wconf 90' lang='lat' dir='ltr'><strong>Qui</strong></span> <span class='ocrx_word' id='word_1_460' title='bbox 1093 5068 1247 5131; x_wconf 89' lang='lat' dir='ltr'><strong>aquis</strong></span> <span class='ocrx_word' id='word_1_461' title='bbox 1274 5066 1329 5115; x_wconf 94' lang='lat' dir='ltr'><strong>in</strong></span> <span class='ocrx_word' id='word_1_462' title='bbox 1345 5068 1598 5117; x_wconf 85' lang='lat' dir='ltr'><strong>Armenia</strong></span> <span class='ocrx_word' id='word_1_463' title='bbox 1627 5067 1938 5117; x_wconf 78' lang='lat' dir='ltr'><strong>suffocatur.</strong></span> 
     </span>
     <span class='ocr_line' id='line_1_75' title="bbox 284 5128 1942 5203; baseline -0.002 -20"><span class='ocrx_word' id='word_1_464' title='bbox 284 5133 521 5184; x_wconf 60' lang='lat' dir='ltr'><strong>Francia</strong></span> <span class='ocrx_word' id='word_1_465' title='bbox 555 5136 607 5182; x_wconf 90' lang='lat' dir='ltr'><strong>et</strong></span> <span class='ocrx_word' id='word_1_466' title='bbox 654 5131 860 5197; x_wconf 81' lang='lat' dir='ltr'><strong>Angiioe</strong></span> <span class='ocrx_word' id='word_1_467' title='bbox 906 5143 962 5180; x_wconf 86' lang='lat' dir='ltr'><strong>re</strong></span> <span class='ocrx_word' id='word_1_468' title='bbox 1001 5143 1058 5180; x_wconf 86' lang='lat' dir='ltr'><strong>es</strong></span> <span class='ocrx_word' id='word_1_469' title='bbox 1120 5130 1588 5203; x_wconf 76' lang='lat' dir='ltr'><strong>crucesignantur.</strong></span> <span class='ocrx_word' id='word_1_470' title='bbox 1656 5128 1942 5179; x_wconf 87' lang='lat' dir='ltr'><strong>saladinus</strong></span> 
     </span>
     <span class='ocr_line' id='line_1_76' title="bbox 282 5191 1941 5259; baseline -0.003 -13"><span class='ocrx_word' id='word_1_471' title='bbox 282 5195 497 5246; x_wconf 84' lang='lat' dir='ltr'><strong>obsidet</strong></span> <span class='ocrx_word' id='word_1_472' title='bbox 526 5194 802 5259; x_wconf 86' lang='lat' dir='ltr'><strong>Tripolim.</strong></span> <span class='ocrx_word' id='word_1_473' title='bbox 838 5193 970 5245; x_wconf 87' lang='lat' dir='ltr'><strong>Obsi</strong></span> <span class='ocrx_word' id='word_1_474' title='bbox 1011 5193 1188 5243; x_wconf 88' lang='lat' dir='ltr'><strong>ionem</strong></span> <span class='ocrx_word' id='word_1_475' title='bbox 1220 5191 1405 5246; x_wconf 83' lang='lat' dir='ltr'><strong>solvit.</strong></span> <span class='ocrx_word' id='word_1_476' title='bbox 1848 5193 1941 5241; x_wconf 83' lang='grc'><strong>934</strong></span> 
     </span>
    </p>

    <p class='ocr_par' dir='ltr' id='par_1_28' title="bbox 344 5253 1942 5319">
     <span class='ocr_line' id='line_1_77' title="bbox 344 5253 1942 5319; baseline -0.004 -10"><span class='ocrx_word' id='word_1_477' title='bbox 344 5257 549 5309; x_wconf 78' lang='lat' dir='ltr'><strong>XXXV.</strong></span> <span class='ocrx_word' id='word_1_478' title='bbox 576 5284 638 5294; x_wconf 91' lang='lat'>—</span> <span class='ocrx_word' id='word_1_479' title='bbox 660 5255 946 5308; x_wconf 87' lang='lat' dir='ltr'><strong>saladinus</strong></span> <span class='ocrx_word' id='word_1_480' title='bbox 979 5255 1122 5319; x_wconf 86' lang='lat' dir='ltr'><strong>capit</strong></span> <span class='ocrx_word' id='word_1_481' title='bbox 1152 5254 1456 5306; x_wconf 88' lang='lat' dir='ltr'><strong>Valentiam</strong></span> <span class='ocrx_word' id='word_1_482' title='bbox 1482 5257 1535 5304; x_wconf 91' lang='lat' dir='ltr'><strong>et</strong></span> <span class='ocrx_word' id='word_1_483' title='bbox 1564 5253 1816 5319; x_wconf 87' lang='lat' dir='ltr'><strong>Byblum.</strong></span> <span class='ocrx_word' id='word_1_484' title='bbox 1849 5255 1942 5303; x_wconf 72' lang='grc'><strong>936</strong></span> 
     </span>
    </p>
   </div>
   <div class='ocr_carea' id='block_1_14' title="bbox 346 5353 1281 5414">
    <p class='ocr_par' dir='ltr' id='par_1_29' title="bbox 346 5353 1281 5414">
     <span class='ocr_line' id='line_1_78' title="bbox 346 5353 1281 5414; baseline -0.003 -7"><span class='ocrx_word' id='word_1_485' title='bbox 346 5355 542 5408; x_wconf 80' lang='lat' dir='ltr'>LIBER</span> <span class='ocrx_word' id='word_1_486' title='bbox 574 5353 926 5408; x_wconf 74' lang='lat' dir='ltr'><strong>vlcsssmus</strong></span> <span class='ocrx_word' id='word_1_487' title='bbox 955 5353 1281 5414; x_wconf 79' lang='lat' dir='ltr'><strong>QUARTUS.</strong></span> 
     </span>
    </p>
   </div>
   <div class='ocr_carea' id='block_1_15' title="bbox 290 5441 1947 5561">
    <p class='ocr_par' dir='ltr' id='par_1_30' title="bbox 290 5441 1947 5561">
     <span class='ocr_line' id='line_1_79' title="bbox 346 5441 1944 5509; baseline -0.002 -16"><span class='ocrx_word' id='word_1_488' title='bbox 346 5443 388 5494; x_wconf 84' lang='lat'><strong>1.</strong></span> <span class='ocrx_word' id='word_1_489' title='bbox 410 5469 472 5484; x_wconf 92' lang='lat'><strong>-—</strong></span> <span class='ocrx_word' id='word_1_490' title='bbox 494 5443 603 5497; x_wconf 77' lang='lat' dir='ltr'><strong>ilex</strong></span> <span class='ocrx_word' id='word_1_491' title='bbox 624 5443 798 5496; x_wconf 70' lang='lat' dir='ltr'><strong>Guido</strong></span> <span class='ocrx_word' id='word_1_492' title='bbox 823 5443 1027 5509; x_wconf 81' lang='lat' dir='ltr'><strong>Tyrum</strong></span> <span class='ocrx_word' id='word_1_493' title='bbox 1060 5442 1250 5502; x_wconf 81' lang='lat' dir='ltr'><strong>tendit.</strong></span> <span class='ocrx_word' id='word_1_494' title='bbox 1280 5442 1438 5508; x_wconf 81' lang='lat' dir='ltr'><strong>cujus</strong></span> <span class='ocrx_word' id='word_1_495' title='bbox 1463 5441 1510 5494; x_wconf 90' lang='lat' dir='ltr'><strong>ei</strong></span> <span class='ocrx_word' id='word_1_496' title='bbox 1538 5441 1839 5507; x_wconf 83' lang='lat' dir='ltr'><strong>denegatur</strong></span> <span class='ocrx_word' id='word_1_497' title='bbox 1865 5441 1944 5491; x_wconf 90' lang='lat' dir='ltr'><strong>in-</strong></span> 
     </span>
     <span class='ocr_line' id='line_1_80' title="bbox 290 5503 1947 5561; baseline -0.004 0"><span class='ocrx_word' id='word_1_498' title='bbox 290 5507 500 5561; x_wconf 80' lang='lat' dir='ltr'><strong>troitus.</strong></span> <span class='ocrx_word' id='word_1_499' title='bbox 524 5508 794 5561; x_wconf 81' lang='lat' dir='ltr'><strong>Acconem</strong></span> <span class='ocrx_word' id='word_1_500' title='bbox 812 5506 1043 5560; x_wconf 82' lang='lat' dir='ltr'><strong>obsidet·</strong></span> <span class='ocrx_word' id='word_1_501' title='bbox 1848 5503 1947 5555; x_wconf 75' lang='grc'>937</span> 
     </span>
    </p>
   </div>
   <div class='ocr_carea' id='block_1_16' title="bbox 1712 202 2211 268">
    <p class='ocr_par' dir='ltr' id='par_1_31' title="bbox 1712 202 2211 268">
     <span class='ocr_line' id='line_1_81' title="bbox 1712 202 2211 268; baseline -0.006 0"><span class='ocrx_word' id='word_1_502' title='bbox 1712 206 1910 268; x_wconf 81' lang='lat' dir='ltr'>ORDO</span> <span class='ocrx_word' id='word_1_503' title='bbox 1948 202 2211 266; x_wconf 78' lang='lat' dir='ltr'>RERUM</span> 
     </span>
    </p>
   </div>
   <div class='ocr_carea' id='block_1_17' title="bbox 3519 208 3674 271">
    <p class='ocr_par' dir='ltr' id='par_1_32' title="bbox 3519 208 3674 271">
     <span class='ocr_line' id='line_1_82' title="bbox 3519 208 3674 271; baseline 0.006 -3"><span class='ocrx_word' id='word_1_504' title='bbox 3519 208 3548 268; x_wconf 80' lang='grc'><strong>1</strong></span> <span class='ocrx_word' id='word_1_505' title='bbox 3559 208 3674 271; x_wconf 72' lang='lat'><strong>436</strong></span> 
     </span>
    </p>
   </div>
   <div class='ocr_carea' id='block_1_18' title="bbox 2025 332 3694 1273">
    <p class='ocr_par' dir='ltr' id='par_1_33' title="bbox 2025 332 3694 1273">
     <span class='ocr_line' id='line_1_83' title="bbox 2078 332 3683 401; baseline 0.003 -18"><span class='ocrx_word' id='word_1_506' title='bbox 2078 332 2142 383; x_wconf 87' lang='lat' dir='ltr'><strong>ll.</strong></span> <span class='ocrx_word' id='word_1_507' title='bbox 2170 358 2231 372; x_wconf 89' lang='lat'><strong>—</strong></span> <span class='ocrx_word' id='word_1_508' title='bbox 2258 332 2462 385; x_wconf 82' lang='lat' dir='ltr'><strong>Bellum</strong></span> <span class='ocrx_word' id='word_1_509' title='bbox 2491 335 2632 384; x_wconf 86' lang='lat' dir='ltr'><strong>inter</strong></span> <span class='ocrx_word' id='word_1_510' title='bbox 2655 333 2889 385; x_wconf 76' lang='lat' dir='ltr'><strong>Francioe</strong></span> <span class='ocrx_word' id='word_1_511' title='bbox 2919 336 2973 386; x_wconf 91' lang='lat' dir='ltr'><strong>et</strong></span> <span class='ocrx_word' id='word_1_512' title='bbox 2990 333 3194 401; x_wconf 78' lang='lat' dir='ltr'><strong>Angliae</strong></span> <span class='ocrx_word' id='word_1_513' title='bbox 3221 348 3394 401; x_wconf 86' lang='lat' dir='ltr'><strong>reges.</strong></span> <span class='ocrx_word' id='word_1_514' title='bbox 3418 336 3683 388; x_wconf 83' lang='lat' dir='ltr'><strong>Paxinter</strong></span> 
     </span>
     <span class='ocr_line' id='line_1_84' title="bbox 2025 395 3679 450; baseline 0.002 -4"><span class='ocrx_word' id='word_1_515' title='bbox 2025 408 2134 446; x_wconf 89' lang='lat' dir='ltr'><strong>eos.</strong></span> <span class='ocrx_word' id='word_1_516' title='bbox 2173 395 2468 447; x_wconf 86' lang='lat' dir='ltr'><strong>Richardus</strong></span> <span class='ocrx_word' id='word_1_517' title='bbox 2483 411 2576 447; x_wconf 87' lang='lat' dir='ltr'><strong>rex</strong></span> <span class='ocrx_word' id='word_1_518' title='bbox 2598 400 2908 447; x_wconf 87' lang='lat' dir='ltr'><strong>coronatur.</strong></span> <span class='ocrx_word' id='word_1_519' title='bbox 3269 430 3273 436; x_wconf 87' lang='lat'><em>-</em></span> <span class='ocrx_word' id='word_1_520' title='bbox 3587 402 3679 450; x_wconf 79' lang='grc'><strong>937</strong></span> 
     </span>
     <span class='ocr_line' id='line_1_85' title="bbox 2087 458 3678 525; baseline 0.003 -17"><span class='ocrx_word' id='word_1_521' title='bbox 2087 458 2167 508; x_wconf 84' lang='grc'>111.</span> <span class='ocrx_word' id='word_1_522' title='bbox 2200 484 2258 497; x_wconf 89' lang='grc'>-</span> <span class='ocrx_word' id='word_1_523' title='bbox 2307 460 2421 510; x_wconf 87' lang='lat' dir='ltr'><strong>Duo</strong></span> <span class='ocrx_word' id='word_1_524' title='bbox 2463 471 2617 525; x_wconf 88' lang='lat' dir='ltr'><strong>reges</strong></span> <span class='ocrx_word' id='word_1_525' title='bbox 2661 460 3018 524; x_wconf 83' lang='lat' dir='ltr'><strong>crucesignati</strong></span> <span class='ocrx_word' id='word_1_526' title='bbox 3047 461 3101 509; x_wconf 90' lang='lat' dir='ltr'><strong>in</strong></span> <span class='ocrx_word' id='word_1_527' title='bbox 3151 461 3369 511; x_wconf 88' lang='lat' dir='ltr'><strong>Terram</strong></span> <span class='ocrx_word' id='word_1_528' title='bbox 3420 462 3678 513; x_wconf 87' lang='lat' dir='ltr'><strong>Sanctam</strong></span> 
     </span>
     <span class='ocr_line' id='line_1_86' title="bbox 2062 520 3680 589; baseline 0.003 -20"><span class='ocrx_word' id='word_1_529' title='bbox 2062 520 2439 572; x_wconf 86' lang='lat' dir='ltr'><strong>reficiscuntur</strong></span> <span class='ocrx_word' id='word_1_530' title='bbox 2463 536 2587 572; x_wconf 91' lang='lat' dir='ltr'><strong>cum</strong></span> <span class='ocrx_word' id='word_1_531' title='bbox 2621 521 2869 588; x_wconf 89' lang='lat' dir='ltr'><strong>pluribus</strong></span> <span class='ocrx_word' id='word_1_532' title='bbox 2893 523 3013 573; x_wconf 90' lang='lat' dir='ltr'><strong>aliis</strong></span> <span class='ocrx_word' id='word_1_533' title='bbox 3051 522 3386 589; x_wconf 90' lang='lat' dir='ltr'><strong>principibus</strong></span> <span class='ocrx_word' id='word_1_534' title='bbox 3411 529 3466 574; x_wconf 89' lang='lat' dir='ltr'><strong>et</strong></span> <span class='ocrx_word' id='word_1_535' title='bbox 3491 523 3680 575; x_wconf 89' lang='lat' dir='ltr'><strong>nobili-</strong></span> 
     </span>
     <span class='ocr_line' id='line_1_87' title="bbox 2062 588 3683 701; baseline 0.004 -7"><span class='ocrx_word' id='word_1_536' title='bbox 2062 596 2174 695; x_wconf 53' lang='lat' dir='ltr'><strong>ulsii.</strong></span> <span class='ocrx_word' id='word_1_537' title='bbox 2223 673 2287 683; x_wconf 91' lang='lat'>—</span> <span class='ocrx_word' id='word_1_538' title='bbox 2338 647 2438 697; x_wconf 83' lang='lat' dir='ltr'><strong>Res</strong></span> <span class='ocrx_word' id='word_1_539' title='bbox 2482 647 2810 699; x_wconf 83' lang='lat' dir='ltr'><strong>Francorum</strong></span> <span class='ocrx_word' id='word_1_540' title='bbox 2845 647 3100 698; x_wconf 78' lang='lat' dir='ltr'><strong>Messanoe</strong></span> <span class='ocrx_word' id='word_1_541' title='bbox 3140 646 3405 699; x_wconf 87' lang='lat' dir='ltr'><strong>hibernat.</strong></span> <span class='ocrx_word' id='word_1_542' title='bbox 3437 588 3683 701; x_wconf 56' lang='lat' dir='ltr'><strong>Chariffi</strong></span> 
     </span>
     <span class='ocr_line' id='line_1_88' title="bbox 2026 707 3685 772; baseline 0.002 -14"><span class='ocrx_word' id='word_1_543' title='bbox 2026 707 2169 772; x_wconf 88' lang='lat' dir='ltr'><strong>apud</strong></span> <span class='ocrx_word' id='word_1_544' title='bbox 2200 710 2489 761; x_wconf 89' lang='lat' dir='ltr'><strong>Acconem.</strong></span> <span class='ocrx_word' id='word_1_545' title='bbox 3594 714 3685 761; x_wconf 87' lang='grc'><strong>939</strong></span> 
     </span>
     <span class='ocr_line' id='line_1_89' title="bbox 2093 771 3686 838; baseline 0.003 -18"><span class='ocrx_word' id='word_1_546' title='bbox 2093 771 2160 825; x_wconf 84' lang='lat' dir='ltr'><strong>V.</strong></span> <span class='ocrx_word' id='word_1_547' title='bbox 2198 797 2258 809; x_wconf 89' lang='lat'>—</span> <span class='ocrx_word' id='word_1_548' title='bbox 2284 771 2567 822; x_wconf 85' lang='lat' dir='ltr'><strong>Christiani</strong></span> <span class='ocrx_word' id='word_1_549' title='bbox 2596 773 2650 821; x_wconf 93' lang='lat' dir='ltr'><strong>in</strong></span> <span class='ocrx_word' id='word_1_550' title='bbox 2676 771 2909 821; x_wconf 88' lang='lat' dir='ltr'><strong>exercitu</strong></span> <span class='ocrx_word' id='word_1_551' title='bbox 2942 772 3328 823; x_wconf 88' lang='lat' dir='ltr'><strong>Saracenorum</strong></span> <span class='ocrx_word' id='word_1_552' title='bbox 3353 772 3503 824; x_wconf 91' lang='lat' dir='ltr'><strong>cibos</strong></span> <span class='ocrx_word' id='word_1_553' title='bbox 3539 788 3686 838; x_wconf 83' lang='lat' dir='ltr'><strong>quoe·</strong></span> 
     </span>
     <span class='ocr_line' id='line_1_90' title="bbox 2025 832 3689 945; baseline 0.003 -63"><span class='ocrx_word' id='word_1_554' title='bbox 2025 837 2203 945; x_wconf 48' lang='lat' dir='ltr'><strong>{cililtes</strong></span> <span class='ocrx_word' id='word_1_555' title='bbox 2234 835 2595 909; x_wconf 57' lang='lat' dir='ltr'><strong>perimuntur.</strong></span> <span class='ocrx_word' id='word_1_556' title='bbox 2622 835 2838 898; x_wconf 73' lang='lat' dir='ltr'><strong>Regina·</strong></span> <span class='ocrx_word' id='word_1_557' title='bbox 2871 832 3020 906; x_wconf 82' lang='lat' dir='ltr'><strong>obitu</strong></span> <span class='ocrx_word' id='word_1_558' title='bbox 3052 847 3278 900; x_wconf 89' lang='lat' dir='ltr'><strong>regnum</strong></span> <span class='ocrx_word' id='word_1_559' title='bbox 3311 834 3552 886; x_wconf 76' lang='lat' dir='ltr'><strong>defertur</strong></span> <span class='ocrx_word' id='word_1_560' title='bbox 3580 835 3689 887; x_wconf 87' lang='lat' dir='ltr'><strong>lsa-</strong></span> 
     </span>
     <span class='ocr_line' id='line_1_91' title="bbox 2063 897 3688 1023; baseline 0.002 -17"><span class='ocrx_word' id='word_1_561' title='bbox 2063 908 2178 1006; x_wconf 39' lang='lat' dir='ltr'><strong>evili?</strong></span> <span class='ocrx_word' id='word_1_562' title='bbox 2204 897 3005 1023; x_wconf 36' lang='lat' dir='ltr'><strong>&amp;oxngliglgexqgffngemlgrsss</strong></span> <span class='ocrx_word' id='word_1_563' title='bbox 3026 901 3410 1023; x_wconf 48' lang='grc' dir='ltr'><strong>88ξὲῧῇἷυῖοκ</strong></span> <span class='ocrx_word' id='word_1_564' title='bbox 3443 900 3688 1011; x_wconf 60' lang='lat' dir='ltr'><strong>Frangi3g</strong></span> 
     </span>
     <span class='ocr_line' id='line_1_92' title="bbox 2027 1019 3694 1087; baseline 0.002 -18"><span class='ocrx_word' id='word_1_565' title='bbox 2027 1019 2289 1070; x_wconf 88' lang='lat' dir='ltr'><strong>Acconem</strong></span> <span class='ocrx_word' id='word_1_566' title='bbox 2320 1021 2560 1072; x_wconf 87' lang='lat' dir='ltr'><strong>advenit.</strong></span> <span class='ocrx_word' id='word_1_567' title='bbox 2592 1022 2719 1085; x_wconf 86' lang='lat' dir='ltr'><strong>Ejus</strong></span> <span class='ocrx_word' id='word_1_568' title='bbox 2754 1034 2935 1071; x_wconf 84' lang='lat' dir='ltr'><strong>sorore</strong></span> <span class='ocrx_word' id='word_1_569' title='bbox 2960 1021 3179 1085; x_wconf 84' lang='lat' dir='ltr'><strong>rejecta,</strong></span> <span class='ocrx_word' id='word_1_570' title='bbox 3209 1022 3372 1073; x_wconf 86' lang='lat' dir='ltr'><strong>filiam</strong></span> <span class='ocrx_word' id='word_1_571' title='bbox 3395 1024 3540 1087; x_wconf 87' lang='lat' dir='ltr'><strong>regis</strong></span> <span class='ocrx_word' id='word_1_572' title='bbox 3586 1022 3694 1073; x_wconf 80' lang='lat' dir='ltr'><strong>Na·</strong></span> 
     </span>
     <span class='ocr_line' id='line_1_93' title="bbox 2027 1082 3689 1135; baseline 0.002 -4"><span class='ocrx_word' id='word_1_573' title='bbox 2027 1096 2197 1132; x_wconf 84' lang='lat' dir='ltr'><strong>varroe</strong></span> <span class='ocrx_word' id='word_1_574' title='bbox 2223 1082 2369 1134; x_wconf 87' lang='lat' dir='ltr'><strong>ducit</strong></span> <span class='ocrx_word' id='word_1_575' title='bbox 2399 1098 2622 1135; x_wconf 87' lang='lat' dir='ltr'><strong>uxorem</strong></span> <span class='ocrx_word' id='word_1_576' title='bbox 2649 1082 2959 1134; x_wconf 69' lang='lat' dir='ltr'><strong>sichardus.</strong></span> <span class='ocrx_word' id='word_1_577' title='bbox 3594 1086 3689 1134; x_wconf 88' lang='grc'><strong>940</strong></span> 
     </span>
     <span class='ocr_line' id='line_1_94' title="bbox 2088 1144 3686 1210; baseline 0.001 -16"><span class='ocrx_word' id='word_1_578' title='bbox 2088 1145 2196 1195; x_wconf 82' lang='lat' dir='ltr'><strong>Vll.</strong></span> <span class='ocrx_word' id='word_1_579' title='bbox 2228 1172 2291 1182; x_wconf 98' lang='lat'><strong>—</strong></span> <span class='ocrx_word' id='word_1_580' title='bbox 2316 1147 2423 1195; x_wconf 80' lang='lat' dir='ltr'><strong>Rex</strong></span> <span class='ocrx_word' id='word_1_581' title='bbox 2447 1151 2500 1196; x_wconf 88' lang='lat' dir='ltr'><strong>et</strong></span> <span class='ocrx_word' id='word_1_582' title='bbox 2524 1147 2709 1210; x_wconf 86' lang='lat' dir='ltr'><strong>regina</strong></span> <span class='ocrx_word' id='word_1_583' title='bbox 2735 1145 2940 1210; x_wconf 78' lang='lat' dir='ltr'><strong>Angliae</strong></span> <span class='ocrx_word' id='word_1_584' title='bbox 2972 1144 3207 1209; x_wconf 84' lang='lat' dir='ltr'><strong>Cyprum</strong></span> <span class='ocrx_word' id='word_1_585' title='bbox 3242 1146 3522 1197; x_wconf 86' lang='lat' dir='ltr'><strong>accedunt.</strong></span> <span class='ocrx_word' id='word_1_586' title='bbox 3596 1147 3686 1196; x_wconf 91' lang='grc'><strong>941</strong></span> 
     </span>
     <span class='ocr_line' id='line_1_95' title="bbox 2087 1207 3689 1273; baseline 0.002 -17"><span class='ocrx_word' id='word_1_587' title='bbox 2087 1207 2222 1261; x_wconf 86' lang='lat' dir='ltr'><strong>vm.</strong></span> <span class='ocrx_word' id='word_1_588' title='bbox 2260 1234 2315 1244; x_wconf 87' lang='lat'><strong>·-</strong></span> <span class='ocrx_word' id='word_1_589' title='bbox 2355 1208 2464 1258; x_wconf 85' lang='lat' dir='ltr'><strong>Rex</strong></span> <span class='ocrx_word' id='word_1_590' title='bbox 2492 1208 2697 1270; x_wconf 81' lang='lat' dir='ltr'><strong>Angliae</strong></span> <span class='ocrx_word' id='word_1_591' title='bbox 2737 1208 2970 1272; x_wconf 90' lang='lat' dir='ltr'><strong>Cyprum</strong></span> <span class='ocrx_word' id='word_1_592' title='bbox 3001 1207 3231 1258; x_wconf 87' lang='lat' dir='ltr'><strong>insulam</strong></span> <span class='ocrx_word' id='word_1_593' title='bbox 3263 1209 3424 1273; x_wconf 84' lang='lat' dir='ltr'><strong>capit.</strong></span> <span class='ocrx_word' id='word_1_594' title='bbox 3472 1210 3689 1259; x_wconf 82' lang='lat' dir='ltr'><strong>Accone</strong></span> 
     </span>
    </p>
   </div>
   <div class='ocr_carea' id='block_1_19' title="bbox 2026 1269 3691 1445">
    <p class='ocr_par' dir='ltr' id='par_1_34' title="bbox 2026 1269 3691 1445">
     <span class='ocr_line' id='line_1_96' title="bbox 2026 1269 3690 1333; baseline 0.002 -15"><span class='ocrx_word' id='word_1_595' title='bbox 2026 1282 2082 1318; x_wconf 89' lang='lat' dir='ltr'><strong>re</strong></span> <span class='ocrx_word' id='word_1_596' title='bbox 2124 1270 2137 1317; x_wconf 94' lang='lat' dir='ltr'><strong>i</strong></span> <span class='ocrx_word' id='word_1_597' title='bbox 2167 1269 2351 1320; x_wconf 84' lang='lat' dir='ltr'><strong>Gallioe</strong></span> <span class='ocrx_word' id='word_1_598' title='bbox 2385 1271 2612 1330; x_wconf 85' lang='lat' dir='ltr'><strong>reddita,</strong></span> <span class='ocrx_word' id='word_1_599' title='bbox 2639 1271 2699 1319; x_wconf 84' lang='lat' dir='ltr'><strong>iit</strong></span> <span class='ocrx_word' id='word_1_600' title='bbox 2732 1284 2834 1333; x_wconf 84' lang='lat' dir='ltr'><strong>pax</strong></span> <span class='ocrx_word' id='word_1_601' title='bbox 2866 1284 2990 1320; x_wconf 90' lang='lat' dir='ltr'><strong>cum</strong></span> <span class='ocrx_word' id='word_1_602' title='bbox 3018 1270 3297 1325; x_wconf 85' lang='lat' dir='ltr'><strong>saladino,</strong></span> <span class='ocrx_word' id='word_1_603' title='bbox 3594 1272 3690 1321; x_wconf 71' lang='grc'><strong>948</strong></span> 
     </span>
     <span class='ocr_line' id='line_1_97' title="bbox 2027 1330 3691 1445; baseline -0.001 -62"><span class='ocrx_word' id='word_1_604' title='bbox 2027 1330 2488 1444; x_wconf 44' lang='grc' dir='ltr'><strong>ὴωιξὼῖωραρια</strong></span> <span class='ocrx_word' id='word_1_605' title='bbox 2531 1336 2743 1384; x_wconf 82' lang='lat' dir='ltr'><strong>Accone</strong></span> <span class='ocrx_word' id='word_1_606' title='bbox 2781 1346 2880 1384; x_wconf 87' lang='lat' dir='ltr'><strong>sua</strong></span> <span class='ocrx_word' id='word_1_607' title='bbox 2918 1333 3111 1397; x_wconf 86' lang='lat' dir='ltr'><strong>cuique</strong></span> <span class='ocrx_word' id='word_1_608' title='bbox 3167 1333 3392 1398; x_wconf 86' lang='lat' dir='ltr'><strong>antiqua</strong></span> <span class='ocrx_word' id='word_1_609' title='bbox 3442 1334 3691 1445; x_wconf 53' lang='lat' dir='ltr'><strong>reddifflar</strong></span> 
     </span>
    </p>
   </div>
   <div class='ocr_carea' id='block_1_20' title="bbox 2025 1455 3696 1831">
    <p class='ocr_par' dir='ltr' id='par_1_35' title="bbox 2025 1455 3696 1633">
     <span class='ocr_line' id='line_1_98' title="bbox 2088 1455 3692 1508; baseline 0.001 -3"><span class='ocrx_word' id='word_1_610' title='bbox 2088 1456 2149 1506; x_wconf 85' lang='lat' dir='ltr'><strong>X.</strong></span> <span class='ocrx_word' id='word_1_611' title='bbox 2166 1482 2228 1493; x_wconf 95' lang='lat'>—</span> <span class='ocrx_word' id='word_1_612' title='bbox 2256 1455 2539 1506; x_wconf 83' lang='lat' dir='ltr'><strong>saladinus</strong></span> <span class='ocrx_word' id='word_1_613' title='bbox 2570 1460 2783 1507; x_wconf 87' lang='lat' dir='ltr'><strong>recusat</strong></span> <span class='ocrx_word' id='word_1_614' title='bbox 2805 1455 3027 1506; x_wconf 85' lang='lat' dir='ltr'><strong>reddere</strong></span> <span class='ocrx_word' id='word_1_615' title='bbox 3051 1456 3107 1506; x_wconf 90' lang='lat' dir='ltr'><strong>S.</strong></span> <span class='ocrx_word' id='word_1_616' title='bbox 3145 1456 3368 1507; x_wconf 88' lang='lat' dir='ltr'><strong>Crucem</strong></span> <span class='ocrx_word' id='word_1_617' title='bbox 3398 1461 3453 1507; x_wconf 92' lang='lat' dir='ltr'><strong>et</strong></span> <span class='ocrx_word' id='word_1_618' title='bbox 3481 1457 3692 1508; x_wconf 84' lang='lat' dir='ltr'><strong>solvere</strong></span> 
     </span>
     <span class='ocr_line' id='line_1_99' title="bbox 2025 1517 3696 1585; baseline 0.001 -17"><span class='ocrx_word' id='word_1_619' title='bbox 2025 1518 2447 1580; x_wconf 83' lang='lat' dir='ltr'><strong>redemptionem</strong></span> <span class='ocrx_word' id='word_1_620' title='bbox 2493 1519 2857 1569; x_wconf 83' lang='lat' dir='ltr'><strong>admiralium.</strong></span> <span class='ocrx_word' id='word_1_621' title='bbox 2923 1519 3032 1568; x_wconf 88' lang='lat' dir='ltr'><strong>Rex</strong></span> <span class='ocrx_word' id='word_1_622' title='bbox 3084 1517 3315 1570; x_wconf 76' lang='lat' dir='ltr'><strong>Franciae</strong></span> <span class='ocrx_word' id='word_1_623' title='bbox 3356 1523 3609 1585; x_wconf 84' lang='lat' dir='ltr'><strong>oegrotat,</strong></span> <span class='ocrx_word' id='word_1_624' title='bbox 3641 1523 3696 1569; x_wconf 86' lang='lat' dir='ltr'><strong>et</strong></span> 
     </span>
     <span class='ocr_line' id='line_1_100' title="bbox 2028 1580 3693 1633; baseline 0.002 -4"><span class='ocrx_word' id='word_1_625' title='bbox 2028 1580 2163 1630; x_wconf 87' lang='lat' dir='ltr'><strong>redit</strong></span> <span class='ocrx_word' id='word_1_626' title='bbox 2177 1581 2232 1630; x_wconf 92' lang='lat' dir='ltr'><strong>in</strong></span> <span class='ocrx_word' id='word_1_627' title='bbox 2243 1580 2482 1629; x_wconf 84' lang='lat' dir='ltr'><strong>Galliam.</strong></span> <span class='ocrx_word' id='word_1_628' title='bbox 2493 1580 2784 1630; x_wconf 84' lang='lat' dir='ltr'><strong>Richardus</strong></span> <span class='ocrx_word' id='word_1_629' title='bbox 2799 1595 2889 1631; x_wconf 88' lang='lat' dir='ltr'><strong>rex</strong></span> <span class='ocrx_word' id='word_1_630' title='bbox 2900 1594 3084 1631; x_wconf 83' lang='lat' dir='ltr'><strong>versus</strong></span> <span class='ocrx_word' id='word_1_631' title='bbox 3093 1581 3388 1633; x_wconf 85' lang='lat' dir='ltr'><strong>Jerusalem</strong></span> <span class='ocrx_word' id='word_1_632' title='bbox 3403 1583 3693 1633; x_wconf 57' lang='lat' dir='ltr'><strong>tanausis</strong></span> 
     </span>
    </p>

    <p class='ocr_par' dir='ltr' id='par_1_36' title="bbox 2025 1642 3696 1831">
     <span class='ocr_line' id='line_1_101' title="bbox 2087 1642 3696 1695; baseline 0.002 -4"><span class='ocrx_word' id='word_1_633' title='bbox 2087 1642 2178 1692; x_wconf 87' lang='lat' dir='ltr'><strong>Xl.</strong></span> <span class='ocrx_word' id='word_1_634' title='bbox 2215 1668 2277 1680; x_wconf 91' lang='lat'><strong>-—-</strong></span> <span class='ocrx_word' id='word_1_635' title='bbox 2304 1643 2421 1692; x_wconf 87' lang='lat' dir='ltr'><strong>Dux</strong></span> <span class='ocrx_word' id='word_1_636' title='bbox 2438 1643 2542 1693; x_wconf 89' lang='lat' dir='ltr'><strong>Bur</strong></span> <span class='ocrx_word' id='word_1_637' title='bbox 2583 1644 2762 1693; x_wconf 80' lang='lat' dir='ltr'><strong>undiie</strong></span> <span class='ocrx_word' id='word_1_638' title='bbox 2783 1657 2907 1693; x_wconf 90' lang='lat' dir='ltr'><strong>cum</strong></span> <span class='ocrx_word' id='word_1_639' title='bbox 2920 1642 3211 1694; x_wconf 89' lang='lat' dir='ltr'><strong>baronibus</strong></span> <span class='ocrx_word' id='word_1_640' title='bbox 3239 1644 3509 1695; x_wconf 75' lang='lat' dir='ltr'><strong>Francicis</strong></span> <span class='ocrx_word' id='word_1_641' title='bbox 3530 1645 3696 1695; x_wconf 89' lang='lat' dir='ltr'><strong>Acco-</strong></span> 
     </span>
     <span class='ocr_line' id='line_1_102' title="bbox 2027 1705 3696 1770; baseline 0.002 -16"><span class='ocrx_word' id='word_1_642' title='bbox 2027 1717 2147 1755; x_wconf 89' lang='lat' dir='ltr'><strong>nem</strong></span> <span class='ocrx_word' id='word_1_643' title='bbox 2177 1718 2233 1755; x_wconf 86' lang='lat' dir='ltr'><strong>se</strong></span> <span class='ocrx_word' id='word_1_644' title='bbox 2278 1706 2488 1769; x_wconf 86' lang='lat' dir='ltr'><strong>recipit.</strong></span> <span class='ocrx_word' id='word_1_645' title='bbox 2580 1720 2754 1770; x_wconf 90' lang='lat' dir='ltr'><strong>oppen</strong></span> <span class='ocrx_word' id='word_1_646' title='bbox 2786 1705 2995 1756; x_wconf 88' lang='lat' dir='ltr'><strong>obsidet</strong></span> <span class='ocrx_word' id='word_1_647' title='bbox 3035 1705 3336 1756; x_wconf 84' lang='lat' dir='ltr'><strong>saladinus.</strong></span> <span class='ocrx_word' id='word_1_648' title='bbox 3392 1706 3696 1757; x_wconf 81' lang='lat' dir='ltr'><strong>Richardus</strong></span> 
     </span>
     <span class='ocr_line' id='line_1_103' title="bbox 2025 1768 3696 1831; baseline 0.002 -16"><span class='ocrx_word' id='word_1_649' title='bbox 2025 1780 2118 1816; x_wconf 87' lang='lat' dir='ltr'><strong>rcx</strong></span> <span class='ocrx_word' id='word_1_650' title='bbox 2135 1768 2405 1831; x_wconf 85' lang='lat' dir='ltr'><strong>Joppense</strong></span> <span class='ocrx_word' id='word_1_651' title='bbox 2428 1771 2708 1831; x_wconf 87' lang='lat' dir='ltr'><strong>recuperat</strong></span> <span class='ocrx_word' id='word_1_652' title='bbox 2734 1768 3034 1818; x_wconf 82' lang='lat' dir='ltr'><strong>castelium.</strong></span> <span class='ocrx_word' id='word_1_653' title='bbox 3056 1768 3119 1818; x_wconf 85' lang='lat' dir='ltr'><strong>Et</strong></span> <span class='ocrx_word' id='word_1_654' title='bbox 3146 1768 3279 1819; x_wconf 85' lang='lat' dir='ltr'><strong>vitat</strong></span> <span class='ocrx_word' id='word_1_655' title='bbox 3304 1768 3531 1819; x_wconf 85' lang='lat' dir='ltr'><strong>insidias</strong></span> <span class='ocrx_word' id='word_1_656' title='bbox 3550 1769 3696 1819; x_wconf 88' lang='lat' dir='ltr'><strong>Sala·</strong></span> 
     </span>
    </p>
   </div>
   <div class='ocr_carea' id='block_1_21' title="bbox 2025 1828 3696 2317">
    <p class='ocr_par' dir='ltr' id='par_1_37' title="bbox 2025 1828 3696 2317">
     <span class='ocr_line' id='line_1_104' title="bbox 2025 1828 3696 1958; baseline 0.001 -15"><span class='ocrx_word' id='word_1_657' title='bbox 2025 1828 2203 1943; x_wconf 46' lang='lat' dir='ltr'><strong>dulllti&#39;l.</strong></span> <span class='ocrx_word' id='word_1_658' title='bbox 2265 1918 2327 1928; x_wconf 93' lang='lat'><strong>—</strong></span> <span class='ocrx_word' id='word_1_659' title='bbox 2371 1891 2654 1942; x_wconf 87' lang='lat' dir='ltr'><strong>saladinus</strong></span> <span class='ocrx_word' id='word_1_660' title='bbox 2688 1892 2847 1942; x_wconf 86' lang='lat' dir='ltr'><strong>solvit</strong></span> <span class='ocrx_word' id='word_1_661' title='bbox 2894 1892 3230 1943; x_wconf 85' lang='lat' dir='ltr'><strong>obsidionem</strong></span> <span class='ocrx_word' id='word_1_662' title='bbox 3263 1831 3696 1958; x_wconf 42' lang='lat' dir='ltr'><strong>soppensemffi</strong></span> 
     </span>
     <span class='ocr_line' id='line_1_105' title="bbox 2027 1954 3695 2027; baseline 0.001 -24"><span class='ocrx_word' id='word_1_663' title='bbox 2027 1956 2238 2027; x_wconf 83' lang='lat' dir='ltr'><strong>pugnat</strong></span> <span class='ocrx_word' id='word_1_664' title='bbox 2260 1968 2384 2004; x_wconf 91' lang='lat' dir='ltr'><strong>cum</strong></span> <span class='ocrx_word' id='word_1_665' title='bbox 2414 1954 2744 2004; x_wconf 83' lang='lat' dir='ltr'><strong>Christianis.</strong></span> <span class='ocrx_word' id='word_1_666' title='bbox 2782 1955 3099 2006; x_wconf 83' lang='lat' dir='ltr'><strong>Ascalonem</strong></span> <span class='ocrx_word' id='word_1_667' title='bbox 3148 1958 3424 2020; x_wconf 78' lang='lat' dir='ltr'><strong>expugnat</strong></span> <span class='ocrx_word' id='word_1_668' title='bbox 3458 1969 3555 2006; x_wconf 86' lang='lat' dir='ltr'><strong>rex</strong></span> <span class='ocrx_word' id='word_1_669' title='bbox 3590 1958 3695 2005; x_wconf 88' lang='lat' dir='ltr'><strong>An·</strong></span> 
     </span>
     <span class='ocr_line' id='line_1_106' title="bbox 2029 2015 3695 2144; baseline 0.001 -16"><span class='ocrx_word' id='word_1_670' title='bbox 2029 2015 2219 2128; x_wconf 51' lang='lat' dir='ltr'><strong>8¹¹X‘i&#39;li.</strong></span> <span class='ocrx_word' id='word_1_671' title='bbox 2246 2104 2309 2114; x_wconf 96' lang='lat'>—</span> <span class='ocrx_word' id='word_1_672' title='bbox 2336 2077 2541 2142; x_wconf 88' lang='lat' dir='ltr'><strong>Griphii</strong></span> <span class='ocrx_word' id='word_1_673' title='bbox 2564 2091 2598 2128; x_wconf 94' lang='lat' dir='ltr'><strong>a</strong></span> <span class='ocrx_word' id='word_1_674' title='bbox 2627 2078 2825 2129; x_wconf 85' lang='lat' dir='ltr'><strong>Latinis</strong></span> <span class='ocrx_word' id='word_1_675' title='bbox 2850 2077 3151 2131; x_wconf 64' lang='lat' dir='ltr'><strong>caeduntur.</strong></span> <span class='ocrx_word' id='word_1_676' title='bbox 3186 2079 3423 2144; x_wconf 89' lang='lat' dir='ltr'><strong>Cyprum</strong></span> <span class='ocrx_word' id='word_1_677' title='bbox 3448 2019 3695 2130; x_wconf 55' lang='lat' dir='ltr'><strong>insulffi</strong></span> 
     </span>
     <span class='ocr_line' id='line_1_107' title="bbox 2028 2139 3692 2192; baseline -0.001 0"><span class='ocrx_word' id='word_1_678' title='bbox 2028 2154 2085 2192; x_wconf 86' lang='lat' dir='ltr'><strong>re</strong></span> <span class='ocrx_word' id='word_1_679' title='bbox 2125 2142 2142 2188; x_wconf 92' lang='lat' dir='ltr'><strong>i</strong></span> <span class='ocrx_word' id='word_1_680' title='bbox 2171 2140 2397 2191; x_wconf 87' lang='lat' dir='ltr'><strong>Guidoni</strong></span> <span class='ocrx_word' id='word_1_681' title='bbox 2435 2140 2618 2191; x_wconf 83' lang='lat' dir='ltr'><strong>vendit</strong></span> <span class='ocrx_word' id='word_1_682' title='bbox 2651 2139 2965 2192; x_wconf 82' lang='lat' dir='ltr'><strong>Richardus.</strong></span> <span class='ocrx_word' id='word_1_683' title='bbox 3600 2142 3692 2192; x_wconf 79' lang='grc'><strong>940</strong></span> 
     </span>
     <span class='ocr_line' id='line_1_108' title="bbox 2029 2202 3692 2317; baseline 0.002 -64"><span class='ocrx_word' id='word_1_684' title='bbox 2029 2203 2220 2317; x_wconf 45' lang='lat' dir='ltr'><strong>statas..</strong></span> <span class='ocrx_word' id='word_1_685' title='bbox 2245 2230 2305 2239; x_wconf 90' lang='lat'><strong>—</strong></span> <span class='ocrx_word' id='word_1_686' title='bbox 2335 2202 2560 2254; x_wconf 89' lang='lat' dir='ltr'><strong>Guidoni</strong></span> <span class='ocrx_word' id='word_1_687' title='bbox 2588 2205 2700 2268; x_wconf 89' lang='lat' dir='ltr'><strong>regi</strong></span> <span class='ocrx_word' id='word_1_688' title='bbox 2730 2203 2891 2269; x_wconf 85' lang='lat' dir='ltr'><strong>Cypri</strong></span> <span class='ocrx_word' id='word_1_689' title='bbox 2926 2203 3171 2254; x_wconf 86' lang='lat' dir='ltr'><strong>succedit</strong></span> <span class='ocrx_word' id='word_1_690' title='bbox 3202 2205 3542 2269; x_wconf 89' lang='lat' dir='ltr'><strong>Aymericus.</strong></span> <span class='ocrx_word' id='word_1_691' title='bbox 3572 2204 3692 2317; x_wconf 49' lang='lat' dir='ltr'><strong>egi&amp;</strong></span> 
     </span>
    </p>
   </div>
   <div class='ocr_carea' id='block_1_22' title="bbox 2031 2327 3692 3015">
    <p class='ocr_par' dir='ltr' id='par_1_38' title="bbox 2031 2327 3691 2516">
     <span class='ocr_line' id='line_1_109' title="bbox 2091 2327 3690 2392; baseline 0.001 -14"><span class='ocrx_word' id='word_1_692' title='bbox 2091 2328 2204 2378; x_wconf 80' lang='lat' dir='ltr'><strong>XV.</strong></span> <span class='ocrx_word' id='word_1_693' title='bbox 2234 2352 2298 2365; x_wconf 89' lang='lat'><strong>--</strong></span> <span class='ocrx_word' id='word_1_694' title='bbox 2318 2327 2637 2392; x_wconf 75' lang='lat' dir='ltr'><strong>Marquisus,</strong></span> <span class='ocrx_word' id='word_1_695' title='bbox 2669 2328 2735 2378; x_wconf 90' lang='lat' dir='ltr'><strong>de</strong></span> <span class='ocrx_word' id='word_1_696' title='bbox 2776 2327 2990 2379; x_wconf 83' lang='lat' dir='ltr'><strong>roedatis</strong></span> <span class='ocrx_word' id='word_1_697' title='bbox 3013 2327 3405 2378; x_wconf 66' lang='lat' dir='ltr'><strong>assissinorum</strong></span> <span class='ocrx_word' id='word_1_698' title='bbox 3435 2328 3690 2385; x_wconf 82' lang='lat' dir='ltr'><strong>navibus,</strong></span> 
     </span>
     <span class='ocr_line' id='line_1_110' title="bbox 2031 2388 3691 2454; baseline 0 -12"><span class='ocrx_word' id='word_1_699' title='bbox 2031 2390 2294 2442; x_wconf 89' lang='lat' dir='ltr'><strong>occiditur</strong></span> <span class='ocrx_word' id='word_1_700' title='bbox 2320 2388 2463 2447; x_wconf 89' lang='lat' dir='ltr'><strong>dolo,</strong></span> <span class='ocrx_word' id='word_1_701' title='bbox 2500 2393 2558 2440; x_wconf 90' lang='lat' dir='ltr'><strong>ut</strong></span> <span class='ocrx_word' id='word_1_702' title='bbox 2591 2390 2732 2440; x_wconf 90' lang='lat' dir='ltr'><strong>credi</strong></span> <span class='ocrx_word' id='word_1_703' title='bbox 2763 2404 2841 2450; x_wconf 90' lang='lat' dir='ltr'><strong>ur,</strong></span> <span class='ocrx_word' id='word_1_704' title='bbox 2884 2391 3025 2454; x_wconf 90' lang='lat' dir='ltr'><strong>regis</strong></span> <span class='ocrx_word' id='word_1_705' title='bbox 3054 2389 3274 2454; x_wconf 79' lang='lat' dir='ltr'><strong>Angliae.</strong></span> <span class='ocrx_word' id='word_1_706' title='bbox 3307 2391 3578 2441; x_wconf 81' lang='lat' dir='ltr'><strong>Henricus</strong></span> <span class='ocrx_word' id='word_1_707' title='bbox 3607 2404 3691 2443; x_wconf 90' lang='lat' dir='ltr'><strong>co-</strong></span> 
     </span>
     <span class='ocr_line' id='line_1_111' title="bbox 2031 2452 3689 2516; baseline 0 -13"><span class='ocrx_word' id='word_1_708' title='bbox 2031 2467 2144 2503; x_wconf 83' lang='lat' dir='ltr'><strong>mes</strong></span> <span class='ocrx_word' id='word_1_709' title='bbox 2168 2452 2473 2516; x_wconf 66' lang='lat' dir='ltr'><strong>Campaniae</strong></span> <span class='ocrx_word' id='word_1_710' title='bbox 2503 2453 2794 2516; x_wconf 87' lang='lat' dir='ltr'><strong>desponsat</strong></span> <span class='ocrx_word' id='word_1_711' title='bbox 2818 2452 2934 2515; x_wconf 83' lang='lat' dir='ltr'><strong>ojus</strong></span> <span class='ocrx_word' id='word_1_712' title='bbox 2969 2466 3214 2502; x_wconf 86' lang='lat' dir='ltr'><strong>uxorem.</strong></span> <span class='ocrx_word' id='word_1_713' title='bbox 3599 2453 3689 2503; x_wconf 89' lang='grc'><strong>947</strong></span> 
     </span>
    </p>

    <p class='ocr_par' dir='ltr' id='par_1_39' title="bbox 2032 2513 3691 2690">
     <span class='ocr_line' id='line_1_112' title="bbox 2095 2513 3687 2573; baseline 0.001 -9"><span class='ocrx_word' id='word_1_714' title='bbox 2095 2515 2226 2564; x_wconf 78' lang='lat' dir='ltr'><strong>xvi.</strong></span> <span class='ocrx_word' id='word_1_715' title='bbox 2256 2540 2320 2552; x_wconf 92' lang='lat'>—</span> <span class='ocrx_word' id='word_1_716' title='bbox 2349 2513 2659 2573; x_wconf 72' lang='lat' dir='ltr'><strong>sichardus,</strong></span> <span class='ocrx_word' id='word_1_717' title='bbox 2684 2514 2957 2565; x_wconf 88' lang='lat' dir='ltr'><strong>destructa</strong></span> <span class='ocrx_word' id='word_1_718' title='bbox 2982 2514 3243 2567; x_wconf 82' lang='lat' dir='ltr'><strong>Ascalone</strong></span> <span class='ocrx_word' id='word_1_719' title='bbox 3269 2517 3322 2564; x_wconf 91' lang='lat' dir='ltr'><strong>et</strong></span> <span class='ocrx_word' id='word_1_720' title='bbox 3335 2515 3556 2565; x_wconf 90' lang='lat' dir='ltr'><strong>duobus</strong></span> <span class='ocrx_word' id='word_1_721' title='bbox 3579 2529 3687 2566; x_wconf 88' lang='lat' dir='ltr'><strong>cas·</strong></span> 
     </span>
     <span class='ocr_line' id='line_1_113' title="bbox 2032 2576 3686 2642; baseline 0 -15"><span class='ocrx_word' id='word_1_722' title='bbox 2032 2578 2191 2633; x_wconf 85' lang='lat' dir='ltr'><strong>tellis,</strong></span> <span class='ocrx_word' id='word_1_723' title='bbox 2226 2576 2470 2628; x_wconf 88' lang='lat' dir='ltr'><strong>inducias</strong></span> <span class='ocrx_word' id='word_1_724' title='bbox 2512 2590 2634 2626; x_wconf 88' lang='lat' dir='ltr'><strong>cum</strong></span> <span class='ocrx_word' id='word_1_725' title='bbox 2684 2577 2934 2628; x_wconf 87' lang='lat' dir='ltr'><strong>Saladino</strong></span> <span class='ocrx_word' id='word_1_726' title='bbox 2969 2576 3261 2642; x_wconf 78' lang='lat' dir='ltr'><strong>paciscitur</strong></span> <span class='ocrx_word' id='word_1_727' title='bbox 3282 2580 3334 2627; x_wconf 85' lang='lat' dir='ltr'><strong>et</strong></span> <span class='ocrx_word' id='word_1_728' title='bbox 3360 2578 3413 2627; x_wconf 91' lang='lat' dir='ltr'><strong>in</strong></span> <span class='ocrx_word' id='word_1_729' title='bbox 3455 2580 3686 2642; x_wconf 87' lang='lat' dir='ltr'><strong>patriam</strong></span> 
     </span>
     <span class='ocr_line' id='line_1_114' title="bbox 2032 2640 3691 2690; baseline 0.001 -1"><span class='ocrx_word' id='word_1_730' title='bbox 2032 2640 2332 2690; x_wconf 80' lang='lat' dir='ltr'><strong>revertitur.</strong></span> <span class='ocrx_word' id='word_1_731' title='bbox 3602 2641 3691 2690; x_wconf 88' lang='grc'><strong>948</strong></span> 
     </span>
    </p>

    <p class='ocr_par' dir='ltr' id='par_1_40' title="bbox 2034 2701 3691 2836">
     <span class='ocr_line' id='line_1_115' title="bbox 2098 2701 3691 2767; baseline 0.001 -17"><span class='ocrx_word' id='word_1_732' title='bbox 2098 2703 2255 2752; x_wconf 85' lang='lat' dir='ltr'><strong>xvn.</strong></span> <span class='ocrx_word' id='word_1_733' title='bbox 2292 2726 2352 2739; x_wconf 89' lang='lat'>—</span> <span class='ocrx_word' id='word_1_734' title='bbox 2382 2701 2695 2758; x_wconf 83' lang='lat' dir='ltr'><strong>Richardus,</strong></span> <span class='ocrx_word' id='word_1_735' title='bbox 2720 2704 2925 2752; x_wconf 83' lang='lat' dir='ltr'><strong>mutato</strong></span> <span class='ocrx_word' id='word_1_736' title='bbox 2954 2701 3159 2758; x_wconf 86' lang='lat' dir='ltr'><strong>habitu,</strong></span> <span class='ocrx_word' id='word_1_737' title='bbox 3183 2701 3559 2767; x_wconf 81' lang='lat' dir='ltr'><strong>proficiscitur.</strong></span> <span class='ocrx_word' id='word_1_738' title='bbox 3584 2706 3639 2753; x_wconf 89' lang='lat' dir='ltr'><strong>et</strong></span> <span class='ocrx_word' id='word_1_739' title='bbox 3659 2716 3691 2752; x_wconf 87' lang='lat' dir='ltr'><strong>a</strong></span> 
     </span>
     <span class='ocr_line' id='line_1_116' title="bbox 2034 2764 3691 2836; baseline -0.001 -22"><span class='ocrx_word' id='word_1_740' title='bbox 2034 2765 2170 2814; x_wconf 90' lang='lat' dir='ltr'><strong>duce</strong></span> <span class='ocrx_word' id='word_1_741' title='bbox 2203 2764 2428 2813; x_wconf 78' lang='lat' dir='ltr'><strong>Austrioe</strong></span> <span class='ocrx_word' id='word_1_742' title='bbox 2448 2765 2673 2836; x_wconf 86' lang='lat' dir='ltr'><strong>capitur.</strong></span> <span class='ocrx_word' id='word_1_743' title='bbox 3597 2765 3691 2813; x_wconf 84' lang='grc'><strong>950</strong></span> 
     </span>
    </p>

    <p class='ocr_par' dir='ltr' id='par_1_41' title="bbox 2036 2825 3692 2960">
     <span class='ocr_line' id='line_1_117' title="bbox 2097 2825 3692 2890; baseline 0 -14"><span class='ocrx_word' id='word_1_744' title='bbox 2097 2826 2278 2876; x_wconf 82' lang='lat' dir='ltr'><strong>xvlll.</strong></span> <span class='ocrx_word' id='word_1_745' title='bbox 2306 2852 2356 2865; x_wconf 81' lang='lat'><em>-</em></span> <span class='ocrx_word' id='word_1_746' title='bbox 2378 2827 2534 2889; x_wconf 81' lang='lat' dir='ltr'><strong>Angli</strong></span> <span class='ocrx_word' id='word_1_747' title='bbox 2558 2830 2725 2875; x_wconf 87' lang='lat' dir='ltr'><strong>terras</strong></span> <span class='ocrx_word' id='word_1_748' title='bbox 2742 2826 2947 2876; x_wconf 84' lang='lat' dir='ltr'><strong>invadit</strong></span> <span class='ocrx_word' id='word_1_749' title='bbox 2967 2840 3059 2876; x_wconf 90' lang='lat' dir='ltr'><strong>rex</strong></span> <span class='ocrx_word' id='word_1_750' title='bbox 3085 2825 3692 2890; x_wconf 77' lang='lat' dir='ltr'><strong>Philippus.Richai-dus</strong></span> 
     </span>
     <span class='ocr_line' id='line_1_118' title="bbox 2036 2886 3682 2960; baseline -0.001 -22"><span class='ocrx_word' id='word_1_751' title='bbox 2036 2889 2301 2954; x_wconf 87' lang='lat' dir='ltr'><strong>promisso</strong></span> <span class='ocrx_word' id='word_1_752' title='bbox 2321 2886 2704 2960; x_wconf 85' lang='lat' dir='ltr'><strong>redemptionis</strong></span> <span class='ocrx_word' id='word_1_753' title='bbox 2734 2889 2921 2952; x_wconf 89' lang='lat' dir='ltr'><strong>pretio,</strong></span> <span class='ocrx_word' id='word_1_754' title='bbox 2953 2889 3196 2939; x_wconf 85' lang='lat' dir='ltr'><strong>libertate</strong></span> <span class='ocrx_word' id='word_1_755' title='bbox 3218 2887 3473 2939; x_wconf 89' lang='lat' dir='ltr'><strong>donatur.</strong></span> <span class='ocrx_word' id='word_1_756' title='bbox 3599 2890 3682 2938; x_wconf 84' lang='grc'><strong>951</strong></span> 
     </span>
    </p>

    <p class='ocr_par' dir='ltr' id='par_1_42' title="bbox 2099 2950 3685 3015">
     <span class='ocr_line' id='line_1_119' title="bbox 2099 2950 3685 3015; baseline -0.002 -13"><span class='ocrx_word' id='word_1_757' title='bbox 2099 2952 2232 3005; x_wconf 85' lang='grc' dir='ltr'><strong>ΧΙΧ,</strong></span> <span class='ocrx_word' id='word_1_758' title='bbox 2271 2972 2331 2988; x_wconf 87' lang='grc'><strong>-·-</strong></span> <span class='ocrx_word' id='word_1_759' title='bbox 2356 2950 2616 3000; x_wconf 79' lang='lat' dir='ltr'><strong>Henricus</strong></span> <span class='ocrx_word' id='word_1_760' title='bbox 2652 2951 2944 3015; x_wconf 86' lang='lat' dir='ltr'><strong>imperator</strong></span> <span class='ocrx_word' id='word_1_761' title='bbox 2971 2951 3031 3002; x_wconf 82' lang='lat' dir='ltr'><strong>fit</strong></span> <span class='ocrx_word' id='word_1_762' title='bbox 3063 2964 3154 3000; x_wconf 84' lang='lat' dir='ltr'><strong>rex</strong></span> <span class='ocrx_word' id='word_1_763' title='bbox 3184 2950 3403 3002; x_wconf 76' lang='lat' dir='ltr'><strong>Siciliae.</strong></span> <span class='ocrx_word' id='word_1_764' title='bbox 3597 2950 3685 3000; x_wconf 80' lang='lat'><strong>951</strong></span> 
     </span>
    </p>
   </div>
   <div class='ocr_carea' id='block_1_23' title="bbox 2037 3013 3705 3699">
    <p class='ocr_par' dir='ltr' id='par_1_43' title="bbox 2038 3013 3700 3327">
     <span class='ocr_line' id='line_1_120' title="bbox 2100 3013 3695 3087; baseline 0.001 -24"><span class='ocrx_word' id='word_1_765' title='bbox 2100 3013 2213 3064; x_wconf 85' lang='lat' dir='ltr'><strong>XX.</strong></span> <span class='ocrx_word' id='word_1_766' title='bbox 2255 3038 2311 3051; x_wconf 89' lang='lat'>-</span> <span class='ocrx_word' id='word_1_767' title='bbox 2337 3014 2597 3087; x_wconf 76' lang='lat' dir='ltr'><strong>Henricus</strong></span> <span class='ocrx_word' id='word_1_768' title='bbox 2628 3014 2920 3078; x_wconf 88' lang='lat' dir='ltr'><strong>imperator</strong></span> <span class='ocrx_word' id='word_1_769' title='bbox 2959 3014 3186 3064; x_wconf 87' lang='lat' dir='ltr'><strong>classem</strong></span> <span class='ocrx_word' id='word_1_770' title='bbox 3214 3017 3489 3078; x_wconf 79' lang='lat' dir='ltr'><strong>praeparat</strong></span> <span class='ocrx_word' id='word_1_771' title='bbox 3529 3014 3585 3063; x_wconf 90' lang='lat' dir='ltr'><strong>in</strong></span> <span class='ocrx_word' id='word_1_772' title='bbox 3616 3026 3695 3065; x_wconf 86' lang='lat' dir='ltr'><strong>sa·</strong></span> 
     </span>
     <span class='ocr_line' id='line_1_121' title="bbox 2038 3075 3696 3212; baseline 0.001 -24"><span class='ocrx_word' id='word_1_773' title='bbox 2038 3075 2937 3211; x_wconf 43' lang='grc' dir='ltr'><strong>οτῗζῗῙῗᾞθῗίιὲὲιῖ-ῗέιῗέ’.ἰωροηῑοτ</strong></span> <span class='ocrx_word' id='word_1_774' title='bbox 2960 3151 3056 3212; x_wconf 76' lang='lat' dir='ltr'><strong>rex</strong></span> <span class='ocrx_word' id='word_1_775' title='bbox 3086 3138 3244 3211; x_wconf 82' lang='lat' dir='ltr'><strong>Cypri</strong></span> <span class='ocrx_word' id='word_1_776' title='bbox 3267 3142 3580 3189; x_wconf 88' lang='lat' dir='ltr'><strong>coronatur.</strong></span> <span class='ocrx_word' id='word_1_777' title='bbox 3593 3077 3696 3212; x_wconf 40' lang='lat'>⁸⁹8?-</span> 
     </span>
     <span class='ocr_line' id='line_1_122' title="bbox 2039 3200 3700 3265; baseline -0.001 -15"><span class='ocrx_word' id='word_1_778' title='bbox 2039 3201 2203 3252; x_wconf 86' lang='lat' dir='ltr'><strong>ladmi</strong></span> <span class='ocrx_word' id='word_1_779' title='bbox 2228 3200 2425 3250; x_wconf 89' lang='lat' dir='ltr'><strong>obitus.</strong></span> <span class='ocrx_word' id='word_1_780' title='bbox 2466 3200 2770 3257; x_wconf 89' lang='lat' dir='ltr'><strong>saladinus,</strong></span> <span class='ocrx_word' id='word_1_781' title='bbox 2796 3200 3033 3251; x_wconf 87' lang='lat' dir='ltr'><strong>Saladini</strong></span> <span class='ocrx_word' id='word_1_782' title='bbox 3058 3200 3221 3257; x_wconf 81' lang='lat' dir='ltr'><strong>lilius.</strong></span> <span class='ocrx_word' id='word_1_783' title='bbox 3254 3200 3468 3265; x_wconf 84' lang='lat' dir='ltr'><strong>Joppen</strong></span> <span class='ocrx_word' id='word_1_784' title='bbox 3491 3200 3700 3251; x_wconf 85' lang='lat' dir='ltr'><strong>obsidet</strong></span> 
     </span>
     <span class='ocr_line' id='line_1_123' title="bbox 2042 3261 3700 3327; baseline -0.002 -13"><span class='ocrx_word' id='word_1_785' title='bbox 2042 3268 2096 3314; x_wconf 90' lang='lat' dir='ltr'><strong>et</strong></span> <span class='ocrx_word' id='word_1_786' title='bbox 2129 3264 2178 3311; x_wconf 82' lang='lat' dir='ltr'><strong>vi</strong></span> <span class='ocrx_word' id='word_1_787' title='bbox 2204 3266 2495 3327; x_wconf 84' lang='lat' dir='ltr'><strong>expugnat.</strong></span> <span class='ocrx_word' id='word_1_788' title='bbox 2522 3263 2729 3312; x_wconf 85' lang='lat' dir='ltr'><strong>Henrici</strong></span> <span class='ocrx_word' id='word_1_789' title='bbox 2754 3263 2965 3312; x_wconf 90' lang='lat' dir='ltr'><strong>comitis</strong></span> <span class='ocrx_word' id='word_1_790' title='bbox 2995 3261 3242 3313; x_wconf 83' lang='lat' dir='ltr'><strong>luctuosa</strong></span> <span class='ocrx_word' id='word_1_791' title='bbox 3272 3275 3441 3316; x_wconf 82' lang='lat' dir='ltr'><strong>mora.</strong></span> <span class='ocrx_word' id='word_1_792' title='bbox 3609 3264 3700 3313; x_wconf 73' lang='lat'><strong>⁹52</strong></span> 
     </span>
    </p>

    <p class='ocr_par' dir='ltr' id='par_1_44' title="bbox 2037 3323 3700 3438">
     <span class='ocr_line' id='line_1_124' title="bbox 2102 3323 3700 3391; baseline -0.002 -15"><span class='ocrx_word' id='word_1_793' title='bbox 2102 3324 2255 3376; x_wconf 81' lang='lat' dir='ltr'><strong>xxti.</strong></span> <span class='ocrx_word' id='word_1_794' title='bbox 2305 3352 2367 3361; x_wconf 92' lang='lat'>—</span> <span class='ocrx_word' id='word_1_795' title='bbox 2397 3325 2614 3375; x_wconf 89' lang='lat' dir='ltr'><strong>Soldani</strong></span> <span class='ocrx_word' id='word_1_796' title='bbox 2639 3326 2854 3391; x_wconf 80' lang='lat' dir='ltr'><strong>AEgypti</strong></span> <span class='ocrx_word' id='word_1_797' title='bbox 2901 3324 3098 3375; x_wconf 89' lang='lat' dir='ltr'><strong>obitus.</strong></span> <span class='ocrx_word' id='word_1_798' title='bbox 3137 3324 3246 3375; x_wconf 73' lang='lat' dir='ltr'><strong>Rex</strong></span> <span class='ocrx_word' id='word_1_799' title='bbox 3280 3323 3444 3390; x_wconf 87' lang='lat' dir='ltr'><strong>Cypri</strong></span> <span class='ocrx_word' id='word_1_800' title='bbox 3500 3338 3700 3376; x_wconf 85' lang='lat' dir='ltr'><strong>corona</strong></span> 
     </span>
     <span class='ocr_line' id='line_1_125' title="bbox 2037 3387 3699 3438; baseline -0.001 -1"><span class='ocrx_word' id='word_1_801' title='bbox 2037 3387 2245 3437; x_wconf 84' lang='lat' dir='ltr'><strong>Jerosoi</strong></span> <span class='ocrx_word' id='word_1_802' title='bbox 2290 3388 2491 3437; x_wconf 90' lang='lat' dir='ltr'><strong>mitana</strong></span> <span class='ocrx_word' id='word_1_803' title='bbox 2520 3388 2770 3438; x_wconf 89' lang='lat' dir='ltr'><strong>donatur.</strong></span> <span class='ocrx_word' id='word_1_804' title='bbox 3611 3388 3699 3436; x_wconf 82' lang='grc'><strong>954</strong></span> 
     </span>
    </p>

    <p class='ocr_par' dir='ltr' id='par_1_45' title="bbox 2104 3448 3699 3503">
     <span class='ocr_line' id='line_1_126' title="bbox 2104 3448 3699 3503; baseline 0 -5"><span class='ocrx_word' id='word_1_805' title='bbox 2104 3449 2244 3499; x_wconf 86' lang='lat' dir='ltr'><strong>xxll</strong></span> <span class='ocrx_word' id='word_1_806' title='bbox 2286 3491 2298 3503; x_wconf 96' lang='lat'><strong>.</strong></span> <span class='ocrx_word' id='word_1_807' title='bbox 2337 3474 2398 3486; x_wconf 95' lang='lat'><em>—</em></span> <span class='ocrx_word' id='word_1_808' title='bbox 2419 3450 2712 3500; x_wconf 85' lang='lat' dir='ltr'><strong>Aimericus</strong></span> <span class='ocrx_word' id='word_1_809' title='bbox 2747 3463 2837 3499; x_wconf 91' lang='lat' dir='ltr'><strong>rex</strong></span> <span class='ocrx_word' id='word_1_810' title='bbox 2872 3448 3077 3501; x_wconf 79' lang='lat' dir='ltr'><strong>saruch</strong></span> <span class='ocrx_word' id='word_1_811' title='bbox 3109 3448 3337 3499; x_wconf 89' lang='lat' dir='ltr'><strong>obsidet.</strong></span> <span class='ocrx_word' id='word_1_812' title='bbox 3610 3449 3699 3498; x_wconf 78' lang='grc'><strong>954</strong></span> 
     </span>
    </p>

    <p class='ocr_par' dir='ltr' id='par_1_46' title="bbox 2105 3511 3705 3575">
     <span class='ocr_line' id='line_1_127' title="bbox 2105 3511 3705 3575; baseline -0.001 -13"><span class='ocrx_word' id='word_1_813' title='bbox 2105 3511 2283 3563; x_wconf 80' lang='lat' dir='ltr'><strong>xxiv.</strong></span> <span class='ocrx_word' id='word_1_814' title='bbox 2309 3538 2370 3548; x_wconf 91' lang='lat'>—</span> <span class='ocrx_word' id='word_1_815' title='bbox 2403 3511 2680 3562; x_wconf 84' lang='lat' dir='ltr'><strong>Civitatem</strong></span> <span class='ocrx_word' id='word_1_816' title='bbox 2716 3512 2882 3575; x_wconf 89' lang='lat' dir='ltr'><strong>capit.</strong></span> <span class='ocrx_word' id='word_1_817' title='bbox 3613 3513 3705 3560; x_wconf 77' lang='lat'><strong>955</strong></span> 
     </span>
    </p>

    <p class='ocr_par' dir='ltr' id='par_1_47' title="bbox 2045 3573 3705 3699">
     <span class='ocr_line' id='line_1_128' title="bbox 2105 3573 3705 3636; baseline -0.001 -12"><span class='ocrx_word' id='word_1_818' title='bbox 2105 3574 2262 3624; x_wconf 85' lang='lat' dir='ltr'><strong>XXV.</strong></span> <span class='ocrx_word' id='word_1_819' title='bbox 2305 3599 2363 3612; x_wconf 91' lang='lat'>-</span> <span class='ocrx_word' id='word_1_820' title='bbox 2386 3575 2682 3624; x_wconf 91' lang='lat' dir='ltr'><strong>Aimericus</strong></span> <span class='ocrx_word' id='word_1_821' title='bbox 2718 3573 2922 3625; x_wconf 86' lang='lat' dir='ltr'><strong>Baruch</strong></span> <span class='ocrx_word' id='word_1_822' title='bbox 2951 3573 3269 3636; x_wconf 88' lang='lat' dir='ltr'><strong>ingreditur.</strong></span> <span class='ocrx_word' id='word_1_823' title='bbox 3296 3573 3509 3624; x_wconf 79' lang='lat' dir='ltr'><strong>Mortuo</strong></span> <span class='ocrx_word' id='word_1_824' title='bbox 3540 3574 3616 3623; x_wconf 90' lang='lat' dir='ltr'><strong>im</strong></span> <span class='ocrx_word' id='word_1_825' title='bbox 3656 3587 3705 3623; x_wconf 87' lang='lat' dir='ltr'><strong>c-</strong></span> 
     </span>
     <span class='ocr_line' id='line_1_129' title="bbox 2045 3635 3704 3699; baseline -0.001 -13"><span class='ocrx_word' id='word_1_826' title='bbox 2045 3641 2237 3691; x_wconf 88' lang='lat' dir='ltr'><strong>ratore,</strong></span> <span class='ocrx_word' id='word_1_827' title='bbox 2262 3636 2506 3686; x_wconf 86' lang='lat' dir='ltr'><strong>inducias</strong></span> <span class='ocrx_word' id='word_1_828' title='bbox 2535 3650 2659 3686; x_wconf 90' lang='lat' dir='ltr'><strong>cum</strong></span> <span class='ocrx_word' id='word_1_829' title='bbox 2695 3635 2921 3685; x_wconf 87' lang='lat' dir='ltr'><strong>soldano</strong></span> <span class='ocrx_word' id='word_1_830' title='bbox 2951 3637 3260 3699; x_wconf 86' lang='lat' dir='ltr'><strong>paciscitur.</strong></span> <span class='ocrx_word' id='word_1_831' title='bbox 3648 3637 3704 3684; x_wconf 83' lang='lat'><strong>55</strong></span> 
     </span>
    </p>
   </div>
   <div class='ocr_carea' id='block_1_24' title="bbox 2043 3698 3714 4309">
    <p class='ocr_par' dir='ltr' id='par_1_48' title="bbox 2043 3698 3710 4070">
     <span class='ocr_line' id='line_1_130' title="bbox 2107 3698 3705 3763; baseline -0.001 -15"><span class='ocrx_word' id='word_1_832' title='bbox 2107 3698 2288 3752; x_wconf 83' lang='lat' dir='ltr'><strong>xxvi.</strong></span> <span class='ocrx_word' id='word_1_833' title='bbox 2319 3725 2382 3735; x_wconf 90' lang='lat'><strong>—-</strong></span> <span class='ocrx_word' id='word_1_834' title='bbox 2407 3699 2515 3747; x_wconf 84' lang='lat' dir='ltr'><strong>Rex</strong></span> <span class='ocrx_word' id='word_1_835' title='bbox 2538 3699 2804 3748; x_wconf 69' lang='lat' dir='ltr'><strong>Armeniae</strong></span> <span class='ocrx_word' id='word_1_836' title='bbox 2823 3698 3213 3748; x_wconf 84' lang='lat' dir='ltr'><strong>Antiochenum</strong></span> <span class='ocrx_word' id='word_1_837' title='bbox 3241 3698 3546 3763; x_wconf 79' lang='lat' dir='ltr'><strong>principem</strong></span> <span class='ocrx_word' id='word_1_838' title='bbox 3563 3698 3705 3762; x_wconf 87' lang='lat' dir='ltr'><strong>capit</strong></span> 
     </span>
     <span class='ocr_line' id='line_1_131' title="bbox 2043 3760 3708 3825; baseline -0.001 -14"><span class='ocrx_word' id='word_1_839' title='bbox 2043 3765 2098 3811; x_wconf 91' lang='lat' dir='ltr'><strong>et</strong></span> <span class='ocrx_word' id='word_1_840' title='bbox 2142 3764 2340 3811; x_wconf 85' lang='lat' dir='ltr'><strong>terram</strong></span> <span class='ocrx_word' id='word_1_841' title='bbox 2385 3760 2500 3823; x_wconf 86' lang='lat' dir='ltr'><strong>ejus</strong></span> <span class='ocrx_word' id='word_1_842' title='bbox 2548 3760 2818 3810; x_wconf 88' lang='lat' dir='ltr'><strong>devastat.</strong></span> <span class='ocrx_word' id='word_1_843' title='bbox 2880 3761 3068 3811; x_wconf 84' lang='lat' dir='ltr'><strong>Pacem</strong></span> <span class='ocrx_word' id='word_1_844' title='bbox 3101 3762 3240 3810; x_wconf 88' lang='lat' dir='ltr'><strong>inter</strong></span> <span class='ocrx_word' id='word_1_845' title='bbox 3286 3772 3381 3810; x_wconf 88' lang='lat' dir='ltr'><strong>eos</strong></span> <span class='ocrx_word' id='word_1_846' title='bbox 3427 3761 3708 3825; x_wconf 88' lang='lat' dir='ltr'><strong>componit</strong></span> 
     </span>
     <span class='ocr_line' id='line_1_132' title="bbox 2043 3821 3707 3887; baseline -0.001 -14"><span class='ocrx_word' id='word_1_847' title='bbox 2043 3823 2305 3873; x_wconf 79' lang='lat' dir='ltr'><strong>Henricus</strong></span> <span class='ocrx_word' id='word_1_848' title='bbox 2320 3835 2501 3873; x_wconf 88' lang='lat' dir='ltr'><strong>comes</strong></span> <span class='ocrx_word' id='word_1_849' title='bbox 2515 3822 3176 3887; x_wconf 79' lang='lat' dir='ltr'><strong>Campaniae.Antiocheno</strong></span> <span class='ocrx_word' id='word_1_850' title='bbox 3194 3822 3426 3887; x_wconf 86' lang='lat' dir='ltr'><strong>principi</strong></span> <span class='ocrx_word' id='word_1_851' title='bbox 3449 3821 3707 3871; x_wconf 72' lang='lat' dir='ltr'><strong>defuncto</strong></span> 
     </span>
     <span class='ocr_line' id='line_1_133' title="bbox 2044 3884 3708 3949; baseline -0.002 -14"><span class='ocrx_word' id='word_1_852' title='bbox 2044 3885 2285 3936; x_wconf 86' lang='lat' dir='ltr'><strong>succedit</strong></span> <span class='ocrx_word' id='word_1_853' title='bbox 2310 3898 2491 3936; x_wconf 90' lang='lat' dir='ltr'><strong>comes</strong></span> <span class='ocrx_word' id='word_1_854' title='bbox 2518 3886 2907 3949; x_wconf 52' lang='lat' dir='ltr'><strong>Tripolitanum</strong></span> <span class='ocrx_word' id='word_1_855' title='bbox 2961 3885 3060 3945; x_wconf 88' lang='lat' dir='ltr'><strong>Qui</strong></span> <span class='ocrx_word' id='word_1_856' title='bbox 3102 3884 3365 3935; x_wconf 82' lang='lat' dir='ltr'><strong>adversus</strong></span> <span class='ocrx_word' id='word_1_857' title='bbox 3389 3885 3708 3934; x_wconf 86' lang='lat' dir='ltr'><strong>Armenium</strong></span> 
     </span>
     <span class='ocr_line' id='line_1_134' title="bbox 2043 3946 3709 4012; baseline -0.001 -14"><span class='ocrx_word' id='word_1_858' title='bbox 2043 3947 2452 3998; x_wconf 80' lang='lat' dir='ltr'><strong>Conroederatur</strong></span> <span class='ocrx_word' id='word_1_859' title='bbox 2497 3948 2712 4012; x_wconf 82' lang='lat' dir='ltr'><strong>Halapoe</strong></span> <span class='ocrx_word' id='word_1_860' title='bbox 2755 3947 2997 3998; x_wconf 88' lang='lat' dir='ltr'><strong>soldano.</strong></span> <span class='ocrx_word' id='word_1_861' title='bbox 3047 3947 3312 3997; x_wconf 82' lang='lat' dir='ltr'><strong>Armeniis</strong></span> <span class='ocrx_word' id='word_1_862' title='bbox 3367 3946 3709 3997; x_wconf 78' lang='lat' dir='ltr'><strong>Antiochiam</strong></span> 
     </span>
     <span class='ocr_line' id='line_1_135' title="bbox 2043 4009 3710 4070; baseline -0.002 -10"><span class='ocrx_word' id='word_1_863' title='bbox 2043 4013 2266 4070; x_wconf 85' lang='lat' dir='ltr'><strong>superat</strong></span> <span class='ocrx_word' id='word_1_864' title='bbox 2298 4012 2351 4059; x_wconf 93' lang='lat' dir='ltr'><strong>et</strong></span> <span class='ocrx_word' id='word_1_865' title='bbox 2385 4023 2478 4060; x_wconf 89' lang='lat' dir='ltr'><strong>rex</strong></span> <span class='ocrx_word' id='word_1_866' title='bbox 2499 4014 2811 4060; x_wconf 88' lang='lat' dir='ltr'><strong>coronatur.</strong></span> <span class='ocrx_word' id='word_1_867' title='bbox 3621 4009 3710 4058; x_wconf 85' lang='grc'><strong>957</strong></span> 
     </span>
    </p>

    <p class='ocr_par' dir='ltr' id='par_1_49' title="bbox 2043 4070 3714 4308">
     <span class='ocr_line' id='line_1_136' title="bbox 2106 4070 3712 4135; baseline -0.002 -13"><span class='ocrx_word' id='word_1_868' title='bbox 2106 4073 2399 4123; x_wconf 82' lang='lat' dir='ltr'><strong>xxv11.—</strong></span> <span class='ocrx_word' id='word_1_869' title='bbox 2436 4073 2696 4122; x_wconf 82' lang='lat' dir='ltr'><strong>Henricus</strong></span> <span class='ocrx_word' id='word_1_870' title='bbox 2736 4085 2919 4122; x_wconf 89' lang='lat' dir='ltr'><strong>comes</strong></span> <span class='ocrx_word' id='word_1_871' title='bbox 2962 4085 3089 4121; x_wconf 89' lang='lat' dir='ltr'><strong>cum</strong></span> <span class='ocrx_word' id='word_1_872' title='bbox 3138 4070 3339 4121; x_wconf 87' lang='lat' dir='ltr'><strong>honore</strong></span> <span class='ocrx_word' id='word_1_873' title='bbox 3381 4070 3653 4135; x_wconf 89' lang='lat' dir='ltr'><strong>excipitur</strong></span> <span class='ocrx_word' id='word_1_874' title='bbox 3682 4085 3712 4119; x_wconf 85' lang='lat' dir='ltr'><strong>a</strong></span> 
     </span>
     <span class='ocr_line' id='line_1_137' title="bbox 2043 4133 3713 4200; baseline -0.002 -16"><span class='ocrx_word' id='word_1_875' title='bbox 2043 4135 2286 4200; x_wconf 88' lang='lat' dir='ltr'><strong>principe</strong></span> <span class='ocrx_word' id='word_1_876' title='bbox 2315 4134 2726 4185; x_wconf 83' lang='lat' dir='ltr'><strong>Assissinorum.</strong></span> <span class='ocrx_word' id='word_1_877' title='bbox 3624 4133 3713 4181; x_wconf 77' lang='grc'><strong>958</strong></span> 
     </span>
     <span class='ocr_line' id='line_1_138' title="bbox 2044 4196 3714 4308; baseline -0.003 -61"><span class='ocrx_word' id='word_1_878' title='bbox 2044 4258 2079 4308; x_wconf 73' lang='lat' dir='ltr'>d</span> <span class='ocrx_word' id='word_1_879' title='bbox 2109 4197 2341 4308; x_wconf 51' lang='lat' dir='ltr'><strong>Xifnvlli.</strong></span> <span class='ocrx_word' id='word_1_880' title='bbox 2377 4223 2440 4233; x_wconf 93' lang='lat'>—</span> <span class='ocrx_word' id='word_1_881' title='bbox 2482 4198 2742 4248; x_wconf 82' lang='lat' dir='ltr'><strong>Henricus</strong></span> <span class='ocrx_word' id='word_1_882' title='bbox 2776 4196 3068 4259; x_wconf 87' lang='lat' dir='ltr'><strong>imperator</strong></span> <span class='ocrx_word' id='word_1_883' title='bbox 3099 4198 3224 4246; x_wconf 89' lang='lat' dir='ltr'><strong>ante</strong></span> <span class='ocrx_word' id='word_1_884' title='bbox 3253 4199 3486 4245; x_wconf 88' lang='lat' dir='ltr'><strong>mortem</strong></span> <span class='ocrx_word' id='word_1_885' title='bbox 3541 4197 3714 4306; x_wconf 53' lang='lat' dir='ltr'><strong>proqig</strong></span> 
     </span>
    </p>

    <p class='ocr_par' dir='ltr' id='par_1_50' title="bbox 2083 4260 2422 4309">
     <span class='ocr_line' id='line_1_139' title="bbox 2083 4260 2422 4309; baseline 0.003 -1"><span class='ocrx_word' id='word_1_886' title='bbox 2083 4263 2137 4309; x_wconf 91' lang='lat' dir='ltr'><strong>et</strong></span> <span class='ocrx_word' id='word_1_887' title='bbox 2187 4260 2197 4272; x_wconf 89' lang='grc'><em>“</em></span> <span class='ocrx_word' id='word_1_888' title='bbox 2227 4261 2277 4309; x_wconf 90' lang='lat' dir='ltr'><strong>io</strong></span> <span class='ocrx_word' id='word_1_889' title='bbox 2300 4272 2422 4309; x_wconf 88' lang='lat' dir='ltr'><strong>suo.</strong></span> 
     </span>
    </p>
   </div>
   <div class='ocr_carea' id='block_1_25' title="bbox 2106 4328 3712 4443">
    <p class='ocr_par' dir='ltr' id='par_1_51' title="bbox 2106 4328 3712 4443">
     <span class='ocr_line' id='line_1_140' title="bbox 2106 4328 3712 4395; baseline -0.002 -16"><span class='ocrx_word' id='word_1_890' title='bbox 2106 4330 2292 4382; x_wconf 76' lang='lat' dir='ltr'><strong>XXIX.</strong></span> <span class='ocrx_word' id='word_1_891' title='bbox 2333 4355 2394 4368; x_wconf 93' lang='lat'><em>-</em></span> <span class='ocrx_word' id='word_1_892' title='bbox 2423 4331 2760 4395; x_wconf 81' lang='lat' dir='ltr'><strong>imperatrix,</strong></span> <span class='ocrx_word' id='word_1_893' title='bbox 2794 4332 3052 4380; x_wconf 86' lang='lat' dir='ltr'><strong>coronato</strong></span> <span class='ocrx_word' id='word_1_894' title='bbox 3077 4329 3209 4387; x_wconf 80' lang='lat' dir='ltr'><strong>tilio,</strong></span> <span class='ocrx_word' id='word_1_895' title='bbox 3249 4328 3498 4378; x_wconf 86' lang='lat' dir='ltr'><strong>moritur.</strong></span> <span class='ocrx_word' id='word_1_896' title='bbox 3625 4330 3712 4377; x_wconf 82' lang='grc'><strong>959</strong></span> 
     </span>
     <span class='ocr_line' id='line_1_141' title="bbox 2107 4389 3710 4443; baseline -0.002 -1"><span class='ocrx_word' id='word_1_897' title='bbox 2107 4393 2261 4442; x_wconf 83' lang='lat' dir='ltr'><strong>XXX.</strong></span> <span class='ocrx_word' id='word_1_898' title='bbox 2293 4417 2354 4430; x_wconf 89' lang='lat'><em>-</em></span> <span class='ocrx_word' id='word_1_899' title='bbox 2388 4391 2654 4443; x_wconf 85' lang='lat' dir='ltr'><strong>Galterius</strong></span> <span class='ocrx_word' id='word_1_900' title='bbox 2682 4392 2968 4443; x_wconf 86' lang='lat' dir='ltr'><strong>Branensis</strong></span> <span class='ocrx_word' id='word_1_901' title='bbox 2997 4404 3178 4441; x_wconf 90' lang='lat' dir='ltr'><strong>comes</strong></span> <span class='ocrx_word' id='word_1_902' title='bbox 3216 4389 3499 4441; x_wconf 89' lang='lat' dir='ltr'><strong>occiditur.</strong></span> <span class='ocrx_word' id='word_1_903' title='bbox 3621 4392 3710 4440; x_wconf 80' lang='grc'><strong>960</strong></span> 
     </span>
    </p>
   </div>
   <div class='ocr_carea' id='block_1_26' title="bbox 2048 4461 3717 4782">
    <p class='ocr_par' dir='ltr' id='par_1_52' title="bbox 2048 4461 3717 4782">
     <span class='ocr_line' id='line_1_142' title="bbox 2107 4461 3708 4526; baseline -0.002 -11"><span class='ocrx_word' id='word_1_904' title='bbox 2107 4464 2290 4518; x_wconf 84' lang='lat' dir='ltr'><strong>XXXI.</strong></span> <span class='ocrx_word' id='word_1_905' title='bbox 2314 4492 2375 4500; x_wconf 94' lang='lat'>—</span> <span class='ocrx_word' id='word_1_906' title='bbox 2397 4463 2790 4514; x_wconf 82' lang='lat' dir='ltr'><strong>Coni&#39;oederatio</strong></span> <span class='ocrx_word' id='word_1_907' title='bbox 2825 4464 2963 4513; x_wconf 85' lang='lat' dir='ltr'><strong>inter</strong></span> <span class='ocrx_word' id='word_1_908' title='bbox 2982 4462 3186 4526; x_wconf 80' lang='lat' dir='ltr'><strong>Angliae</strong></span> <span class='ocrx_word' id='word_1_909' title='bbox 3215 4473 3396 4521; x_wconf 78' lang='lat' dir='ltr'><strong>regem</strong></span> <span class='ocrx_word' id='word_1_910' title='bbox 3415 4463 3470 4511; x_wconf 89' lang='lat' dir='ltr'><strong>et</strong></span> <span class='ocrx_word' id='word_1_911' title='bbox 3505 4461 3708 4512; x_wconf 86' lang='lat' dir='ltr'><strong>Baldui·</strong></span> 
     </span>
     <span class='ocr_line' id='line_1_143' title="bbox 2048 4523 3714 4588; baseline -0.002 -11"><span class='ocrx_word' id='word_1_912' title='bbox 2048 4541 2177 4577; x_wconf 90' lang='lat' dir='ltr'><strong>num</strong></span> <span class='ocrx_word' id='word_1_913' title='bbox 2208 4528 2458 4577; x_wconf 87' lang='lat' dir='ltr'><strong>comitem</strong></span> <span class='ocrx_word' id='word_1_914' title='bbox 2486 4526 2746 4577; x_wconf 82' lang='lat' dir='ltr'><strong>Flandrioe</strong></span> <span class='ocrx_word' id='word_1_915' title='bbox 2769 4525 3031 4576; x_wconf 86' lang='lat' dir='ltr'><strong>adversus</strong></span> <span class='ocrx_word' id='word_1_916' title='bbox 3050 4538 3230 4588; x_wconf 87' lang='lat' dir='ltr'><strong>regem</strong></span> <span class='ocrx_word' id='word_1_917' title='bbox 3248 4523 3608 4574; x_wconf 84' lang='lat' dir='ltr'><strong>Francorum.</strong></span> <span class='ocrx_word' id='word_1_918' title='bbox 3627 4525 3714 4573; x_wconf 82' lang='grc'><strong>960</strong></span> 
     </span>
     <span class='ocr_line' id='line_1_144' title="bbox 2110 4593 3716 4660; baseline -0.002 -14"><span class='ocrx_word' id='word_1_919' title='bbox 2110 4594 2310 4647; x_wconf 82' lang='lat' dir='ltr'><strong>xxxu.</strong></span> <span class='ocrx_word' id='word_1_920' title='bbox 2337 4621 2396 4634; x_wconf 93' lang='lat'>-</span> <span class='ocrx_word' id='word_1_921' title='bbox 2421 4597 2531 4646; x_wconf 82' lang='lat' dir='ltr'><strong>Rex</strong></span> <span class='ocrx_word' id='word_1_922' title='bbox 2563 4597 2767 4660; x_wconf 77' lang='lat' dir='ltr'><strong>Anglioe</strong></span> <span class='ocrx_word' id='word_1_923' title='bbox 2796 4595 2852 4645; x_wconf 92' lang='lat' dir='ltr'><strong>in</strong></span> <span class='ocrx_word' id='word_1_924' title='bbox 2878 4596 3020 4659; x_wconf 83' lang='lat' dir='ltr'><strong>Pago</strong></span> <span class='ocrx_word' id='word_1_925' title='bbox 3050 4593 3391 4646; x_wconf 81' lang='lat' dir='ltr'><strong>Lemovicino</strong></span> <span class='ocrx_word' id='word_1_926' title='bbox 3408 4594 3620 4659; x_wconf 79' lang='lat' dir='ltr'><strong>sagitta</strong></span> <span class='ocrx_word' id='word_1_927' title='bbox 3644 4595 3716 4643; x_wconf 90' lang='lat' dir='ltr'><strong>in·</strong></span> 
     </span>
     <span class='ocr_line' id='line_1_145' title="bbox 2049 4657 3712 4723; baseline -0.003 -13"><span class='ocrx_word' id='word_1_928' title='bbox 2049 4659 2330 4710; x_wconf 88' lang='lat' dir='ltr'><strong>terimitur.</strong></span> <span class='ocrx_word' id='word_1_929' title='bbox 2364 4659 2487 4709; x_wconf 87' lang='lat' dir='ltr'><strong>Otto</strong></span> <span class='ocrx_word' id='word_1_930' title='bbox 2517 4659 2574 4708; x_wconf 80' lang='lat' dir='ltr'><strong>fit</strong></span> <span class='ocrx_word' id='word_1_931' title='bbox 2600 4659 2908 4723; x_wconf 87' lang='lat' dir='ltr'><strong>imperator.</strong></span> <span class='ocrx_word' id='word_1_932' title='bbox 3627 4657 3712 4705; x_wconf 71' lang='grc'><strong>901</strong></span> 
     </span>
     <span class='ocr_line' id='line_1_146' title="bbox 2111 4718 3717 4782; baseline -0.002 -11"><span class='ocrx_word' id='word_1_933' title='bbox 2111 4721 2343 4774; x_wconf 83' lang='lat' dir='ltr'><strong>xxxin.</strong></span> <span class='ocrx_word' id='word_1_934' title='bbox 2368 4749 2429 4759; x_wconf 92' lang='lat'><em>-</em></span> <span class='ocrx_word' id='word_1_935' title='bbox 2445 4721 2594 4771; x_wconf 82' lang='lat' dir='ltr'><strong>Multi</strong></span> <span class='ocrx_word' id='word_1_936' title='bbox 2609 4720 2844 4771; x_wconf 79' lang='lat' dir='ltr'><strong>Franciai</strong></span> <span class='ocrx_word' id='word_1_937' title='bbox 2869 4720 3099 4770; x_wconf 87' lang='lat' dir='ltr'><strong>barones</strong></span> <span class='ocrx_word' id='word_1_938' title='bbox 3121 4718 3594 4782; x_wconf 87' lang='lat' dir='ltr'><strong>crucesignantur.</strong></span> <span class='ocrx_word' id='word_1_939' title='bbox 3629 4719 3717 4768; x_wconf 70' lang='lat'><strong>⁹⁶2</strong></span> 
     </span>
    </p>
   </div>
   <div class='ocr_carea' id='block_1_27' title="bbox 2046 4790 3750 5558">
    <p class='ocr_par' dir='ltr' id='par_1_53' title="bbox 2110 4790 3720 4846">
     <span class='ocr_line' id='line_1_147' title="bbox 2110 4790 3720 4846; baseline -0.001 -6"><span class='ocrx_word' id='word_1_940' title='bbox 2110 4791 2340 4846; x_wconf 83' lang='lat' dir='ltr'><strong>xxxiv.</strong></span> <span class='ocrx_word' id='word_1_941' title='bbox 2376 4820 2438 4830; x_wconf 95' lang='lat'><em>-</em></span> <span class='ocrx_word' id='word_1_942' title='bbox 2471 4792 2542 4843; x_wconf 85' lang='lat' dir='ltr'><strong>De</strong></span> <span class='ocrx_word' id='word_1_943' title='bbox 2570 4791 2805 4842; x_wconf 82' lang='lat' dir='ltr'><strong>Fulcone</strong></span> <span class='ocrx_word' id='word_1_944' title='bbox 2831 4791 2898 4841; x_wconf 90' lang='lat' dir='ltr'><strong>de</strong></span> <span class='ocrx_word' id='word_1_945' title='bbox 2928 4790 3080 4844; x_wconf 79' lang='lat' dir='ltr'><strong>Milli.</strong></span> <span class='ocrx_word' id='word_1_946' title='bbox 3632 4790 3720 4840; x_wconf 73' lang='lat'><strong>9⁶2</strong></span> 
     </span>
    </p>

    <p class='ocr_par' dir='ltr' id='par_1_54' title="bbox 2047 4851 3722 4979">
     <span class='ocr_line' id='line_1_148' title="bbox 2112 4851 3720 4918; baseline -0.001 -14"><span class='ocrx_word' id='word_1_947' title='bbox 2112 4854 2326 4909; x_wconf 85' lang='lat' dir='ltr'><strong>XXXV.</strong></span> <span class='ocrx_word' id='word_1_948' title='bbox 2367 4881 2428 4891; x_wconf 94' lang='lat'><strong>—</strong></span> <span class='ocrx_word' id='word_1_949' title='bbox 2480 4855 2847 4918; x_wconf 90' lang='lat' dir='ltr'><strong>Crucesignati</strong></span> <span class='ocrx_word' id='word_1_950' title='bbox 2878 4868 2943 4903; x_wconf 88' lang='lat' dir='ltr'><strong>ex</strong></span> <span class='ocrx_word' id='word_1_951' title='bbox 2973 4853 3145 4904; x_wconf 88' lang='lat' dir='ltr'><strong>Gallia</strong></span> <span class='ocrx_word' id='word_1_952' title='bbox 3175 4851 3406 4902; x_wconf 84' lang='lat' dir='ltr'><strong>diversis</strong></span> <span class='ocrx_word' id='word_1_953' title='bbox 3442 4851 3554 4901; x_wconf 85' lang='lat' dir='ltr'><strong>viis</strong></span> <span class='ocrx_word' id='word_1_954' title='bbox 3605 4866 3720 4916; x_wconf 91' lang='lat' dir='ltr'><strong>pro-</strong></span> 
     </span>
     <span class='ocr_line' id='line_1_149' title="bbox 2047 4916 3722 4979; baseline -0.002 -12"><span class='ocrx_word' id='word_1_955' title='bbox 2047 4916 2383 4975; x_wconf 81' lang='lat' dir='ltr'><strong>ficiscuntur,</strong></span> <span class='ocrx_word' id='word_1_956' title='bbox 2414 4920 2466 4966; x_wconf 91' lang='lat' dir='ltr'><strong>et</strong></span> <span class='ocrx_word' id='word_1_957' title='bbox 2494 4929 2527 4965; x_wconf 83' lang='lat' dir='ltr'><strong>a</strong></span> <span class='ocrx_word' id='word_1_958' title='bbox 2561 4916 2786 4967; x_wconf 89' lang='lat' dir='ltr'><strong>soldano</strong></span> <span class='ocrx_word' id='word_1_959' title='bbox 2817 4930 3006 4966; x_wconf 84' lang='lat' dir='ltr'><strong>omnes</strong></span> <span class='ocrx_word' id='word_1_960' title='bbox 3026 4916 3334 4979; x_wconf 87' lang='lat' dir='ltr'><strong>capiuntur.</strong></span> <span class='ocrx_word' id='word_1_961' title='bbox 3633 4916 3722 4964; x_wconf 74' lang='grc'><strong>968</strong></span> 
     </span>
    </p>

    <p class='ocr_par' dir='ltr' id='par_1_55' title="bbox 2049 4983 3729 5113">
     <span class='ocr_line' id='line_1_150' title="bbox 2110 4983 3724 5052; baseline -0.001 -16"><span class='ocrx_word' id='word_1_962' title='bbox 2110 4987 2336 5037; x_wconf 85' lang='lat' dir='ltr'><strong>xxxv1.</strong></span> <span class='ocrx_word' id='word_1_963' title='bbox 2360 5013 2418 5025; x_wconf 90' lang='lat'>—</span> <span class='ocrx_word' id='word_1_964' title='bbox 2449 4987 2716 5039; x_wconf 89' lang='lat' dir='ltr'><strong>Soldanus</strong></span> <span class='ocrx_word' id='word_1_965' title='bbox 2742 4987 2844 5052; x_wconf 82' lang='lat' dir='ltr'><strong>AEg</strong></span> <span class='ocrx_word' id='word_1_966' title='bbox 2886 4987 2961 5050; x_wconf 86' lang='lat' dir='ltr'><strong>pti</strong></span> <span class='ocrx_word' id='word_1_967' title='bbox 2987 4989 3260 5051; x_wconf 81' lang='lat' dir='ltr'><strong>proeparat</strong></span> <span class='ocrx_word' id='word_1_968' title='bbox 3283 4998 3340 5035; x_wconf 83' lang='lat' dir='ltr'><strong>se</strong></span> <span class='ocrx_word' id='word_1_969' title='bbox 3360 4983 3428 5033; x_wconf 90' lang='lat' dir='ltr'><strong>ad</strong></span> <span class='ocrx_word' id='word_1_970' title='bbox 3461 4986 3724 5035; x_wconf 82' lang='lat' dir='ltr'><strong>resisten-</strong></span> 
     </span>
     <span class='ocr_line' id='line_1_151' title="bbox 2049 5047 3729 5113; baseline -0.001 -13"><span class='ocrx_word' id='word_1_971' title='bbox 2049 5050 2178 5100; x_wconf 85' lang='lat' dir='ltr'><strong>dum</strong></span> <span class='ocrx_word' id='word_1_972' title='bbox 2198 5048 2529 5100; x_wconf 86' lang='lat' dir='ltr'><strong>Christianis.</strong></span> <span class='ocrx_word' id='word_1_973' title='bbox 2556 5050 2823 5101; x_wconf 88' lang='lat' dir='ltr'><strong>Soldanus</strong></span> <span class='ocrx_word' id='word_1_974' title='bbox 2888 5049 3029 5113; x_wconf 88' lang='lat' dir='ltr'><strong>alapi</strong></span> <span class='ocrx_word' id='word_1_975' title='bbox 3045 5048 3254 5100; x_wconf 87' lang='lat' dir='ltr'><strong>obsidet</strong></span> <span class='ocrx_word' id='word_1_976' title='bbox 3269 5047 3624 5098; x_wconf 85' lang='lat' dir='ltr'><strong>Damascum.</strong></span> <span class='ocrx_word' id='word_1_977' title='bbox 3641 5051 3729 5099; x_wconf 72' lang='grc'><strong>964</strong></span> 
     </span>
    </p>

    <p class='ocr_par' dir='ltr' id='par_1_56' title="bbox 2047 5118 3738 5373">
     <span class='ocr_line' id='line_1_152' title="bbox 2111 5118 3728 5184; baseline 0.001 -14"><span class='ocrx_word' id='word_1_978' title='bbox 2111 5121 2361 5171; x_wconf 71' lang='lat' dir='ltr'><strong>XXXVII.</strong></span> <span class='ocrx_word' id='word_1_979' title='bbox 2393 5147 2454 5159; x_wconf 90' lang='lat'>—</span> <span class='ocrx_word' id='word_1_980' title='bbox 2479 5121 2668 5172; x_wconf 87' lang='lat' dir='ltr'><strong>Veneti</strong></span> <span class='ocrx_word' id='word_1_981' title='bbox 2698 5121 3104 5184; x_wconf 81' lang='lat' dir='ltr'><strong>crucesignatos</strong></span> <span class='ocrx_word' id='word_1_982' title='bbox 3130 5121 3187 5169; x_wconf 91' lang='lat' dir='ltr'><strong>in</strong></span> <span class='ocrx_word' id='word_1_983' title='bbox 3205 5118 3426 5169; x_wconf 79' lang='lat' dir='ltr'><strong>Terram</strong></span> <span class='ocrx_word' id='word_1_984' title='bbox 3466 5118 3728 5171; x_wconf 85' lang='lat' dir='ltr'><strong>Sanctam</strong></span> 
     </span>
     <span class='ocr_line' id='line_1_153' title="bbox 2049 5180 3734 5247; baseline 0.001 -15"><span class='ocrx_word' id='word_1_985' title='bbox 2049 5182 2337 5234; x_wconf 84' lang='lat' dir='ltr'><strong>transterre</strong></span> <span class='ocrx_word' id='word_1_986' title='bbox 2359 5186 2630 5242; x_wconf 88' lang='lat' dir='ltr'><strong>recusant,</strong></span> <span class='ocrx_word' id='word_1_987' title='bbox 2663 5184 2761 5232; x_wconf 87' lang='lat' dir='ltr'><strong>nisi</strong></span> <span class='ocrx_word' id='word_1_988' title='bbox 2794 5184 2943 5247; x_wconf 89' lang='lat' dir='ltr'><strong>prius</strong></span> <span class='ocrx_word' id='word_1_989' title='bbox 2961 5185 3014 5232; x_wconf 89' lang='lat' dir='ltr'><strong>in</strong></span> <span class='ocrx_word' id='word_1_990' title='bbox 3035 5181 3399 5247; x_wconf 80' lang='lat' dir='ltr'><strong>expugnanda</strong></span> <span class='ocrx_word' id='word_1_991' title='bbox 3425 5180 3734 5234; x_wconf 65' lang='lat' dir='ltr'><strong>Sclavonia</strong></span> 
     </span>
     <span class='ocr_line' id='line_1_154' title="bbox 2048 5242 3738 5310; baseline 0 -14"><span class='ocrx_word' id='word_1_992' title='bbox 2048 5246 2263 5296; x_wconf 85' lang='lat' dir='ltr'><strong>civitate</strong></span> <span class='ocrx_word' id='word_1_993' title='bbox 2295 5246 2531 5309; x_wconf 84' lang='lat' dir='ltr'><strong>quadam</strong></span> <span class='ocrx_word' id='word_1_994' title='bbox 2566 5259 2659 5295; x_wconf 89' lang='lat' dir='ltr'><strong>eos</strong></span> <span class='ocrx_word' id='word_1_995' title='bbox 2692 5246 2907 5309; x_wconf 83' lang='lat' dir='ltr'><strong>juvent.</strong></span> <span class='ocrx_word' id='word_1_996' title='bbox 2942 5246 3017 5296; x_wconf 83' lang='lat' dir='ltr'><strong>Ea</strong></span> <span class='ocrx_word' id='word_1_997' title='bbox 3046 5244 3116 5294; x_wconf 88' lang='lat' dir='ltr'><strong>de</strong></span> <span class='ocrx_word' id='word_1_998' title='bbox 3148 5257 3203 5294; x_wconf 89' lang='lat' dir='ltr'><strong>re</strong></span> <span class='ocrx_word' id='word_1_999' title='bbox 3237 5242 3306 5293; x_wconf 87' lang='lat' dir='ltr'><strong>ad</strong></span> <span class='ocrx_word' id='word_1_1000' title='bbox 3358 5254 3573 5308; x_wconf 87' lang='lat' dir='ltr'><strong>papam</strong></span> <span class='ocrx_word' id='word_1_1001' title='bbox 3609 5259 3738 5310; x_wconf 84' lang='lat' dir='ltr'><strong>que—</strong></span> 
     </span>
     <span class='ocr_line' id='line_1_155' title="bbox 2047 5308 2650 5373; baseline 0.01 -16"><span class='ocrx_word' id='word_1_1002' title='bbox 2047 5308 2185 5357; x_wconf 90' lang='lat' dir='ltr'><strong>ritur</strong></span> <span class='ocrx_word' id='word_1_1003' title='bbox 2212 5322 2306 5358; x_wconf 91' lang='lat' dir='ltr'><strong>rex</strong></span> <span class='ocrx_word' id='word_1_1004' title='bbox 2341 5308 2650 5373; x_wconf 75' lang='lat' dir='ltr'><strong>ilungariae.</strong></span> 
     </span>
    </p>

    <p class='ocr_par' dir='ltr' id='par_1_57' title="bbox 2046 5376 3750 5558">
     <span class='ocr_line' id='line_1_156' title="bbox 2111 5376 3742 5446; baseline 0 -18"><span class='ocrx_word' id='word_1_1005' title='bbox 2111 5379 2389 5430; x_wconf 82' lang='lat' dir='ltr'><strong>XXXVilI.</strong></span> <span class='ocrx_word' id='word_1_1006' title='bbox 2423 5405 2484 5417; x_wconf 90' lang='lat'><em>-</em></span> <span class='ocrx_word' id='word_1_1007' title='bbox 2509 5379 2752 5430; x_wconf 78' lang='lat' dir='ltr'><strong>Pontifex</strong></span> <span class='ocrx_word' id='word_1_1008' title='bbox 2771 5393 2862 5429; x_wconf 92' lang='lat' dir='ltr'><strong>eos</strong></span> <span class='ocrx_word' id='word_1_1009' title='bbox 2879 5377 3328 5430; x_wconf 88' lang='lat' dir='ltr'><strong>excommunicat.</strong></span> <span class='ocrx_word' id='word_1_1010' title='bbox 3345 5376 3742 5446; x_wconf 77' lang='lat' dir='ltr'><strong>Crucesignati</strong></span> 
     </span>
     <span class='ocr_line' id='line_1_157' title="bbox 2046 5439 3750 5558; baseline 0.002 -68"><span class='ocrx_word' id='word_1_1011' title='bbox 2046 5453 2145 5554; x_wconf 58' lang='lat' dir='ltr'><strong>ger</strong></span> <span class='ocrx_word' id='word_1_1012' title='bbox 2163 5441 2412 5554; x_wconf 77' lang='lat' dir='ltr'><strong>tdiversas</strong></span> <span class='ocrx_word' id='word_1_1013' title='bbox 2433 5444 2547 5494; x_wconf 82' lang='lat' dir='ltr'><strong>vias</strong></span> <span class='ocrx_word' id='word_1_1014' title='bbox 2566 5441 2998 5508; x_wconf 80' lang='lat' dir='ltr'><strong>proficiscuntur.</strong></span> <span class='ocrx_word' id='word_1_1015' title='bbox 3015 5440 3217 5492; x_wconf 82' lang='lat' dir='ltr'><strong>Versus</strong></span> <span class='ocrx_word' id='word_1_1016' title='bbox 3241 5439 3603 5495; x_wconf 76' lang='lat' dir='ltr'><strong>Antiochiam</strong></span> <span class='ocrx_word' id='word_1_1017' title='bbox 3627 5447 3750 5558; x_wconf 60' lang='grc' dir='ltr'>13ιᾶ</span> 
     </span>
    </p>
   </div>
  </div>
 </body>
</html>
