3784 6000
294 202 408 263 451

1374 195 1794 260 GUILLELMI
1838 196 2224 262 TYRENSIS
2267 196 2629 263 ARCHIEP.

3575 209 3699 271 452

299 295 429 407 quae
460 330 1228 408 cognominaturTancredi,
1250 346 1439 403 usque
1460 330 1530 387 ad
1555 334 1779 403 portam
1812 333 1941 405 Sep·
1970 334 2023 402 Α
2054 340 2156 401 tes,
2189 333 2259 390 ad
2300 349 2499 392 carum
2533 333 2979 393 admitterentur
3018 336 3486 398 vindicationem.
3517 339 3694 399 Cum·

294 424 726 492 tentrioualem,
761 440 887 495 quae
917 420 1127 477 dicitur
1157 419 1599 492 protomartyris
1631 421 1934 492 Stephaui,

291 522 382 574 est
411 518 667 574 ambitus
716 514 867 571 muri
913 513 1242 582 exterioris;
1288 512 1535 568 interius
1584 528 1718 570 vero
1762 513 1933 569 limes

292 613 379 664 est
405 606 501 663 via
551 603 800 678 publica,
861 619 987 674 quas
1035 603 1105 658 ab
1154 602 1356 658 eadem
1411 611 1576 672 porta
1625 618 1812 675 usque
1859 603 1929 658 ad

295 710 526 751 mensas
546 692 1071 751 nummulariorum
1089 692 1303 747 directe
1327 691 1712 763 protenditur,
1731 691 1933 748 etinde

291 783 364 839 ad
405 787 628 854 portem
668 781 1105 840 occidentalem.
1146 780 1416 837 Continet
1453 785 1648 837 autem
1687 781 1840 836 intra
1870 796 1933 837 se

288 871 674 929 venerabilem
722 872 916 928 locum
962 870 1274 929 Dominicae
1307 869 1598 942 passionis
1635 873 1693 925 et
1734 885 1929 926 resur-

288 961 583 1032 rectionis,
624 962 866 1017 domum
905 958 1237 1033 hospitalis.
1280 964 1598 1031 utrumque
1636 962 1930 1014 monaste·

210 1076 215 1081 ·
289 1050 463 1121 rium,
502 1051 754 1108 virorum
814 1050 1078 1107 videlicet
1123 1056 1180 1106 et
1219 1048 1746 1117 sanctimonialum,
1789 1061 1932 1119 quo-

282 1157 414 1197 rum
452 1147 771 1213 utrumque
813 1140 1263 1213 cognominatur
1303 1141 1374 1195 de
1417 1138 1650 1208 Latina;
1691 1138 1931 1194 domum

281 1230 459 1287 etiam
492 1231 939 1304 patriarchalem
977 1236 1033 1288 et
1075 1230 1487 1288 canonicorum
1517 1227 1805 1287 Dominiei
1834 1244 1931 1287 se-

285 1320 473 1394 pulcri
505 1320 847 1391 claustrum,
881 1337 1012 1379 cum
1045 1321 1168 1378 suis
1197 1319 1587 1392 pertinentiis.

882 1427 1115 1485 CAPUT
1150 1429 1287 1485 XIX

285 1521 417 1590 Quis
443 1522 630 1592 fucrit
681 1521 839 1590 ream·
878 1524 1050 1576 status
1085 1535 1184 1590 per
1235 1519 1338 1575 illa
1384 1526 1666 1591 tempora,·
1703 1525 1757 1576 ct
1802 1535 1932 1592 quo-

351 1592 507 1649 modo
537 1592 655 1648 dux
682 1593 878 1648 arbem
904 1594 1251 1647 maritimam
1278 1591 1448 1647 Assur
1478 1593 1689 1648 obsedit
1699 1608 1721 1655 ,·
1743 1596 1794 1647 ct
1823 1607 1932 1664 qua

355 1663 422 1720 dc
448 1679 614 1721 causa
642 1664 886 1721 camdem
914 1664 1138 1721 solverit
1168 1662 1519 1720 obsidionem.

352 1771 572 1828 Eodem
604 1775 885 1844 tempore,
929 1786 1059 1827 cum
1083 1770 1209 1842 jam
1246 1770 1362 1827 lere
1394 1786 1599 1828 omnes
1630 1771 1927 1845 principes

278 1858 470 1933 quiin
501 1859 866 1933 expeditione
908 1863 1206 1927 venerant,
1247 1865 1443 1916 essent
1481 1860 1554 1915 ad
1594 1860 1824 1932 propria
1864 1876 1926 1917 re

274 1948 450 2017 versi,
488 1948 570 2006 ita
600 1948 757 2020 quod
801 1951 920 2006 dux
961 1947 1143 2017 solus,
1182 1949 1276 2006 cui
1319 1964 1560 2022 regnum
1599 1953 1720 2006 erat
1757 1965 1929 2006 com-

277 2038 544 2111 missum,
597 2042 654 2095 et
704 2037 981 2096 dominus
1029 2039 1387 2105 Tancredus,
1443 2039 1543 2112 qui
1591 2037 1650 2094 in
1700 2046 1926 2111 partem

274 2127 693 2187 sollicitudinis
726 2129 963 2187 domino
995 2129 1138 2185 duce
1187 2134 1469 2200 tanquam
1521 2128 1609 2186 vir
1641 2129 1923 2202 prudens,

275 2222 553 2276 strenuus
584 2224 638 2273 et
669 2216 826 2285 felix,
858 2221 983 2274 erat
1012 2216 1315 2285 detentus;
1349 2221 1468 2273 tam
1502 2217 1740 2273 modicae
1760 2221 1927 2274 erant

279 2313 614 2366 nostrorum
645 2306 951 2363 facultates
981 2310 1037 2363 et
1071 2305 1444 2363 militantium
1475 2307 1674 2380 copiae,
1710 2312 1774 2363 ut
1804 2325 1930 2365 om·

279 2398 456 2455 nibus
506 2395 839 2453 convocatis
882 2403 939 2452 et
977 2395 1241 2452 certatim
1282 2396 1788 2468 concurrentibus,
1836 2398 1925 2453 vix

282 2485 683 2544 invenirentur
710 2486 935 2558 equites
957 2486 1201 2542 trecenti
1222 2489 1280 2541 et
1301 2487 1561 2559 peditum
1583 2487 1696 2542 duo
1720 2486 1923 2544 millia.

283 2575 468 2632 Urbes
495 2578 716 2643 sutem,
748 2591 876 2647 quae
909 2576 967 2631 in
1001 2579 1260 2630 nostram
1301 2580 1580 2632 venerant
1620 2576 1924 2645 ditionem,

284 2681 482 2739 paucae
513 2665 831 2722 admodum
862 2670 1053 2733 erant;
1094 2667 1152 2720 et
1182 2663 1324 2720 locis
1356 2663 1662 2720 hostilibus
1689 2665 1926 2737 interje-

283 2756 414 2825 ctis,
448 2753 830 2827 interpolatae,
853 2755 935 2811 ita
966 2763 1024 2809 ut
1054 2769 1286 2810 summo
1318 2752 1595 2825 periculo,
1636 2770 1769 2811 cum
1817 2771 1929 2812 ne-

282 2844 525 2903 cessitas
557 2844 614 2900 id
652 2845 1019 2914 exposcebat,
1052 2844 1124 2898 de
1154 2858 1273 2899 una
1299 2843 1372 2898 ad
1414 2842 1656 2899 alteram
1696 2843 1926 2901 venire-

284 2940 400 2992 tur.
432 2932 784 2991 Suburbana
811 2937 1027 3003 autem,
1060 2938 1115 2988 et
1145 2948 1239 2989 am
1269 2933 1327 2990 in
1351 2939 1684 2989 nostrorum
1709 2933 1926 2990 tinibus

2044 438 2156 492 que
2186 426 2350 479 tanta
2381 438 2628 497 reguum
2666 423 2953 482 laboraret
2986 427 3203 499 inopia,
3236 427 3451 500 adjecit
3494 432 3694 488 tamen

2044 511 2133 568 vir
2163 516 2343 568 Deum
2381 512 2596 569 timens
2628 513 2864 586 Deoque
2895 515 3182 585 amabilis,
3214 521 3454 574 auctore
3483 518 3694 576 Domi-

2045 615 2139 669 n0,
2173 601 2333 674 regni
2359 602 2504 659 fines
2525 603 2838 674 ampliare;
2860 607 3311 679 convocatisque
3334 608 3693 667 militaribus

2042 690 2274 746 auxiliis
2331 695 2388 748 et
2438 691 2650 763 populo
2717 692 2991 764 regionis,
3057 695 3254 751 urbem
3313 696 3687 753 maritimam.

2037 777 2319 851 Joppensi
2363 781 2809 851 conterminam,
2841 799 2966 854 quae
2996 784 3133 840 olim
3165 785 3319 841 dicta
3368 791 3457 842 cst
3511 789 3687 844 Anti-

2043 868 2292 937 patrida,
2330 884 2484 925 nunc
2514 885 2645 926 vero
2675 871 2896 943 vulgari
2929 873 3314 945 appellatione
3345 875 3561 932 dicitur
3597 879 3690 934 As·

2040 971 2166 1024 sur,
2197 957 2448 1013 obsedit.
2495 959 2627 1026 Sed,
2662 973 2792 1014 cum
2838 958 2899 1015 in
2939 975 3008 1016 ea
3047 968 3243 1018 essent
3277 963 3385 1019 viri
3427 964 3607 1022 l'ortes
3634 976 3686 1023 et

2041 1045 2282 1111 strenui,
2316 1047 2518 1108 armis.
2552 1047 2906 1106 victualibus
2943 1053 3001 1106 et
3030 1051 3253 1107 caeteris
3291 1053 3363 1108 ad
3410 1053 3515 1111 hos
3544 1071 3687 1112 usus

2040 1135 2387 1191 necessariis
2418 1136 2816 1207 abundantes;
2850 1139 2963 1194 dux
2997 1156 3128 1196 vero
3158 1142 3411 1199 exterius
3448 1159 3687 1216 gravem

2040 1224 2352 1283 sustineret
2382 1225 2735 1297 inopiam,et
2765 1227 3016 1285 maxims
3046 1229 3180 1302 qnia
3212 1247 3387 1288 naves
3428 1248 3545 1288 non
3579 1232 3687 1290 ha·

2040 1313 2232 1383 bebat,
2280 1315 2490 1386 quibus
2534 1316 2789 1374 obsessis
2833 1317 3142 1375 introitum
3186 1324 3422 1393 negaret
3467 1326 3527 1380 et
3571 1322 3689 1380 exi·

2040 1405 2201 1473 tum;
2237 1405 2580 1462 necessitate
2611 1406 2977 1479 compulsus,
3006 1409 3346 1481 praedictam
3380 1411 3553 1468 solvit
3590 1412 3688 1469 ob-

2039 1491 2350 1562 sidionem,
2396 1498 2704 1565 expectans
2745 1500 2810 1552 ut
2846 1501 3105 1569 tempore
3145 1499 3514 1571 procedente,
3564 1517 3686 1558 ma-

2039 1583 2129 1655 gis
2172 1587 2502 1656 opportuna
2549 1585 2663 1640 sibi
2708 1585 2779 1642 ad
2831 1584 2892 1641 id
2937 1586 3347 1660 complendum
3384 1606 3683 1664 concessa,

2040 1671 2322 1729 divinitus
2385 1675 2577 1731 eidem
2628 1691 2688 1732 se
2748 1675 2982 1734 offerret
3040 1679 3295 1750 occasio;
3346 1681 3448 1738 sed
3499 1686 3684 1739 morte

2037 1771 2360 1834 praeventus
2390 1764 2730 1836 immatura,
2760 1765 2833 1823 ad
2863 1769 3125 1840 optatum
3160 1770 3521 1842 propositum
3564 1787 3684 1828 non

2031 1853 2312 1924 pervenit.

2032 2050 2256 2108 Factum
2295 2051 2580 2110 memoria
2608 2051 2855 2124 diqnum,
2887 2054 3226 2126 quodcum
3246 2057 3514 2115 eamdem
3530 2059 3687 2116 obsi·

2660 2125 2822 2182 dione
2848 2125 3067 2184 accidit.

2101 2212 2322 2269 Accidit
2361 2214 2637 2271 autemin
2665 2216 2868 2272 eadem
2922 2216 3224 2276 obsidione
3267 2219 3516 2293 dignum
3568 2235 3685 2277 me-

2033 2303 2221 2360 moria
2245 2304 2547 2375 quiddam,
2584 2306 2744 2377 quod
2778 2307 3048 2378 praesenti
3079 2309 3410 2367 curavimus
3442 2309 3680 2369 lectioni

2033 2391 2302 2450 inserere.
2355 2392 2437 2450 De
2481 2395 2779 2452 montibus
2826 2395 3123 2467 Samaria,
3157 2399 3215 2455 in
3274 2399 3488 2471 quibus
3536 2400 3680 2457 urbs

2030 2484 2406 2555 Neapolitana
2426 2484 2540 2541 sita
2558 2490 2667 2554 est,
2691 2486 3081 2557 quorumdam
3104 2488 3583 2547 suburbanorum
3601 2505 3677 2546 re·

2031 2571 2174 2640 guli,
2206 2573 2527 2629 deferentes
2560 2590 2759 2631 secum
2790 2576 2994 2633 exenia
3032 2577 3201 2649 panis
3242 2588 3295 2637 et
3337 2579 3476 2650 vini,
3524 2579 3676 2637 cari-

2032 2677 2234 2717 carum
2287 2678 2516 2734 quoque
2563 2668 2620 2720 et
2665 2680 2784 2721 uvae
2833 2682 3035 2736 passas,
3075 2667 3148 2723 ad
3196 2669 3534 2741 praedictam
3584 2671 3679 2725 de·

2031 2753 2388 2809 scenderunt
2435 2753 2823 2824 obsidionem,
2874 2755 3078 2829 magis,
3134 2762 3196 2814 ut
3250 2759 3568 2829 credimus,
3616 2765 3682 2817 ut

2034 2848 2368 2897 nostrorum
2401 2842 2768 2915 explorarent
2798 2844 2951 2902 vires
2999 2851 3057 2902 et
3106 2846 3577 2918 multitudinem,
3626 2854 3682 2908 et

2031 2929 2103 2987 de
2141 2935 2290 2987 statu
2323 2948 2524 2988 eorum
2557 2932 2788 3005 plenius
2818 2935 3220 2999 edocerentur.
3250 2954 3423 3012 quam
3456 2944 3520 2997 ut
3540 2939 3681 2998 duci

285 3025 553 3084 universa
583 3025 656 3082 ab
687 3023 1026 3082 infidelibus
1056 3028 1116 3080 et
1141 3022 1921 3093 Sarracenisincolebantur3
1954 3055 1998 3122 c
2036 3021 2325 3079 deferrent
2356 3039 2619 3093 munera,
2650 3023 2740 3091 Hi,
2774 3034 3079 3098 postquam
3116 3026 3175 3083 in
3207 3029 3526 3087 exercitum
3556 3046 3681 3103 per·

287 3116 501 3188 quibus
532 3116 800 3171 saeviores
830 3114 1026 3170 hostes
1058 3118 1259 3170 nostro
1291 3131 1402 3171 non
1449 3118 1618 3170 erant
1665 3113 1920 3187 populo;

286 3220 473 3277 eoque
501 3206 723 3277 peJores
752 3220 868 3276 quo
907 3208 967 3260 et
1010 3201 1339 3270 domestici;
1374 3202 1531 3258 nulla
1566 3205 1718 3260 enim
1761 3205 1927 3275 pestis

285 3295 558 3367 eslicam'or
603 3295 683 3351 ad
728 3292 1034 3350 nocendum
1088 3308 1253 3363 quam
1292 3291 1595 3363 saonitiaris
1642 3293 1923 3350 inimicus.

289 3384 358 3441 Hi
387 3401 503 3441 non
541 3382 730 3440 solum
780 3387 1011 3440 nostros
1052 3381 1282 3437 incaute
1319 3381 1650 3453 gradientes
1683 3382 1788 3439 viis
1826 3399 1931 3454 pu-

287 3474 456 3534 blicis
486 3473 912 3532 obtruncabant
940 3475 996 3529 et
1016 3471 1278 3528 hostium
1312 3471 1723 3545 mancipabant
1751 3473 1931 3529 servi-

290 3564 438 3636 tuti;
468 3580 666 3623 verum
695 3563 871 3620 etiam
900 3566 958 3618 et
987 3576 1256 3633 agrorum
1288 3561 1528 3618 culturae
1560 3562 1929 3635 denegabant

286 3664 350 3714 ut
375 3656 528 3713 rame
558 3658 789 3711 nostros
827 3651 1184 3723 affligerent3
1217 3650 1496 3708 malentes
1527 3650 1640 3724 ipsi
1669 3652 1925 3708 esuriem

288 3745 406 3818 pati
450 3761 628 3818 quam
667 3743 901 3811 nostris,
947 3758 1096 3814 quos
1152 3740 1350 3797 hostes
1398 3741 1766 3813 reputabant,
1817 3742 1926 3799 ali-

284 3850 466 3907 quam
499 3834 831 3891 ministrare
861 3831 1366 3888 commoditatem.
1401 3832 1513 3887 Nec
1542 3830 1735 3888 solum
1772 3832 1927 3889 urbi-

284 3925 397 3983 bus
435 3926 678 4000 egressi,
718 3928 1023 3996 suspectas
1063 3923 1357 3981 habebant
1399 3922 1667 3991 semitas;
1714 3940 1920 3981 verum

279 4020 339 4071 et
386 4014 446 4071 in
493 4014 789 4081 domibus,
838 4013 987 4068 inira
1033 4012 1266 4069 urbium
1317 4012 1532 4069 moenia
1571 4012 1923 4075 constitutis.

277 4109 513 4177 propter
541 4103 1001 4162 inhabitantium
1029 4103 1347 4170 raritatem,
1378 4108 1436 4160 et
1473 4104 1702 4176 patulas
1733 4104 1924 4161 hosti-

279 4193 390 4251 bus
448 4209 749 4251 murorum
800 4192 1021 4259 ruinas,
1070 4191 1162 4246 vix
1213 4196 1375 4248 tutus
1423 4194 1822 4251 inveniebatur
1850 4196 1922 4251 ad

280 4279 704 4352 quiescendum
749 4279 932 4336 locus.
979 4280 1256 4336 Nocturni
1308 4282 1463 4338 enim
1519 4283 1691 4354 iures,
1748 4286 1923 4341 urbes

278 4384 489 4425 vacuas
545 4374 736 4426 etraro
767 4367 1087 4424 habitatore
1117 4367 1327 4431 cultas,
1361 4371 1739 4428 clandestinis
1768 4372 1919 4429 irru-

2032 3118 2333 3183 venerunt,
2381 3118 2441 3168 ut
2488 3123 2619 3170 ante
2654 3114 2860 3171 ducem
2909 3114 3443 3187 introducerentur,
3487 3135 3679 3193 cmpe-

2033 3204 2171 3255 runt
2199 3200 2484 3256 instanter
2513 3200 2849 3272 postulare:
2883 3202 2941 3258 in
2984 3203 3154 3274 quus
3192 3205 3492 3263 constituti
3538 3224 3673 3282 pris·

2033 3289 2247 3357 sentia,
2277 3289 2617 3347 obtulerunt
2645 3291 2887 3348 donaria
2930 3309 3055 3363 quas
3086 3310 3283 3351 secum
3315 3294 3672 3357 detulerant.

2035 3378 2162 3434 Dux
2192 3385 2409 3450 autem,
2440 3379 2592 3436 sicut
2618 3380 2705 3437 vir
2736 3380 2979 3438 humilis
3017 3388 3143 3440 erat
3185 3388 3244 3440 et
3271 3385 3471 3442 soeculi
3506 3403 3680 3460 pom-

2035 3484 2169 3540 pam
2226 3468 2463 3525 omnino
2513 3468 2832 3541 declinans,
2882 3487 3056 3543 super
3114 3489 3345 3531 saccum
3396 3476 3681 3534 stramine

2037 3558 2296 3631 plenum,
2331 3559 2496 3616 humi
2524 3559 2799 3631 positum,
2832 3561 3145 3631 residebat;
3166 3579 3306 3619 suos
3330 3572 3680 3638 exspectans

2036 3663 2182 3719 quos
2210 3648 2551 3720 pabulatum
2582 3648 2874 3709 emiserat.
2906 3650 3066 3715 Quod
3100 3652 3394 3711 intuentes
3432 3654 3546 3728 illi,
3577 3658 3679 3713 ad-

2035 3738 2340 3796 miratione
2376 3738 2615 3811 stupidi,
2665 3739 3019 3812 quaesierunt
3063 3758 3165 3797 cur
3193 3748 3381 3800 tantur
3406 3746 3677 3821 princeps,

2034 3835 2226 3885 ettam
2270 3828 2620 3886 admirabilis
2658 3830 2937 3899 dominus,
2988 3832 3086 3903 qui
3130 3832 3200 3889 ab
3246 3832 3539 3893 Occidente
3583 3853 3679 3894 ve-

2032 3921 2212 3987 niam,
2244 3923 2412 3976 totum
2459 3929 2804 3977 concusserat
2850 3921 3127 3978 Orientem
3176 3927 3227 3979 et
3272 3938 3513 3998 requam
3559 3943 3681 3984 ma·

2029 4011 2249 4067 :cimam
2292 4012 2354 4066 iu
2394 4027 2567 4066 manu
2604 4009 2790 4067 valida
2833 4020 3207 4083 occupaverat,
3239 4015 3324 4071 ita
3348 4015 3561 4075 eederet
3588 4020 3676 4075 in·

2029 4099 2261 4173 qlorius,
2315 4107 2377 4155 ut
2426 4117 2603 4172 neque
2648 4103 2876 4174 tapetia,
2909 4117 3082 4174 neque
3113 4101 3419 4163 holoserica
3444 4108 3593 4163 circa
3621 4125 3679 4165 sc

2031 4206 2182 4248 more
2225 4190 2449 4248 haberet
2496 4177 2677 4261 rcsqio;
2727 4208 2827 4249 ncc
2853 4190 3087 4263 stipatus
3114 4194 3449 4256 satellitibus
3472 4214 3678 4255 arma-

2031 4282 2121 4350 tis,
2153 4281 2568 4352 formidabilem
2595 4297 2653 4338 sc
2697 4282 2964 4353 proebcrct
3004 4284 3401 4342 accedentibus.
3444 4287 3676 4353 Quibus

2030 4370 2112 4427 ita
2142 4372 2685 4441 percunctantibus,
2716 4371 2987 4444 quaesivit
3045 4374 3161 4430 dux
3204 4375 3341 4447 quid
3371 4376 3676 4449 loqueren-

275 4457 577 4531 ptionibus
597 4456 996 4528 effringebant,
1019 4456 1078 4511 in
1103 4458 1354 4529 propriis
1377 4458 1687 4516 domiciliis
1706 4461 1919 4517 multos
1951 4439 1995 4504 D
2029 4464 2154 4530 tur;
2186 4476 2303 4532 quo
2335 4463 2588 4533 cognito,
2622 4462 2956 4533 respondit:
3003 4462 3160 4532 Quod
3209 4464 3417 4521 homini
3442 4467 3675 4525 mortali

272 4547 706 4621 opprimentes:
742 4545 895 4602 unde
926 4544 1196 4603 nonnulli
1216 4544 1391 4613 clam,
1414 4546 1581 4602 multi
1604 4549 1778 4605 etiam
1805 4566 1919 4607 ma·
2025 4550 2280 4622 sufficere
2308 4552 2504 4608 merito
2534 4555 2675 4606 terra
2698 4567 2798 4623 pro
2825 4551 2948 4607 sede
2997 4554 3291 4627 temporali
3314 4559 3557 4628 poterat,
3578 4557 3673 4613 cui

266 4635 474 4694 nifeste
502 4634 906 4710 possessiones
935 4650 1085 4708 quas
1129 4632 1521 4706 acquisierant
1557 4636 1913 4707 deserentes,
2020 4648 2142 4715 post
2173 4646 2402 4698 mortem
2428 4647 2752 4713 perpetuum
2798 4641 3151 4699 domicilium
3201 4646 3279 4700 cst
3320 4649 3669 4718 proestitura.

266 4726 697 4783 revertebantur
742 4724 817 4781 ad
861 4722 1139 4798 propria;
1200 4723 1546 4781 arbitrantes
1593 4727 1742 4797 quod
1797 4742 1917 4784 una
2021 4732 2182 4797 Quod
2242 4732 2548 4787 audientes
2593 4731 2694 4802 qui
2744 4730 2931 4804 gratia
2972 4733 3241 4790 tentandi
3269 4742 3667 4808 accesserant,

263 4815 359 4873 die
385 4814 445 4871 hi
475 4816 571 4886 qui
619 4814 867 4888 patriam
897 4815 1047 4870 tueri
1070 4811 1427 4880 nitebantur,
1445 4813 1915 4886 opprimerentur
2021 4821 2381 4878 admirantes
2411 4818 2519 4875 viri
2563 4836 2934 4893 responsum,
2984 4821 3375 4880 humilitatem
3424 4830 3484 4882 et
3533 4843 3670 4898 pru·

265 4903 338 4960 ab
370 4903 655 4974 hostibus,
685 4908 744 4960 et
773 4919 887 4960 non
918 4906 1073 4960 esset
1102 4901 1201 4973 qui
1232 4917 1334 4958 eos
1364 4902 1437 4958 ab
1457 4902 1909 4963 imminentibus
2020 4910 2297 4979 dentiam,
2348 4909 2619 4966 abierunt
2673 4910 2963 4967 dicentes:
2991 4910 3131 4981 Quia
3161 4927 3281 4969 vcro
3310 4913 3399 4971 hic
3420 4924 3522 4986 cst,
3572 4918 3670 4989 qui

264 4990 531 5049 cladibus
583 5000 774 5063 posset
820 5007 1041 5050 eruere.
1093 4991 1163 5048 Hi
1211 5007 1451 5048 causam
1501 4992 1691 5050 edicto
1740 4995 1910 5053 dede-
2017 5000 2299 5057 universas
2331 5001 2579 5069 regiones
2606 4999 2797 5056 debeat
2824 5015 3182 5071 expuqnarc:
3227 5009 3283 5059 ct
3309 5004 3407 5061 cui
3450 5006 3669 5077 reposi-

260 5087 423 5152 ruut,
476 5086 542 5139 ut
596 5098 790 5140 annua
849 5081 1205 5155 praescriptio
1263 5081 1456 5140 locum
1546 5083 1787 5141 haberet
1851 5089 1910 5143 et
2021 5098 2138 5147 tum
2176 5094 2254 5146 cst
2279 5089 2345 5145 dc
2374 5091 2506 5145 vitae
2536 5087 2752 5152 merito,
2785 5089 3002 5160 populis
3028 5097 3085 5147 ct
3112 5092 3433 5150 nationibur
3451 5096 3666 5165 princi·

257 5189 459 5233 eorum
492 5174 707 5231 foveret
737 5178 948 5247 partes,
998 5174 1097 5245 qui
1132 5173 1189 5229 in
1226 5172 1599 5231 tribulatione
1642 5190 1907 5247 perseve·
2010 5182 2156 5252 pari.
2216 5178 2573 5234 Mirabantur
2611 5182 2668 5233 et
2696 5177 2980 5236 timebant
3026 5179 3239 5252 pariter
3277 5181 3662 5242 finitimarum

254 5271 449 5324 rantes
481 5284 581 5339 per
611 5281 830 5323 annum
874 5271 932 5321 et
965 5265 1118 5321 diem
1153 5263 1470 5338 tranquille
1500 5270 1557 5322 et
1584 5265 1713 5323 sine
1743 5283 1904 5339 quae·
2014 5267 2376 5324 habitatores
2425 5266 2754 5338 regionum,
2800 5268 3087 5340 peregrini
3116 5269 3383 5326 virtutem
3416 5277 3476 5329 et
3522 5289 3666 5331 suc-

257 5361 446 5418 stione
475 5360 699 5433 aliquid
734 5357 1131 5432 possederant.
1162 5357 1327 5423 Quod
1358 5356 1756 5416 introductum
1788 5365 1901 5433 est,
2012 5373 2246 5415 cessum
2301 5354 2528 5428 populi;
2561 5371 2745 5427 eoque
2774 5356 2834 5413 in
2886 5358 3167 5429 maiorem
3197 5359 3577 5432 rapiebantur
3602 5369 3666 5422 et

265 5451 332 5505 ut
360 5449 761 5521 prediximus,
791 5445 1175 5506 odioillorum
1193 5446 1292 5519 qui
1314 5448 1543 5506 timoris
1563 5464 1741 5508 causa
1761 5466 1901 5509 suas
2010 5448 2457 5506 admirationem
2487 5449 2545 5502 et
2592 5450 2837 5515 metum,
2882 5463 2994 5518 quo
3043 5446 3165 5505 baso
3212 5466 3459 5508 suorum
3509 5452 3664 5512 rela-

261 5536 619 5609 reliquerant
665 5534 1090 5609 possessiones,
1137 5551 1209 5594 ne
1248 5542 1375 5607 post
1402 5551 1620 5596 annum
1649 5543 1898 5600 redeun-
2007 5537 2186 5608 tione,
2217 5536 2432 5612 quibus
2465 5535 2716 5609 amplius
2765 5536 2998 5596 credere
3027 5538 3397 5606 tenebantur.
3435 5557 3661 5617 cogno-
