3784 6000
214 202 332 265 163
1272 191 1611 256 ARNULF'I
1657 190 2170 255 LEXOVIENSIS
2211 188 2563 255 EPISCOPI
3498 199 3621 261 164

210 335 490 392 hominem
534 331 844 386 venientem
890 329 950 383 in
1001 326 1149 384 hanc
1182 325 1457 383 mundum
1482 330 1511 382 ?
1557 327 1739 399 (Ioan.
1791 327 1856 399 1).
1885 341 1943 407 Α
1971 329 2181 399 sactum
2205 335 2283 384 ese
2312 329 2499 401 (loun.
2533 328 2594 400 1).
2626 329 2738 384 Sed
2768 330 3040 386 ettotam
3078 345 3291 404 corpus
3335 333 3612 394 Ecclesiae

211 425 336 479 Lux
356 420 579 478 scilicet
601 423 906 493 perpetua,
929 432 1060 491 quae
1079 417 1301 474 lucebit
1321 417 1558 486 sanctis,
1580 416 1702 486 Dei,
1724 416 1860 490 quia
1970 417 2181 490 spiritu
2212 415 2420 473 Christi
2451 420 2753 490 vegetatur
2779 420 2836 474 et
2863 418 3100 491 regitur.
3149 419 3475 481 Prudenter
3509 441 3615 483 ne-

206 512 499 587 fulqebunt
547 509 689 567 sicut
739 509 821 565 sol
902 509 961 562 in
1030 523 1191 580 rayno
1249 506 1434 563 Patri-5
1479 507 1596 579 ejus
1648 506 1857 580 (Maelii.
1969 507 2188 579 gotiata
2245 509 2336 563 est
2390 504 2669 574 Ecclesia,
2731 522 2962 565 carnem
3010 509 3191 579 dedit,
3230 518 3294 568 ut
3316 513 3609 586 acciperet

207 610 352 672 xm).
384 601 494 657 Sed
527 607 581 656 et
625 598 872 655 thronus
919 596 1070 669 ejus,
1102 596 1257 653 sicut
1310 596 1398 653 sol
1436 595 1495 652 in
1544 601 1859 670 conspectu
1969 594 2269 669 spiritum,
2300 601 2360 652 et
2388 594 2514 668 ipse
2541 594 2871 653 animatum
2893 612 3106 669 corpus
3136 614 3466 671 assumens,
3498 602 3619 662 lar-

208 691 425 749 Patris.
451 690 666 746 Revera
697 688 798 744 tax
827 694 930 757 est,
959 690 1011 744 et
1043 688 1215 743 lucem
1239 686 1533 743 lababunt.
1560 686 1672 742 Sed
1705 687 1857 743 inter
1966 683 2124 757 gitus
2142 688 2235 742 est
2260 684 2435 741 nobis
2456 700 2623 742 suam
2655 685 2952 742 deitatem.
2994 687 3205 746 Foedus
3237 689 3347 747 hoo
3375 691 3435 748 in
3469 709 3616 767 per-

207 796 314 837 nos
337 784 396 837 et
419 779 609 836 lucem
630 777 796 834 illam
841 776 912 833 ad
962 791 1222 848 pressans
1270 775 1457 832 nubes
1510 774 1856 849 interposita
1964 789 2110 829 sona
2138 772 2353 831 Christi
2382 773 2745 830 celebratum
2777 783 2884 847 est,
2923 777 3156 848 quando
3203 777 3424 840 scilicet
3478 798 3614 841 cum

205 873 318 938 est,
350 885 475 941 quae
506 884 619 926 non
653 866 943 941 permittit
965 882 1074 922 nos
1114 881 1237 922 eam
1291 864 1541 937 perfecte
1586 863 1679 919 his
1706 878 1853 936 quoe
1964 863 2335 922 humanitate
2366 863 2663 932 divinitas,
2712 869 2769 922 et
2802 882 2936 923 cum
2987 867 3282 927 divinitate
3335 874 3608 932 convenit

214 959 387 1016 modo
439 958 726 1015 habemus
749 954 933 1013 oculis
954 953 1192 1022 intueri,
1223 954 1342 1010 imo
1366 954 1554 1023 :nobis
1588 954 1756 1011 nubes
1801 956 1853 1010 et
1961 953 2318 1010 humanitas.
2349 953 2657 1027 sponsalia
2688 954 2811 1012 haec
2839 954 3081 1025 ibidem,
3110 960 3455 1019 auctoritate
3501 963 3612 1021 Pa·

204 1048 386 1119 caliqo
417 1050 478 1104 in
524 1047 765 1103 circuitu
792 1046 912 1118 ejus
955 1045 1125 1117 (Psal.
1147 1043 1318 1116 xcvi).
1358 1043 1607 1100 Videmus
1652 1047 1849 1099 tamen
1959 1043 2063 1099 tris
2093 1047 2150 1099 et
2179 1043 2363 1100 sancti
2387 1043 2637 1116 Spiritus
2667 1042 3115 1104 obumbratione
3161 1048 3390 1108 firmata
3431 1057 3600 1110 sunt.

204 1137 597 1210 aliquatenus,
630 1136 731 1193 sed
775 1151 877 1207 per
902 1133 1203 1207 speculum,
1236 1133 1333 1189 sed
1364 1135 1423 1187 in
1474 1131 1771 1202 aeniqmate
1798 1132 1847 1204 (1
1961 1130 2074 1189 Nec
2103 1132 2259 1188 enim
2295 1132 2486 1189 adhuc
2506 1133 2618 1189 nisi
2653 1134 2952 1207 sponsalia
2980 1141 3140 1206 sunt,
3173 1141 3436 1198 nondum
3465 1141 3609 1202 cele·

206 1227 330 1285 Cor.
363 1229 510 1299 xm),
542 1226 641 1282 sed
664 1224 1025 1297 interpositis
1045 1221 1466 1293 corporalibus,
1498 1222 1847 1278 instrumen·
1958 1221 2135 1277 hratae
2167 1229 2304 1278 sunt
2345 1222 2583 1294 nuptiae,
2639 1224 2903 1280 nondum
2958 1226 3402 1287 matrimonium
3457 1247 3610 1289 oon-—

198 1317 298 1375 tis.
330 1314 595 1373 visibilia
626 1315 781 1372 enim
813 1331 940 1385 quaa
968 1314 1040 1370 ab
1071 1313 1194 1384 ipso
1241 1317 1435 1369 creata
1483 1315 1645 1382 sunt,
1678 1311 1847 1385 quasi
1957 1314 2345 1367 summatum.
2379 1310 2553 1369 Porro
2583 1312 3038 1385 compl0b¹¹¹³¹⁰r
3067 1317 3267 1375 Omni&
3288 1316 3349 1375 5¹³
3382 1318 3606 1391 fllium·

203 1406 531 1481 ,peculum
566 1404 735 1479 quasi
769 1404 1166 1461 instrumenta
1193 1401 1363 1460 nobis
1391 1406 1551 1470 sunt,
1586 1417 1689 1475 per
1717 1418 1846 1474 quoe
1957 1414 2093 1455 cum
2136 1415 2387 1471 sponsus
2442 1399 2759 1468 advenerit,
2809 1405 2867 1458 et
2921 1401 3225 1463 intrabunt
3272 1407 3375 1481 qui
3416 1410 3608 1482 parati

201 1495 632 1568 quodammodo
663 1492 961 1568 possimus
991 1492 1175 1565 ipsius
1222 1491 1544 1549 invisibilia
1581 1497 1848 1549 contem·
1955 1488 2177 1545 inventi
2237 1489 2455 1546 fuerint
2525 1505 2658 1547 cum
2715 1491 2844 1565 ipso
2891 1493 2962 1549 ad
3007 1496 3264 1568 nuptias,
3333 1495 3609 1570 imparati

203 1584 372 1659 plari.
407 1581 730 1641 invisibilia
761 1581 1048 1655 siquidem
1096 1581 1224 1654 ejus
1273 1598 1375 1655 per
1419 1597 1488 1638 ea
1535 1598 1662 1654 quae
1696 1581 1843 1638 facta
1956 1577 2180 1635 foribus
2210 1578 2611 1639 excludentur.
2642 1581 2747 1646 Qui
2781 1597 2916 1640 vero
2954 1583 3024 1640 ad
3060 1583 3195 1656 agni
3227 1586 3462 1658 nuptias
3484 1588 3610 1645 fue-

203 1678 365 1745 sunt,
406 1673 478 1730 ab
498 1690 563 1732 eo
586 1672 1049 1745 conspiciuntur.
1084 1670 1424 1727 Videbimus
1470 1678 1686 1737 autem,
1723 1669 1844 1726 Deo
1957 1667 2071 1724 rint
2101 1668 2443 1736 introducti,
2476 1668 2556 1725 ibi
2589 1668 2986 1742 epulabuntur
3016 1673 3075 1728 in
3114 1679 3431 1748 conspectu
3453 1677 3607 1750 ejus,

201 1763 455 1833 volente,
480 1763 793 1837 perfectius
824 1761 883 1817 in
909 1762 1123 1829 futuro,
1149 1758 1692 1833 quandovidebimm
1721 1775 1846 1816 eum
1882 1718 1924 1782 B
1955 1754 2033 1811 ibi
2067 1754 2511 1815 delectabuntur
2532 1759 2588 1813 in
2623 1756 2823 1815 laetitia
2873 1759 3046 1832 (Psat.
3080 1762 3272 1836 nvn),
3333 1765 3432 1821 ubi
3487 1767 3611 1823 ine-

202 1852 366 1908 sicuii
395 1857 478 1908 est
504 1853 555 1924 (1
580 1853 737 1908 Ιοαη.
774 1850 881 1921 ιιι),
912 1851 1148 1922 quando
1175 1863 1593 1918 cognoscemus
1613 1847 1768 1904 sicut
1795 1850 1853 1904 et
1955 1844 2289 1901 briabuncur
2337 1847 2406 1902 ab
2482 1845 2729 1904 abertate
2787 1847 2979 1904 domus
3026 1850 3160 1922 eJus,
3209 1851 3291 1908 ibi
3339 1860 3598 1911 torrente

205 1941 420 2014 cogniti
443 1956 675 2004 sumus,
702 1940 936 2012 quando
957 1936 1175 1996 scilicet
1203 1953 1397 2010 regem
1419 1937 1480 1994 in
1504 1937 1712 1996 decore
1742 1953 1850 1994 suo
1955 1934 2248 2006 voluptatis
2301 1951 2413 1991 suae
2466 1937 2675 2009 potabit
2730 1951 2819 1994 eor
2848 1936 3019 2011 (Psat.
3086 1941 3277 2011 xxxv).
3342 1942 3428 1998 lbi
3502 1944 3609 2015 qui

200 2029 485 2088 videbunt
509 2029 660 2086 oculi
709 2028 917 2094 nostri,
966 2028 1198 2100 quando
1228 2026 1786 2084 transformabimur
1812 2042 1847 2083 a
1960 2024 2134 2081 modo
2162 2027 2327 2082 vacui
2357 2033 2514 2096 sunt,
2542 2025 3005 2101 replebunturin
3028 2028 3194 2088 bonis
3232 2032 3442 2090 domus
3472 2034 3603 2106 ejus

196 2120 461 2178 claritate
492 2119 552 2175 in
583 2117 932 2188 claritatem,
964 2118 1116 2175 sicut
1163 2134 1198 2174 a
1249 2116 1470 2174 Domini
1520 2117 1723 2188 spiritu
1773 2116 1847 2186 (n
1959 2112 2138 2185 (Prae.
2160 2117 2332 2186 cxiv),
2364 2119 2423 2171 et
2449 2117 2551 2188 qui
2592 2118 2796 2174 inanes
2819 2119 3231 2176 satianbuntur
3259 2122 3431 2192 (Psoi.
3461 2129 3601 2198 cvi),

195 2208 323 2268 Cor.
365 2209 476 2282 ιιι).
509 2208 673 2273 Quod
709 2207 849 2264 mihi
882 2207 1111 2264 videtur
1135 2207 1496 2263 desiderasse
1539 2205 1843 2278 Propheta,
1960 2205 2234 2274 quoniam
2306 2206 2604 2277 apparebit
2670 2206 2849 2277 gloria
2898 2207 3028 2278 ejus
3076 2210 3256 2281 (Psat.
3324 2213 3461 2283 xvi).
3518 2213 3604 2271 Ibi

195 2315 331 2356 curn
355 2299 573 2354 diceret
606 2313 618 2351 :
655 2296 881 2366 Quando
929 2299 1161 2360 veniam,
1193 2303 1241 2352 et
1288 2294 1557 2367 apparebo
1586 2298 1717 2352 ante
1755 2296 1844 2365 la·
1958 2309 2177 2365 sponsa
2206 2309 2479 2351 coronam
2512 2294 2779 2368 accipiet,
2813 2312 2992 2368 quam
3022 2297 3074 2355 ei
3124 2297 3412 2357 Dominus
3460 2318 3602 2375 pro·

196 2388 332 2445 ciem
355 2387 622 2444 Domini?
654 2386 828 2457 (Psal.
861 2387 1005 2457 nn)
1035 2385 1199 2457 quasi
1230 2384 1446 2441 diceret
1480 2401 1493 2440 ε
1525 2382 1705 2440 Video
1737 2383 1846 2440 ali-
1955 2384 2182 2455 paravit
2236 2382 2296 2439 in
2360 2387 2667 2442 eternum.
2715 2383 2877 2442 Unde
2918 2387 3092 2444 etiam
3151 2389 3351 2462 regina
3409 2392 3601 2449 vocari

198 2476 574 2551 quantulum,
608 2478 711 2531 sed
745 2476 975 2547 objecta
1005 2479 1096 2532 est
1127 2474 1266 2530 mihi
1297 2474 1501 2543 nubes,
1534 2472 1846 2547 interposi·
1957 2472 2140 2544 digna
2169 2481 2273 2529 est.
2306 2474 2441 2530 lure
2490 2473 2545 2528 id
2599 2473 2856 2546 quidem,
2918 2477 3197 2547 quoniam
3245 2495 3467 2552 sponsa
3507 2484 3597 2538 est

192 2571 320 2623 tum
340 2563 558 2633 velum,
591 2580 707 2621 non
729 2563 895 2620 video
913 2562 1027 2620 nisi
1048 2563 1407 2634 interpositis
1438 2562 1842 2635 corporalibus
1954 2562 2110 2632 regis
2144 2577 2157 2615 :
2189 2560 2451 2618 Chri-‘’fflfl
2482 2563 2637 2619 essim
2668 2578 2767 2619 ‘0¹
2782 2567 2890 2635 0⁸t»
2913 2566 3231 2639 ⁰⁰J⁰⁸iP⁸⁸
3251 2584 3467 2641 8901184ι
3481 2574 3599 2640 08²·

191 2655 623 2714 instrumentis.
654 2653 874 2711 Vellem
899 2653 1020 2710 haec
1051 2652 1251 2710 omnia
1271 2652 1573 2720 removeri,
1601 2657 1661 2710 ut
1684 2652 1845 2710 vide·
1950 2654 2118 2705 etrex
2146 2654 2203 2706 et
2234 2651 2392 2707 fitius
2416 2651 2590 2722 regis.
2619 2651 2743 2709 Non
2780 2653 2948 2710 habet
3019 2670 3263 2728 regnum
3296 2658 3597 2717 fortuitum

193 2760 318 2803 rem
351 2745 498 2803 facie
528 2745 600 2801 ad
644 2743 876 2813 faeiem,
918 2746 976 2800 et
1029 2749 1330 2816 appareret
1377 2741 1523 2798 mihi
1576 2741 1842 2798 Christus
1952 2739 2053 2795 sed
2094 2739 2547 2808 haereditarium,
2610 2740 2749 2814 quia
2796 2743 2864 2799 de
2914 2747 3118 2815 patre:
3178 2745 3329 2803 Deus
3376 2749 3588 2822 inquit,

189 2835 310 2892 vita
336 2851 485 2902 mea,
518 2837 576 2891 et
606 2850 711 2908 ego
756 2849 1100 2907 apparerem
1160 2849 1293 2889 cum
1343 2831 1474 2906 ipso
1523 2832 1584 2889 in
1632 2830 1838 2904 gloria,
1942 2828 2233 2901 judicium
2267 2834 2429 2886 tuum
2460 2831 2580 2903 regi
2606 2831 2704 2901 da,
2728 2840 2781 2886 et
2796 2832 3075 2902 justitiam
3098 2838 3257 2892 tuam
3280 2834 3399 2895 filio
3425 2838 3593 2912 regis.

195 2927 361 2994 Item,
387 2923 599 2981 dilecta
651 2923 888 2985 dicitur,
931 2923 1063 2996 quia
1121 2921 1312 2995 diligit
1357 2927 1415 2978 et
1457 2921 1607 2994 ipsa,
1653 2936 1844 2992 neque
1948 2919 2032 2974 Ad
2067 2918 2289 2975 Patrem
2310 2917 2571 2991 loquitur
2601 2936 2615 2977 :
2648 2925 2824 2982 Deus,
2857 2920 3067 2994 inquit,
3120 2926 3289 2983 Pater
3324 2925 3399 2984 da
3446 2928 3593 3003 regi,

193 3015 350 3071 enim
382 3013 745 3087 diligeretur,
780 3013 893 3071 nisi
916 3012 1199 3086 diligeret,
1231 3013 1358 3085 ipse
1387 3012 1542 3069 enim
1576 3010 1842 3068 nisidili-
1954 3008 2010 3064 id
2035 3013 2125 3065 est
2145 3008 2379 3066 Christo
2403 3008 2546 3065 Filio
2578 3008 2663 3066 tui
2695 3010 2847 3084 regis
2868 3010 3091 3069 scilicet
3110 3013 3211 3087 qui
3233 3030 3331 3072 rex
3349 3017 3597 3088 es,1udi-

193 3108 400 3176 gentes
431 3119 494 3162 se
525 3121 640 3161 non
673 3104 896 3176 deligit.
929 3104 1058 3175 Epo,
1092 3102 1306 3175 inquit,
1329 3102 1625 3174 diiiqentes
1652 3115 1739 3158 me
1758 3099 1842 3156 di·
1870 3074 1913 3141 C
1952 3097 2108 3154 cium
2132 3102 2189 3154 et
2219 3096 2535 3170 justitiam,
2569 3099 2885 3171 potentiam
2944 3101 3164 3159 scilicet
3187 3107 3243 3159 et
3283 3105 3590 3165 scientiam

192 3192 672 3265 liqoffromviu).
699 3192 977 3248 Proevenit
998 3197 1194 3249 tamen
1218 3190 1839 3265 diligend0,quoniam
1943 3188 2268 3261 judicandi.
2325 3189 2555 3246 lustitia
2622 3192 2769 3247 enim
2817 3194 2869 3246 et
2914 3192 3209 3264 J‘adicium,
3263 3200 3594 3267 praeparatio

184 3281 308 3353 ipse
340 3281 501 3353 prior
531 3281 738 3337 dilexit
771 3297 899 3348 nos,
933 3280 1033 3338 sed
1065 3282 1134 3336 ad
1167 3280 1277 3337 hoc
1308 3280 1520 3352 diligit,
1554 3284 1619 3336 ut
1668 3279 1840 3335 faciat
1946 3277 2095 3334 sedis
2133 3278 2247 3349 ejus
2278 3276 2458 3349 (Psal.
2491 3280 2775 3351 nxxxvm).
2808 3279 2871 3335 In
2904 3279 2997 3337 his
3026 3282 3309 3354 siquidem
3358 3285 3591 3345 duobus

186 3369 519 3443 diligentes.
555 3368 677 3425 Nisi
706 3370 863 3426 enim
895 3370 991 3442 qui
1024 3369 1288 3441 diligitur
1328 3372 1535 3425 mutua
1580 3369 1633 3425 ei
1691 3366 1834 3423 dile·
1946 3367 2206 3423 consistit
2236 3371 2352 3424 tota
2382 3367 2552 3439 regiae
2583 3367 2906 3440 majestatis
2956 3372 3293 3443 auctoritas,
3324 3373 3467 3446 quia
3486 3376 3591 3448 ju-

191 3458 383 3516 ctione
441 3459 811 3532 respondeat,
861 3457 1069 3516 divinae
1136 3465 1434 3515 revocatur
1505 3456 1835 3514 dilectionis
1943 3455 2161 3512 dicium
2185 3472 2282 3530 per
2303 3457 2671 3513 severitatem
2696 3459 2967 3530 potentiae
2985 3458 3261 3531 vindicat,
3284 3479 3411 3534 quae
3436 3464 3587 3523 male

195 3549 456 3607 affectus.
481 3552 698 3606 Verum
730 3552 950 3621 quanta
978 3548 1131 3605 inter
1158 3546 1356 3621 ipsum
1395 3555 1450 3604 et
1495 3545 1833 3620 diligentem
1943 3546 2256 3602 commissa
2275 3549 2415 3601 sunt
2451 3550 2695 3614 coercet,
2730 3561 2801 3602 ne
2854 3546 3067 3604 iterum
3117 3551 3581 3610 committantur.

186 3655 250 3696 se
279 3638 569 3696 discurrat
590 3637 823 3696 alternis
855 3636 1162 3695 charitatis
1192 3636 1442 3708 affectio,
1465 3636 1700 3694 difficile
1734 3652 1833 3692 no·
1940 3632 2114 3690 Punit
2162 3634 2455 3706 siquidem
2505 3649 2798 3704 excessus,
2847 3639 2906 3693 et
2936 3637 3194 3695 refrenat
3249 3639 3579 3701 audaciam.

188 3727 305 3800 his,
335 3726 452 3784 imo
504 3726 867 3800 impossibiie
916 3733 1006 3784 est
1041 3725 1349 3800 explicare,
1402 3726 1681 3800 quoniam
1724 3740 1831 3783 nec
1936 3723 2173 3780 lustitia
2203 3739 2333 3781 vero
2362 3740 2466 3797 per
2503 3723 2912 3782 discretionem
2963 3727 3218 3784 scientiis
3265 3728 3466 3803 dirigit
3521 3736 3579 3789 et

184 3815 375 3888 ipsius
406 3816 706 3874 Salomnis
755 3816 1044 3890 sapientia
1072 3816 1129 3873 id
1165 3816 1415 3889 perfecte
1459 3814 1629 3874 nobis
1657 3831 1825 3873 enar-

180 3921 310 3962 rare
343 3905 553 3978 potuit,
588 3904 722 3962 licet
768 3904 1221 3978 diligentissime
1261 3905 1436 3963 fuerit
1483 3908 1826 3978 prosecutus

178 3993 327 4050 inter
348 4011 446 4052 eos
477 3995 646 4051 modo
667 3995 1005 4068 complexus
1025 4000 1081 4053 et
1109 3994 1332 4065 oscula,
1360 3995 1531 4053 modo
1560 3998 1825 4053 aromata

176 4084 570 4155 etunguenta‚
589 4083 1115 4156 modolanguorem
1140 4085 1406 4158 spiritus,
1429 4085 1599 4143 modo
1612 4084 1820 4142 animae

178 4169 489 4240 defectum,
515 4171 686 4227 modo
719 4171 1030 4229 ferventem
1048 4174 1293 4230 curiosas
1310 4172 1701 4230 aemulationis
1731 4190 1816 4231 ze-

175 4259 324 4328 lum,
342 4259 510 4316 modo
532 4258 842 4315 delicatum
860 4263 1070 4317 teneras
1088 4262 1517 4335 compassionis
1529 4264 1818 4319 affectum.

176 4347 1823 4425 Quaeomniamihisatisestbreviterattigisse,quiareligio

1932 3811 2232 3869 informat.
2268 3812 2551 3870 Informat
2582 3813 2652 3870 ad
2676 3812 3189 3890 virtutem,dirigit
3204 3817 3276 3874 ad
3302 3818 3573 3877 salutem.

1933 3902 2104 3960 Pater
2134 3902 2334 3975 itaque
2372 3919 2471 3959 rex
2499 3907 2610 3973 est,
2634 3908 2692 3959 et
2732 3904 2916 3961 Filius
2966 3921 3063 3963 rex
3112 3913 3220 3964 est.
3255 3908 3423 3966 Pater
3479 3927 3580 3969 rex

1932 3992 2004 4051 ab
2018 3998 2255 4061 zeter-no,
2273 3991 2454 4048 Filius
2469 3992 3187 4052 nihilominussecundum
3212 3996 3577 4060 divinitatem

1930 4099 2033 4139 rex
2063 4082 2135 4140 ab
2166 4090 2392 4139 aeterno.
2425 4081 2606 4139 Unius
2649 4082 3035 4157 ejusdemque
3077 4085 3241 4158 regni
3274 4089 3417 4154 [non
3457 4090 3580 4147 duo

1934 4189 2117 4246 reges,
2165 4173 2265 4229 sed
2312 4189 2466 4228 unus
2523 4189 2641 4230 rex.
2698 4171 2969 4231 Christus
3008 4184 3196 4232 autem
3248 4178 3576 4236 secundum

1933 4262 2365 4320 humanitatem
2389 4279 2487 4319 rex
2510 4262 2692 4321 factus
2720 4267 2899 4321 estex
2933 4269 3210 4337 tempore,
3231 4270 3289 4324 et
3318 4266 3581 4327 Ecclesia

1934 4353 2195 4423 eiusdem
2223 4353 2385 4426 regni
2415 4351 2617 4426 regina
2643 4353 2964 4411 constituta
2991 4358 3078 4412 est
3108 4370 3241 4413 cum
3275 4357 3422 4430 ipso.

173 4440 364 4491 vestra
377 4435 1828 4514 haecintravosmetipsospleniusperipsaspiritua·
1855 4444 1901 4508 D
2005 4444 2215 4512 Astieit,
2247 4443 2463 4516 inquit,
2493 4447 2693 4517 reqina
2720 4460 2754 4501 a
2783 4444 2991 4501 dextris
3018 4445 3132 4503 tuis
3178 4445 3354 4518 (Paul.
3397 4451 3576 4507 κων).

173 4523 305 4580 liter
319 4526 720 4598 experimenta
731 4527 1018 4600 cognovit.
1036 4528 1298 4584 Tertium
1323 4544 1534 4585 nomen
1556 4530 1816 4602 estquod

169 4615 497 4688 posuimus,
521 4616 676 4689 quod
699 4632 919 4688 sponsa
935 4616 1167 4673 dicitur.
1201 4615 1370 4674 Nullo
1410 4616 1524 4675 alio
1580 4618 1817 4676 nomine

174 4704 542 4765 manifestius
565 4705 807 4779 exprimi
839 4706 1028 4778 potuit
1058 4707 1204 4763 inter
1242 4722 1341 4764 eos
1385 4716 1816 4766 sacramentum

170 4794 435 4866 unitatis,
469 4803 525 4854 et
553 4797 796 4854 sincerae
818 4796 1094 4870 perfectio
1127 4796 1452 4855 charitatis.
1485 4798 1618 4863 Quae
1656 4798 1814 4856 enim

170 4884 362 4940 verior
391 4884 588 4943 unitas
614 4891 667 4942 et
702 4886 961 4945 charitas
989 4890 1079 4943 est
1111 4903 1287 4958 quam
1335 4888 1485 4944 duos
1533 4887 1593 4944 in
1641 4903 1815 4946 carne

169 4988 288 5028 una
320 4973 463 5043 fieri,
493 4980 549 5032 et
578 4976 735 5047 ipsos
767 4993 883 5035 uno
913 4977 1237 5049 eodemque
1266 4976 1479 5049 spiritu
1520 4978 1816 5051 vegetari?

171 5059 456 5123 Quoniam
487 5062 613 5134 ipse
643 5062 713 5119 ab
763 5065 920 5121 eain
969 5064 1248 5122 unitatem
1297 5066 1558 5137 eiusdem
1598 5066 1810 5136 carnis,

168 5151 225 5205 et
264 5150 393 5222 ipsa
421 5149 493 5206 ab
530 5166 596 5206 eo
622 5151 680 5206 in
714 5153 992 5210 unitatem
1022 5155 1286 5225 eiusdem
1316 5154 1560 5228 spiritus
1590 5160 1682 5213 est
1709 5173 1813 5213 as⁶

169 5243 426 5312 sumpta.
460 5240 833 5313 Eruntitaque
875 5242 989 5299 duo
1036 5242 1099 5298 in
1146 5260 1310 5301 carne
1359 5261 1477 5301 una
1512 5244 1665 5318 (Gen.
1724 5247 1810 5314 ιι).

58 5367 67 5377 .
169 5328 432 5387 Profecto
462 5328 729 5388 Christus
753 5336 807 5388 et
834 5329 1110 5390 Ecclesia.
1143 5331 1360 5408 Nempe
1406 5335 1650 5392 Verbum
1685 5350 1812 5393 caro

237 5512 352 5586 (62)
392 5512 479 5586 3.,
511 5516 647 5589 ejus.

1927 4532 2193 4590 Christus
2217 4533 2287 4589 ad
2320 4533 2611 4592 dexteram
2636 4533 2737 4591 Dei
2762 4534 2968 4604 Patris,
3000 4536 3059 4593 in
3092 4535 3419 4609 potioribus
3456 4538 3579 4596 aci-

1926 4620 2064 4680 licet
2086 4623 2249 4679 bonis
2280 4620 2475 4694 gloriae
2508 4622 2638 4695 ejus
2672 4624 2874 4681 sedere
2913 4624 3148 4694 dicitur,
3207 4631 3448 4700 propter
3475 4644 3572 4686 re-

1924 4713 2118 4788 quiem
2137 4718 2561 4772 consummatoe
2580 4714 2775 4787 gloriae
2796 4732 2973 4790 quam
2997 4716 3241 4790 accepit.
3266 4716 3577 4779 Ecclesiaa

1925 4804 2146 4861 dextris
2168 4802 2378 4861 Christi
2409 4810 2565 4861 stare
2592 4803 2827 4872 dieitur,
2860 4822 2974 4864 non
3007 4808 3229 4877 sedere,
3261 4806 3400 4880 quia
3420 4824 3575 4869 sem·

1924 4910 2027 4968 per
2084 4901 2172 4950 est
2219 4894 2278 4949 in
2324 4894 2628 4965 procinctu
2672 4897 3013 4955 constituta.
3066 4896 3247 4955 Auiti«
3293 4900 3492 4969 resina
3538 4918 3577 4960 a

1924 4983 2135 5040 dextris
2162 4983 2298 5055 ejas.
2344 4982 2407 5039 In
2460 4983 2563 5040 hoc
2605 4984 2780 5043 verbo
2833 4987 3063 5044 videtur
3094 4988 3238 5045 mihi
3289 4989 3576 5064 propheta

1924 5071 2210 5146 triplicem
2288 5075 2507 5130 statum
2569 5073 2836 5132 Ecclesiae
2891 5078 3280 5149 prospexisse.
3330 5077 3576 5138 Videtur

1923 5161 2069 5218 mihi
2099 5161 2288 5234 primo
2318 5178 2447 5219 eam
2477 5162 2846 5222 considerare
2874 5169 3128 5225 stantem
3186 5168 3259 5225 ad
3305 5169 3570 5228 dextram

1922 5250 2205 5319 crucifixi,
2237 5251 2336 5307 ubi
2367 5250 2480 5308 sibi
2511 5251 2627 5325 (62)
2677 5253 3028 5325 profluentia
3071 5256 3132 5314 in
3191 5258 3466 5329 salutem,
3499 5259 3573 5317 de

1921 5340 2103 5399 latere
2132 5340 2260 5413 ejus
2281 5346 2645 5399 sacramenta
2669 5344 2911 5417 suscipit
2937 5349 2994 5404 et
3005 5345 3334 5406 observant.
3365 5346 3569 5418 Erant,

1920 5429 2556 5503 inquit,juxtacrucem
2577 5431 2719 5492 Jesu
2747 5435 3073 5510 materejus
3108 5439 3165 5494 et
3185 5436 3573 5499 sorormatris
