3784 6000
312 204 454 263 {259
1739 198 1936 258 Lucu
1974 190 2051 257 1ss
2083 190 2300 255 ’PAPAE
3623 204 3726 263 ιω

312 336 418 388 aut
437 335 623 388 terras
643 344 745 385 seu
766 327 1456 403 quodlibetbeneficium
1476 327 1742 384 ecclesias
1758 332 1967 383 vestroe
2000 322 2049 381 ’Ἀ
2080 324 2187 382 tini
2232 324 2609 393 Turonensis,
2653 325 2908 384 salutem
2950 330 3009 384 et
3048 326 3473 401 apostolicam
3519 326 3721 387 δοιιοᾶ

311 421 594 478 collatum
632 419 805 476 liceat
844 417 1019 475 alicui
1068 417 1462 489 personaliter
1501 417 1646 474 dare
1679 416 1802 473 sive
1851 416 1969 473 alio
2077 415 2357 471 ctionem.

311 510 498 567 modo
518 507 765 565 alienari
788 507 916 562 siue
938 521 1235 563 consensu
1251 507 1429 563 totius
1459 505 1701 579 capituli
1718 509 1823 562 aut
1844 519 1967 560 ma·
2150 506 2295 560 Cum
2327 504 2576 562 ecclesia
2599 508 2792 562 vestra
2815 505 2891 562 ad
2917 505 3320 578 apostolicam
3347 506 3580 566 sedem
3603 508 3722 568 nun·

307 599 459 671 j0ris
483 604 538 654 et
563 597 810 653 sanioris
836 596 1045 667 partis.
1078 596 1134 652 Si
1159 611 1294 668 quas
1324 609 1461 651 vero
1494 595 1850 652 donationes
1869 592 1968 649 vel
2077 592 2379 650 mediante
2393 594 3410 666 pertineat,dubitatisne,sioausas
3427 604 3722 673 quamuis

313 686 704 745 alienationes
737 685 906 741 aliter
934 700 1123 757 quam
1154 685 1379 740 dictum
1407 689 1495 740 est
1520 683 1691 741 factae
1724 682 1961 753 suerint,
2075 681 2512 739 fuerintcontra
2527 698 2662 740 eam
2677 683 3001 741 venerabili
3014 684 3178 743 fratri
3191 688 3724 745 nostroTuroneu'

311 774 509 831 irritas
540 789 672 830 esse
703 789 1046 831 censemus,
2074 770 2527 844 archiepiscopo
2558 771 2928 843 delegemus,
2975 773 3304 832 occasione
3343 774 3722 847 delegationis

379 864 469 919 Ad
496 864 624 919 haec
652 869 855 919 autem
884 862 1202 933 adjicimus
1233 879 1308 918 ne
1335 862 1516 935 aliqui
1549 861 1833 918 canonice
1856 876 1964 917 seu
2067 859 2545 931 jurisdictionem
2573 860 2632 915 in
2655 875 2759 917 vos
2773 867 3005 934 quaerat
3025 866 3402 936 perpetuam
3427 865 3722 923 vindicare.

308 952 726 1019 conversi‚sub
740 950 1114 1024 professione
1128 951 1347 1008 domus
1360 957 1569 1007 vestras
1582 950 1962 1016 astricti‚sine
2074 950 2292 1005 Vestras
2324 949 2575 1019 proinde
2604 948 2855 1007 libertati
2876 966 2985 1023 pro
3014 956 3227 1010 nostro
3247 953 3542 1011 volentes
3565 954 3724 1013 offitiis

309 1056 606 1098 consensu
639 1047 695 1096 et
727 1040 968 1098 licentia
1006 1041 1222 1113 prioris
1248 1055 1317 1096 ac
1346 1041 1592 1111 majoris
1622 1045 1679 1095 et
1709 1039 1963 1096 sanioris
2071 1036 2405 1111 providere,
2429 1038 2781 1096 auctoritate
2802 1040 2974 1096 vobis
2989 1040 3332 1112 apostolica
3353 1041 3723 1115 indulgemus

310 1130 498 1203 partis
527 1130 772 1202 capituli
810 1130 1010 1195 vestri,
1054 1144 1164 1201 pro
1206 1128 1411 1201 aliquo
1444 1128 1834 1200 fidejubeant.
1867 1128 1959 1184 vel
2073 1131 2156 1193 ut,
2187 1126 2235 1181 si
2257 1127 2331 1182 ad
2351 1126 2479 1198 jam
2500 1126 2725 1183 dictum
2747 1128 3272 1200 archiepiscopum
3293 1129 3536 1203 atiquo
3553 1140 3725 1193 contu

311 1219 391 1276 ab
405 1219 607 1291 aliquo
624 1219 946 1289 pecuniam
962 1222 1171 1273 mutuo
1198 1217 1495 1289 accipiant
1521 1216 1673 1272 ultra
1703 1217 1959 1289 pretium
2071 1214 2350 1271 eclesiam
2381 1222 2636 1272 vestram
2670 1216 2872 1273 litterae
2909 1222 3048 1273 sunt
3083 1217 3376 1286 obtentas,
3424 1221 3517 1277 vel
3547 1221 3728 1281 fuerint

311 1308 660 1380 capitulisui
688 1307 1067 1378 providentia
1090 1306 1421 1378 provisum,
1440 1306 1552 1361 nisi
1574 1312 1817 1378 propter
1839 1321 1963 1361 ma·
2070 1305 2464 1377 imposterum
2487 1306 2836 1379 impetratae,
2871 1306 3039 1364 liceat
3064 1309 3238 1366 vobis
3263 1309 3488 1382 ipsum
3511 1311 3587 1369 de
3615 1328 3729 1387 apo-

309 1396 589 1454 nifestam
626 1395 849 1451 domus
878 1400 1087 1451 vestras
1111 1394 1448 1452 utilitatem.
1486 1396 1654 1460 Quod
1687 1393 1733 1448 si
1770 1393 1962 1449 facere
2072 1393 2280 1450 stolica
2309 1394 2545 1451 licentia
2567 1410 2861 1453 recusare.
2893 1396 3045 1453 Nulli
3081 1410 3232 1469 ergo
3257 1398 3534 1457 omniuo
3571 1401 3726 1459 homi-

308 1485 823 1559 praesumpserint,
857 1499 978 1541 nou
1008 1488 1277 1541 teneatur
1318 1490 1666 1549 conventus,
1693 1483 1820 1538 sine
1852 1498 1951 1539 cu-
2067 1497 2218 1539 num
2245 1483 2420 1540 liceat
2447 1483 2603 1540 hanc
2633 1485 2916 1557 paginam
2948 1489 3175 1543 nostrin
3203 1489 3640 1547 concessionis
3663 1492 3728 1549 in·

305 1576 405 1647 jus
436 1575 672 1631 licentia
707 1578 766 1630 et
791 1589 1093 1632 consensu
1135 1574 1244 1630 hoc
1278 1578 1542 1643 egerant,
1579 1572 1961 1646 aliquatenus
2070 1570 2346 1642 fringere,
2391 1571 2482 1629 vel
2523 1573 2574 1627 ei
2606 1588 2761 1630 ausu
2798 1574 3112 1631 temerario
3139 1578 3486 1635 contraire.
3529 1578 3589 1635 Si
3623 1581 3726 1653 quis

308 1664 670 1737 respondere
1991 1653 2036 1732 'g
2069 1657 2293 1716 sautem
2313 1660 2427 1717 hoc
2451 1665 2738 1717 attentare
2759 1664 3233 1735 prossumpserit,
3259 1663 3726 1737 indignatione-

379 1754 762 1809 Decernimus
784 1768 926 1823 ergo
972 1756 1036 1808 ut
1060 1752 1204 1808 nulli
1236 1753 1486 1808 omnino
1519 1751 1835 1808 hominum
1872 1750 1962 1807 sas
2069 1750 2499 1821 omnipotentis
2539 1752 2636 1807 Dei
2675 1755 2733 1807 et
2769 1750 3082 1808 beatorum
3117 1753 3270 1810 Petri
3311 1759 3377 1810 et
3409 1755 3580 1813 Pauli
3613 1773 3724 1830 apo-
3781 1758 3784 1829 '1

308 1840 674 1913 sitpraefatas
690 1841 973 1896 ecclesias
1001 1844 1221 1896 temere
1242 1839 1612 1911 perturbare,
1635 1844 1961 1895 autearum
2071 1837 2360 1895 stolorum
2387 1839 2517 1910 ejus
2549 1855 2615 1896 se
2641 1840 2872 1897 noverit
2897 1839 3312 1898 incursurum.

306 1930 719 2003 possessiones
759 1928 992 1984 auferre
1017 1928 1112 1984 vel
1138 1927 1373 1985 ablatas
1394 1928 1664 1994 retinere,
1697 1944 1801 1983 seu
1835 1927 1963 2000 qui·
2143 1927 2270 1983 Dat.
2293 1926 2485 1983 verul,
2522 1944 2559 1982 v
2589 1927 2718 1986 Kal.
2745 1928 2927 1985 Junii.

308 2017 575 2075 buslibet
600 2019 1017 2074 vexationibus
1042 2016 1294 2087 fatigare
1315 2033 1328 2083 ;
1353 2018 1459 2073 sed
1489 2018 1695 2074 omnia
1717 2032 1964 2073 conser-
2782 2017 3023 2076 chvn.

313 2114 545 2174 ventur,
560 2123 790 2173 eorum,
807 2123 912 2181 pro
925 2123 1185 2181 quorum
1198 2106 1631 2178 gubernatione
1656 2111 1962 2163 etsusten·
2229 2105 2414 2161 Bulla
2438 2119 2551 2174 pro
2574 2105 2821 2163 ecelesia
2843 2106 2904 2163 S.
2931 2106 3192 2165 Martini
3225 2109 3603 2169 reomaensi.

306 2197 529 2254 tatione
541 2212 830 2253 concessa
846 2201 1005 2262 sunt,
1027 2195 1233 2252 usibus
1247 2195 1615 2253 omnimodis
1628 2193 1958 2267 profutura,
2611 2193 2881 2265 (Verulis,
2913 2195 3043 2253 nait
3071 2196 3193 2271 28.)

306 2285 476 2343 salva
505 2286 665 2341 sedis
684 2285 1029 2358 apostolicas
1047 2285 1395 2342 auctoritate
1425 2288 1481 2340 et
1495 2283 1817 2341 dioecesani
1839 2283 1961 2356 epi·
2789 2282 2999 2358 [leid]

308 2375 473 2447 scopi
494 2375 785 2431 canonica
801 2374 1051 2444 justitia.
1079 2374 1283 2447 Siqua
1301 2373 1484 2445 igitur
1503 2372 1563 2429 in
1582 2371 1849 2429 futurum
1867 2388 1959 2428 ec·
2142 2371 2337 2427 Lucius
2369 2371 2711 2444 episcopus,
2748 2388 2956 2429 servus
2993 2388 3320 2432 servorum
3365 2375 3497 2445 Dei,
3533 2377 3736 2435 dilectis
3783 2368 3784 2377 ’

316 2464 650 2520 ctesiastica
683 2462 1065 2519 saecularisve
1097 2478 1381 2536 persona,
1415 2468 1526 2520 etc.
2067 2457 2196 2515 filiis
2234 2461 2496 2516 Panurro
2522 2461 2773 2527 dee-ano.
2815 2464 2920 2519 Rc.
2949 2463 3346 2522 thesaurario
3385 2472 3448 2523 et
3487 2467 3731 2541 capitulo

382 2554 534 2607 Bene
564 2550 774 2606 valete.
2067 2549 2265 2606 Sancti
2292 2548 2519 2605 Martini
2559 2551 2936 2619 Turonensis,
2969 2551 3229 2610 salutem
3261 2558 3330 2611 et
3352 2556 3730 2629 apostolicam
3781 2568 3784 2641 4

378 2641 498 2710 Ego
528 2639 746 2693 Lucius
783 2638 1094 2695 catholicas
1135 2639 1407 2696 Ecclesiae
1452 2640 1771 2713 episcopus
1818 2637 1960 2694 sub-
2065 2636 2567 2695 benedictionem.
3783 2686 3784 2735 ᾖ

311 2727 550 2799 scripsi.
2134 2727 2315 2783 Justis
2354 2728 2680 2800 petentium
2717 2728 3025 2786 desideriis
3059 2729 3340 2801 dignum
3379 2738 3480 2791 est
3515 2748 3626 2791 nos
3654 2732 3726 2789 fs-

383 2818 504 2889 Ego
535 2819 739 2871 Petrus
770 2814 971 2887 presb.
1014 2815 1239 2872 cardin.
1274 2817 1357 2875 tit.
1397 2817 1455 2873 S.
1483 2818 1773 2873 Susanuae
1804 2815 1950 2872 sub·
2065 2814 2241 2872 cilem
2267 2816 2533 2888 proebere
2565 2832 2948 2888 consensum,
2978 2822 3037 2876 et
3074 2825 3218 2877 vota
3261 2837 3416 2894 qum
3441 2838 3482 2880 a
3509 2824 3722 2880 rationis

306 2905 543 2977 scripsi.
2065 2904 2304 2967 tramite
2327 2920 2449 2962 non
2478 2904 2846 2973 discordant,
2889 2907 3100 2966 effectu
3141 2917 3726 2985 prosequentem

379 2997 500 3064 Ego
532 2994 845 3052 vuccanus
888 2994 975 3054 tit.
1010 2996 1068 3052 S.
1115 2994 1401 3068 Stephani
1444 2994 1504 3052 in
1544 2993 1725 3054 Coelio
1767 2996 1958 3051 Monte
1997 3019 2039 3077 C
2072 2994 2250 3068 plere.
2305 2997 2651 3070 Eam-optor,
2699 2996 2896 3055 dilecti
2944 2998 3002 3056 iu
3041 2998 3319 3058 Domino
3365 3002 3500 3071 filii,
3546 3004 3722 3060 vestiis

310 3084 514 3157 presb.
544 3083 709 3141 card.
739 3083 1087 3158 subscripsi.
2066 3084 2240 3157 justis
2267 3086 2778 3157 postulationibus
2805 3093 2974 3158 grato
3003 3097 3456 3149 concurrentes
3483 3107 3718 3154 unum.

378 3175 500 3244 Ego
528 3171 833 3230 Laborans
866 3175 1179 3246 presbyter
1210 3173 1442 3230 cardin.
1479 3174 1713 3230 Sanctae
1766 3172 1961 3231 Marias
2069 3173 2145 3232 de
2181 3172 2275 3228 his
2313 3175 2416 3247 qui
2453 3174 2800 3232 fidelitatem
2839 3178 3255 3249 promiserunt
3301 3185 3367 3238 et
3405 3182 3718 3253 juramento

304 3264 490 3319 Trans
521 3261 776 3319 Tiberim
806 3263 894 3318 tit.
929 3263 1141 3321 Calixti
1175 3262 1533 3335 subscripsi.
2065 3262 2250 3320 etiam
2265 3263 3332 3338 firmaveruntstarejudicioeapituli
3353 3270 3708 3341 restruunt

376 3351 499 3421 Ego
515 3351 855 3407 Theodiuus
876 3353 1214 3408 portuensis
1236 3356 1295 3408 et
1331 3354 1559 3409 Sanctoe
1582 3351 1808 3409 Rufinae
1835 3351 1964 3424 epi·
2069 3352 2543 3409 consuetudines
2564 3352 2827 3410 ecclesiae
2848 3359 3074 3420 vestrm,
3103 3355 3152 3412 si
3175 3357 3362 3430 quod
3379 3359 3560 3416 vobis
3579 3359 3710 3431 jura·

307 3455 527 3513 scopus
567 3441 921 3513 subscripsi.
2071 3446 2212 3500 runt
2236 3441 2534 3498 noluerint
2556 3441 2904 3515 adimplere,
2928 3443 3173 3515 plenam
3203 3447 3389 3504 vobis
3419 3449 3714 3505 auetorita-

379 3531 797 3600 EgoHenricus
814 3530 1169 3587 Albanensis
1192 3531 1516 3604 episcopus
1534 3530 1886 3602 subscripsi.
2073 3535 2195 3587 tem
2228 3531 2639 3597 concedimus,
2685 3538 2740 3588 et
2766 3531 3132 3589 conterimus
3181 3542 3584 3606 potestatem,
3628 3539 3709 3598 eis.

384 3622 507 3689 Ego
540 3619 753 3674 Paulus
778 3620 1178 3676 Praenestinus
1201 3620 1520 3693 episcopus
1539 3619 1886 3691 subscripsi.
2072 3619 2311 3676 sublato
2342 3618 2760 3692 appellationis
2797 3619 3136 3693 obstaculo,
3163 3621 3478 3682 beneficia
3507 3627 3713 3684 subtra-

376 3709 501 3776 Ego
530 3708 788 3764 lacobus
817 3708 971 3766 diac.
1013 3708 1182 3767 card.
1228 3709 1285 3764 S.
1319 3709 1507 3765 Marias
1547 3710 1605 3764 in
1637 3708 1960 3764 cosmedin
2071 3707 2888 3780 hendiquaeipsiusecclesiae
2911 3710 3155 3767 nomine
3169 3716 3394 3770 tenere
3418 3721 3712 3772 noscuntur

310 3794 660 3868 subscripsi.
2070 3812 2390 3869 quousque
2401 3796 3231 3870 satisfecerintcompeteuter.
3251 3802 3588 3862 Libertates
3599 3819 3710 3877 quo-

378 3888 500 3955 Ego
530 3885 764 3942 Ardicio
803 3884 1095 3943 diaconus
1135 3886 1363 3942 cardiu.
1395 3885 1454 3944 S.
1479 3885 1771 3942 Theodori
1814 3885 1961 3941 sub·
2070 3901 2210 3958 que,
2233 3886 2553 3957 dignitates
2573 3889 2632 3943 et
2646 3885 3111 3946 consuetudines
3133 3891 3537 3963 approbatas
3561 3893 3706 3951 eccle·

307 3974 543 4045 scripsi.
2071 3975 2396 4031 siaevestrae
2424 3974 2593 4031 vobis
2621 3976 2969 4033 auctoritate
2996 3977 3346 4049 apostolica
3371 3983 3703 4040 conflrman-

379 4066 501 4133 Ego
528 4063 854 4120 Gratianus
907 4064 1265 4122 Sanctorum
1297 4067 1526 4122 Cosmae
1577 4069 1635 4121 et
1681 4063 1960 4121 Damiani
2069 4068 2179 4130 tes,
2203 4062 2462 4120 illibatas
2483 4069 2541 4120 et
2557 4063 2822 4136 integras
2838 4080 3196 4137 permanere
3215 4070 3570 4129 munimus.
3591 4070 3706 4130 flaui

315 4151 555 4208 diacon.
590 4153 753 4209 card.
788 4152 1167 4226 susbscripsi.
2070 4152 3164 4223 ergoomninohomiuumliceathanc
3187 4157 3704 4230 pagiuam-notre

381 4243 500 4310 Ego
533 4242 888 4298 ottonianus
918 4242 1212 4298 diaconus
1251 4242 1572 4300 cardinalis
1602 4243 1959 4299 Sanctorum
2069 4241 2479 4299 concessionis
2525 4247 2584 4298 et
2619 4242 3094 4300 confirmationis
3129 4243 3514 4320 infringere,
3563 4250 3644 4307 vel
3669 4250 3704 4305 si

319 4327 502 4399 Sergii
534 4334 589 4383 et
616 4328 829 4384 Bacchi
856 4330 1208 4402 subscripsi.
1992 4366 2040 4423 D
2071 4345 2223 4387 ausu
2249 4329 2563 4386 temerario
2592 4331 2908 4388 contraire.
2937 4332 3144 4405 Siquis
3167 4341 3394 4394 autem
3417 4338 3540 4397 hoo
3563 4344 3706 4396 sum-

382 4416 598 4474 Datum
630 4416 876 4489 Verulis,
912 4433 1016 4489 per
1059 4434 1312 4476 manum
1344 4420 1567 4478 Alberti
1597 4424 1821 4479 Sanctae
1851 4423 1962 4478 Ro-
2072 4425 2194 4476 tare
2243 4420 2713 4491 praesumpserit,
2760 4419 3244 4492 indignationem
3293 4427 3704 4502 omnipotenti·

312 4522 508 4563 manoe
532 4506 804 4563 Ecclesiae
826 4505 1152 4579 presbyteri
1178 4508 1498 4566 cardinalis
1525 4516 1581 4566 et
1596 4510 1957 4579 cancellarii,
2071 4508 2173 4565 Dei
2197 4509 2581 4566 etbeatorum
2600 4510 2745 4565 Petri
2776 4515 2833 4566 et
2860 4508 3022 4567 Pauli
3034 4513 3486 4583 apostotorum
3509 4518 3636 4592 ejus
3659 4529 3700 4571 se

313 4598 513 4653 Nonas
539 4597 689 4664 Maii,
721 4596 1047 4653 indictione
1079 4598 1366 4664 secunda.
1398 4599 1824 4656 lucarnationis
1843 4600 1962 4656 Do·
2068 4597 2303 4655 noverit
2327 4598 2733 4656 incursurum.

310 4684 546 4741 minicae
578 4699 740 4741 auno
781 4685 939 4755 1184,
970 4687 1352 4759 pontificatus
1387 4702 1529 4744 vero
1559 4687 1768 4744 domni
1797 4687 1959 4745 Lucii
2141 4688 2357 4745 Datum
2388 4687 2606 4758 verul..
2635 4704 2674 4743 v
2699 4687 2826 4746 Kal.
2859 4689 3046 4746 lunii.

312 4789 488 4848 papas
518 4776 587 4831 lli
619 4790 780 4832 anno
812 4775 999 4832 tertio.
2767 4777 3043 4836 chviu.

1013 4910 1237 4968 CXLVL
2161 4867 2350 4925 Bulla
2371 4881 2486 4938 pro
2518 4867 2786 4938 capituto
2817 4867 2881 4925 S.
2912 4865 3180 4926 Moruni
3213 4871 3617 4938 rmus-sa.

896 5015 907 5028 .
1331 5018 1342 5030 .
1401 5019 1412 5032 ,
1777 5019 1789 5033 ,
2611 4955 2881 5030 (Verulis,
2907 4957 3040 5016 {aii
3073 4961 3142 5016 28
3171 4959 3194 5033 )

424 5018 605 5073 Bulla
632 5032 738 5088 pro
768 5018 1039 5086 capitulo
1067 5016 1122 5073 S.
1151 5018 1410 5075 Marcam
1448 5019 1836 5078 Turonensts.
2793 5045 2999 5122 [mid-J

837 5106 1108 5178 (Verulis,
1136 5107 1265 5164 Maii
1297 5107 1411 5179 28.)
2141 5133 2341 5188 Lucius
2368 5132 2708 5205 episcopus,
2739 5151 2946 5192 servus
2971 5152 3294 5199 servorum
3335 5145 3698 5214 001,de

312 5215 613 5287 [De‘senses
639 5215 737 5270 des
762 5209 1081 5285 privileoes
1111 5215 1184 5272 de
1211 5215 1611 5272 SoimMartin
1646 5217 1719 5273 de
1751 5218 1956 5290 Toni-s,
2067 5219 2201 5276 filiis
2235 5222 2490 5276 Pmsirro
2519 5221 2776 5293 decano,
2809 5227 2912 5282 Ro.
2948 5226 3346 5288 thesaurario
3379 5240 3440 5292 et
3472 5233 3696 5308 capituto

1030 5320 1087 5375 p.
1116 5304 1234 5378 24]
2065 5308 2265 5366 Sancti
2297 5309 2923 5378 Martini'l'uronensis.
2955 5315 3220 5375 salutem
3249 5324 3698 5396 etapostotieu

376 5393 503 5450 Li·c=
515 5410 577 5447 us
608 5394 952 5464 episcopus,
985 5410 1193 5450 servus
1223 5410 1535 5450 servorum
1569 5395 1690 5462 Dei,
1721 5396 1956 5453 dilectis
2068 5397 2567 5456 benedictionem.

306 5479 442 5536 fllii
486 5482 740 5549 decano,
771 5483 1146 5540 thesaurario
1192 5488 1250 5540 et
1296 5484 1562 5557 capitulo
1610 5486 1769 5542 Beati
1814 5490 1957 5544 Mar·
2138 5490 2371 5555 Quanto
2395 5489 2865 5550 Ecclesiavestra
2884 5492 3528 5568 spsuistiususcitm·
3549 5503 3696 5578 ndi·
