3784 6000
124 200 249 265 329

1051 202 1253 267 HlS'r.
1302 204 1587 271 RERUM
1630 203 2185 271 TRANSMARIN.
2228 240 2310 256 —
2353 210 2501 274 ΠΒ.
2548 212 2620 273 V.

3419 220 3543 285 330

124 336 241 393 sod
272 335 553 407 quoniam
583 336 796 393 infiniti
837 338 910 394 de
956 340 1209 396 exercitu
1241 341 1312 397 ed
1347 357 1509 399 mare
1536 342 1775 398 descen·
1805 341 1860 408 Α
1889 341 2118 400 minum
2135 344 3539 421 HugonemMagnumdominumqueEustachium

121 427 359 495 derant,
390 425 520 498 qui,
550 427 800 498 peractis
820 428 1089 499 negotiis,
1121 430 1189 486 ad
1213 434 1403 486 castra
1432 430 1618 488 redire
1645 447 1777 502 pro·

119 521 473 589 posuerant,
503 517 807 590 eliguntur
829 519 899 574 de
926 518 1287 593 principibus
1317 523 1594 579 dominus
1633 523 1780 579 Boa-

120 606 413 673 mundus,
450 611 510 663 et
538 622 735 665 comes
761 607 1108 678 Tolosanus,
1139 615 1197 667 et
1224 627 1357 667 cum
1390 612 1473 669 eis
1502 610 1775 668 domInus

118 693 420 750 Evrardus
468 695 542 751 de
587 693 795 752 Pusato
841 703 899 752 et
938 711 1133 753 comes
1179 698 1475 756 Garnerns
1512 699 1585 756 de
1612 698 1770 769 Gres,

122 783 222 856 qui
273 784 684 857 AEgyptiorum
732 784 962 842 nuntios
1005 787 1194 844 redire
1231 788 1553 861 cupientes,
1587 802 1777 861 usque

118 875 189 931 ed
216 890 385 932 mare
416 880 915 949 prosequerentur
938 881 1032 944 ;et
1059 893 1157 934 eos
1175 879 1278 951 qui
1309 882 1367 936 in
1391 887 1557 952 portu
1582 887 1771 953 erant,

115 969 236 1023 tam
268 966 377 1038 qui
408 971 672 1024 recentes
702 967 1055 1024 advenerant
1080 985 1254 1041 quam
1298 971 1397 1042 qui
1448 972 1520 1027 de
1566 973 1774 1030 castris

115 1055 184 1111 ad
234 1069 341 1112 eos
380 1055 826 1124 descenderant,
874 1056 948 1113 ad
996 1061 1185 1114 castra
1232 1060 1588 1119 reducerent.
1646 1064 1768 1119 Au-

114 1145 351 1202 dientes
389 1161 528 1203 vero
575 1145 941 1217 Antiocheni,
989 1149 1143 1219 quod
1176 1149 1433 1222 praedicti
1479 1150 1770 1224 principes

114 1235 184 1291 ad
222 1248 392 1291 mare
440 1235 886 1305 descenderant,
949 1237 1151 1294 missis
1198 1243 1452 1310 quatuor
1508 1240 1771 1298 millibus

112 1324 522 1396 expeditorum
567 1324 824 1381 militum
871 1324 989 1382 illis
1037 1326 1284 1397 obviam,
1336 1329 1679 1402 praecipiunt
1709 1334 1774 1387 ut

111 1413 192 1470 eis
220 1416 439 1485 parent
465 1412 748 1482 insidies3
796 1418 858 1470 et
900 1414 1133 1473 incaute
1178 1417 1578 1486 redeuntibus,
1612 1419 1660 1475 si
1692 1420 1773 1476 ita

110 1502 446 1574 contigerit,
493 1500 739 1560 viriliter
776 1519 1076 1561 occurrere
1124 1520 1237 1561 non
1289 1506 1613 1565 formident.
1662 1508 1773 1566 Fa-

112 1596 266 1648 ctum
321 1598 413 1649 est
463 1596 688 1661 autem,
720 1596 780 1648 ut
826 1600 959 1665 post
1004 1594 1160 1651 diem
1206 1600 1498 1667 quartum,
1543 1600 1768 1656 cumin

111 1683 417 1740 redeundo
461 1686 680 1750 essent,
713 1698 914 1739 secum
964 1683 1260 1741 traherent
1297 1686 1538 1745 inermis
1569 1688 1772 1761 populi
1799 1709 1848 1776 Β

109 1779 161 1828 et
184 1771 596 1842 iumentorum
625 1770 995 1840 victualibus,
1028 1785 1087 1830 et
1128 1774 1469 1833 omnimode
1515 1778 1770 1850 supelle-

110 1860 241 1916 ctile
270 1865 629 1918 onustorum
681 1861 1140 1924 multitudinem,
1191 1863 1388 1923 hostes
1427 1866 1512 1922 eis
1542 1867 1599 1922 in
1636 1871 1767 1939 qui-

111 1951 364 2007 busdam
389 1949 654 2008 locorum
694 1951 980 2022 angustiis
1010 1957 1246 2024 repente
1276 1970 1345 2010 ex
1391 1955 1626 2012 insidiis
1670 1971 1768 2013 oc-

110 2046 435 2098 currerent.
474 2040 712 2097 Praeibat
760 2048 950 2097 eutem
981 2041 1252 2099 dominus
1281 2059 1499 2101 comes.
1530 2045 1767 2104 Tolosa-

109 2146 236 2197 nns,
271 2127 558 2186 dominus
586 2144 718 2187 vero
751 2131 1129 2188 Boamundus
1161 2133 1473 2203 posteriora
1501 2135 1770 2192 tuebatur

109 2218 391 2291 agmina;
426 2218 547 2290 qui,
578 2217 712 2276 licet
743 2219 847 2276 viri
868 2220 1094 2277 strenui
1119 2225 1334 2292 essent,
1356 2227 1415 2279 et
1443 2224 1767 2295 peremnia

111 2308 632 2378 commendabiles,
705 2310 934 2381 plebem
983 2317 1177 2368 lamen
1228 2312 1614 2370 inconsultam
1662 2331 1766 2387 pro

109 2397 413 2456 voluntate
463 2413 664 2471 regere
712 2416 828 2457 non
872 2399 1153 2471 valentes,
1203 2418 1311 2460 nec
1341 2404 1488 2461 vires
1528 2404 1764 2475 addere,

110 2488 187 2545 vel
217 2487 402 2557 alios,
456 2488 671 2561 quibus
719 2493 928 2547 natura
970 2491 1241 2565 negabat,
1287 2496 1600 2566 postquam
1640 2494 1765 2563 diu,

113 2582 229 2634 tum
267 2594 380 2650 pro
413 2594 524 2635 sua
563 2578 891 2648 honestate,
922 2584 1047 2636 tum
1088 2596 1188 2652 pro
1229 2581 1463 2639 illorum
1514 2585 1766 2641 arcendo

116 2665 377 2739 periculo
443 2667 798 2738 restiterunt,
868 2669 1125 2726 videntes
1182 2671 1334 2742 quod
1379 2688 1541 2729 mora
1582 2672 1658 2730 ad
1705 2689 1766 2732 se

114 2757 371 2814 traheret
416 2755 759 2828 periculum,
794 2774 900 2814 nec
941 2774 1040 2815 cos
1084 2759 1337 2832 amplius
1365 2761 1645 2819 inutiliter
1675 2763 1768 2820 la-

114 2847 315 2903 borare
348 2850 664 2919 oporteret,
694 2846 804 2903 sibi
853 2848 1238 2920 providenter„
1272 2850 1558 2921 imparem
1588 2852 1765 2909 nimis

114 2936 447 2992 conflictum
483 2935 864 3009 reliquerunt,
896 2938 965 2993 ad
996 2942 1187 2995 castra
1205 2953 1335 2995 cum
1368 2940 1494 2998 suis
1525 2941 1626 3014 qui
1665 2958 1763 2999 eos

114 3027 259 3097 sequi
298 3028 600 3097 poterant,
631 3042 691 3083 se
718 3027 1104 3085 conterentes.
1135 3029 1206 3085 At
1244 3046 1378 3086 vero
1408 3030 1637 3103 vulgus,
1670 3049 1761 3089 re·

112 3116 253 3174 lictis
296 3116 556 3174 sarcinis
584 3120 642 3173 et
687 3115 1153 3190 impedimentis,
1192 3121 1402 3191 partim
1449 3121 1520 3177 ad
1561 3121 1761 3195 silvas,
1792 3086 1837 3158 c

112 3206 317 3277 partim
355 3206 431 3261 ad
469 3212 692 3262 montes
724 3205 911 3278 iugit3
944 3206 1040 3277 qui
1084 3223 1217 3264 vero
1256 3208 1454 3281 fugere
1489 3211 1766 3283 nequive-

112 3300 256 3363 runt,
302 3294 574 3351 hostium
603 3292 806 3364 gladiis
840 3295 1178 3352 ceciderunt
1206 3297 1559 3370 interempti.
1596 3300 1767 3357 Facta

109 3389 185 3442 est
208 3384 299 3441 ibi
333 3386 670 3442 nostrorum
704 3386 927 3456 strages
958 3385 1250 3454 maxima3
1283 3387 1384 3443 sed
1416 3388 1487 3443 de
1509 3396 1764 3446 ‘numero

109 3473 430 3531 occkorum
457 3471 695 3544 quidam
726 3471 894 3529 aliter
919 3477 977 3529 et
1006 3474 1176 3531 aliter
1199 3475 1368 3532 nobis
1401 3478 1761 3545 retulerunt:

110 3566 295 3621 tamen
320 3560 590 3635 plurium
614 3562 810 3633 opinio
831 3566 942 3631 est,
968 3562 1279 3633 promiscui
1304 3580 1477 3621 sexus
1498 3571 1555 3624 et
1573 3568 1763 3626 aetatis

110 3667 284 3727 usque
316 3651 397 3708 ad
432 3655 721 3709 trecentos
741 3652 1039 3709 cecidisse.

780 3757 1011 3817 CAPUT
1040 3760 1103 3818 V.

111 3848 422 3907 Consilium
452 3846 626 3919 ducis,
644 3854 700 3904 st
727 3863 860 3920 opus
889 3848 1231 3920 admirabile,
1255 3854 1446 3908 contra
1466 3852 1758 3911 sinistrum

603 3935 789 3976 casum
829 3923 925 3992 qui
968 3921 1258 3980 acciderat.

166 4010 398 4068 Rumor
445 4009 666 4066 interea
714 4010 787 4065 ad
818 4012 1004 4067 castra
1052 4017 1414 4082 pervenerat,
1463 4028 1562 4071 eos
1593 4014 1690 4086 qui
1723 4032 1756 4072 a

109 4101 235 4157 mari
268 4097 694 4167 ascendebant,
716 4114 919 4156 omnes
949 4099 1008 4156 in
1039 4100 1136 4156 via
1166 4100 1422 4158 hostium
1447 4102 1677 4160 insidiis
1699 4107 1756 4161 et

112 4188 516 4262 congressione
563 4185 898 4259 improvisa,
979 4188 1212 4259 penitus
1295 4191 1620 4262 corruisse;
1682 4192 1753 4249 de

111 4277 438 4350 principum
473 4279 668 4334 autem
726 4276 846 4333 vita
880 4276 969 4334 vel
1021 4284 1226 4348 morte,
1270 4295 1390 4336 non
1439 4285 1565 4338 erat
1596 4280 1752 4353 quis-

1884 427 2119 488 fratrem
2154 449 2351 508 suum,
2382 434 2632 509 singulis
2662 434 2928 510 singulas
2959 436 3113 495 acies
3155 439 3535 506 distribuens,

1885 523 2161 593 congruis
2190 523 2341 580 locat
2393 524 3005 593 stationibus3verbis
3050 528 3365 588 infundens
3408 534 3539 591 ani-

1885 624 2035 679 mos,
2068 612 2138 667 ad
2167 613 2438 671 virtutem
2468 614 2694 683 invitat,
2725 619 2781 671 et
2814 623 3088 688 tanquam
3112 618 3252 675 viris
3287 622 3540 693 pruden-

1883 692 2041 750 tibus
2091 698 2452 768 propositum
2502 699 2707 772 aperit,
2758 701 2998 757 dicens:
3030 701 3094 757 Si
3138 705 3251 771 ita,
3282 712 3342 761 ut
3380 707 3543 764 nobis

1879 785 2202 841 nutiliaium
2240 795 2339 853 est,
2387 790 2619 859 peccatis
2666 791 2869 845 nostris
2894 790 3259 859 eminentibus,
3308 795 3536 852 Domino

1878 877 2249 945 permittente,
2287 876 2352 932 de
2417 877 2656 934 dominis
2696 883 2746 934 et
2791 881 3064 947 [ratribus
3110 883 3316 940 nostris
3357 884 3538 943 hostes

1877 965 2121 1018 nominis
2165 971 2219 1020 et
2274 964 2404 1035 fidei
2442 966 2769 1023 Christianae
2835 970 3338 1042 triumphaverunt,
3384 975 3538 1033 nihii

1877 1051 2038 1107 aliud
2083 1059 2290 1110 restare
2331 1055 2504 1125 video,
2536 1059 2647 1112 ciri
2680 1058 2941 1138 illustres,
2984 1075 3152 1132 quam
3187 1066 3249 1117 ut
3286 1078 3412 1119 cum
3454 1079 3536 1120 etr

1877 1143 2212 1210 moriamur,
2256 1151 2354 1201 aut
2386 1151 2601 1202 tantam
2642 1147 2870 1203 Domino
2910 1148 3033 1205 lesu
3072 1149 3285 1207 Christo
3315 1151 3533 1208 iliatam

1877 1230 2215 1288 ulciscamur
2258 1234 2553 1306 injuriam.
2602 1235 2760 1307 mhi,
2803 1237 3026 1307 credite,
3069 1241 3203 1310 quia
3248 1256 3346 1296 nec
3389 1241 3530 1312 vita,

1877 1334 1980 1376 nec
2017 1321 2196 1390 salus,
2264 1330 2442 1379 morte
2501 1324 2583 1380 vel
2638 1325 2878 1396 quolibet
2914 1327 3266 1395 aeqriiudinis
3313 1345 3530 1403 penore,

1876 1409 2108 1467 charior
2133 1418 2240 1484 est,
2280 1415 2329 1468 si
2370 1417 2653 1471 tantorum
2683 1415 2998 1487 principum
3034 1419 3267 1486 sanquis
3303 1418 3534 1491 impune

1877 1501 2079 1573 effusus
2115 1506 2197 1558 est
2222 1516 2386 1574 super
2416 1509 2647 1574 terram,
2692 1512 2790 1561 aut
2819 1512 2972 1563 tanta
3001 1507 3106 1562 Deo
3134 1506 3310 1564 devoti
3336 1508 3533 1581 populi

1876 1594 2090 1659 :troyes
2136 1594 2420 1648 maturam
2468 1593 2590 1666 [non
2653 1593 2927 1651 invenerit
2969 1593 3256 1652 ultionem.
3314 1595 3534 1655 Videtur

1877 1693 2004 1749 erqo
2039 1679 2188 1736 milti
2215 1681 2355 1752 quod
2382 1681 2555 1738 hostes
2574 1683 2640 1740 de
2657 1685 2922 1751 praesenti
2948 1683 3360 1756 aliquantulum
3398 1686 3535 1743 elati

1876 1764 2128 1835 victoria,
2153 1766 2566 1840 imprudentius
2593 1784 2650 1826 se
2685 1769 2966 1826 habebunt
2983 1774 3087 1839 ,·{et
3112 1770 3181 1827 de
3201 1788 3305 1829 sua
3328 1774 3533 1831 virtuts

1875 1862 2287 1930 praesumentes,
2336 1875 2436 1931 per
2481 1876 2578 1916 nos
2617 1859 2688 1917 ad
2723 1861 2916 1918 urbem
2962 1861 3165 1932 redire,
3208 1863 3451 1935 praedam
3477 1873 3533 1924 st

1878 1946 2175 2003 manubias
2222 1949 2428 2020 inferre
2472 1966 2586 2006 non
2613 1950 2966 2007 verebuntur.
3017 1949 3175 2008 Solet
3201 1952 3356 2008 enim
3391 1968 3527 2024 pro·

1880 2037 2128 2110 speritas
2174 2053 2294 2107 eos,
2342 2038 2563 2111 quibus
2615 2055 2871 2112 prensens
2911 2041 3147 2110 arridet,
3180 2042 3418 2099 reddere
3447 2042 3530 2100 in·

1879 2128 2203 2196 cautiores;
2262 2128 2438 2185 sicuti
2483 2144 2647 2185 versa
2705 2129 2846 2197 vice,
2908 2128 3139 2187 miseris
3195 2137 3249 2186 et
3293 2130 3528 2190 afflictis

1878 2215 2077 2282 rebus,
2127 2215 2278 2274 solet
2315 2217 2554 2274 solertia
2600 2220 2790 2290 major
2830 2220 3122 2276 accedere.
3152 2218 3260 2277 Nos
3286 2235 3434 2292 erqo,
3473 2223 3530 2280 si

1879 2308 2063 2362 tamen
2093 2308 2175 2362 ita
2202 2305 2353 2363 vobis
2394 2307 2637 2368 videtur,
2670 2306 2760 2363 hic
2784 2307 2959 2364 rimus
2987 2308 3196 2380 parati,
3234 2312 3289 2365 et
3306 2310 3526 2379 justam

1876 2409 2103 2450 causam
2152 2397 2411 2466 foventes,
2468 2396 2533 2452 de
2587 2394 2882 2453 obtinenda
2926 2396 3180 2464 victoria,
3228 2397 3291 2453 in
3337 2413 3399 2454 eo
3433 2401 3531 2454 cui

1877 2483 2120 2540 militare
2165 2499 2263 2541 nos
2307 2484 2603 2553 credimus,
2641 2500 2794 2557 spem
2840 2489 3041 2542 certam
3091 2485 3434 2549 habeamus:
3472 2494 3528 2544 ee

1876 2572 2071 2644 hostes,
2112 2576 2162 2629 si
2218 2588 2318 2646 per
2365 2590 2460 2631 nos
2506 2575 2688 2631 redire
2727 2575 3025 2645 voluerint,
3077 2577 3136 2631 in
3184 2590 3277 2632 ore
3316 2574 3527 2650 qladii,

1877 2662 2120 2719 hostium
2165 2679 2317 2720 more
2360 2666 2746 2737 suscipiamus,
2775 2664 3002 2737 injuriae
3029 2681 3300 2722 memores
3326 2665 3530 2737 illata,

1875 2756 1929 2808 et
1955 2752 2254 2824 apator-nis
2283 2753 2578 2810 virtutibus
2608 2769 2718 2810 non
2746 2754 3055 2825 deperiet-es.
3086 2753 3312 2811 Placuit
3328 2755 3527 2828 itaque

1873 2858 2064 2899 sermo
2112 2843 2241 2911 iste,
2272 2847 2330 2900 et
2357 2843 2416 2900 in
2465 2843 2648 2901 oculis
2676 2844 2941 2901 omnium
2983 2843 3146 2901 visus
3184 2848 3274 2901 est
3302 2844 3522 2914 bonus;

1874 2933 2129 3005 dumque
2157 2933 2217 2989 in
2261 2950 2328 2990 eo
2367 2934 2558 2990 adhuc
2597 2934 2980 2992 consisterent
3012 2935 3211 3000 verbo,
3258 2949 3393 2992 ecce
3420 2935 3523 2992 do-

1875 3024 2073 3082 minus
2103 3024 2473 3081 Boamundus
2511 3041 2547 3080 a
2594 3025 2738 3081 mari
2796 3025 3048 3095 rediens,
3108 3025 3169 3080 in
3216 3028 3413 3081 castra
3459 3041 3524 3082 se

1875 3111 2161 3181 contulit3
2190 3118 2250 3170 et
2276 3118 2409 3188 post
2446 3114 2746 3170 modicum
2786 3113 3177 3183 intervallum,
3208 3129 3401 3172 comes
3430 3118 3523 3172 est

1876 3202 2259 3259 subsecutus:
2318 3219 2467 3275 quos
2521 3207 2892 3275 revertentes,
2946 3218 3084 3261 cum
3133 3203 3410 3277 lacrymis
3464 3208 3522 3261 et

1874 3290 2045 3363 plena
2074 3292 2357 3349 charitate
2386 3292 2642 3365 suscepit
2669 3292 2943 3366 populus,
2974 3296 3267 3350 tantorum
3293 3293 3518 3367 {princi-

1873 3400 2012 3455 pum
2062 3400 2208 3456 pene
2246 3383 2453 3442 solatio
2483 3385 2815 3441 destitutus.
2861 3384 3158 3442 Intellecto
3187 3385 3386 3457 itaque
3414 3386 3516 3441 do·

1872 3474 2018 3531 mini
2048 3475 2213 3530 ducis
2243 3474 2504 3544 consilio,
2548 3474 2788 3531 verbum
2821 3476 3166 3547 approbant,
3196 3480 3255 3531 et
3281 3478 3363 3531 ita
3391 3477 3516 3533 fieri

1871 3569 2135 3636 oportere
2173 3569 2587 3637 protestantur.
2620 3565 2905 3620 Axcianus
2933 3564 3128 3637 itaque
3157 3579 3515 3635 cognoscens

1871 3654 2011 3726 quie
2031 3652 2124 3710 sui
2152 3653 2433 3723 vicerant,
2464 3652 2794 3723 timensque
2825 3652 3225 3722 redeuntibus,
3261 3654 3514 3711 maxime

1871 3746 2107 3814 propter
2131 3757 2395 3812 egressas
2420 3741 2492 3796 de
2514 3741 2722 3796 castris
2746 3745 2949 3812 praeter
2976 3740 3216 3797 solitum
3233 3738 3509 3812 legiones,

1867 3834 2153 3903 quotquot
2181 3835 2350 3887 erant
2380 3830 2437 3885 in
2459 3829 2690 3886 civitate
2712 3845 3008 3885 armorum
3033 3845 3179 3887 usus
3210 3828 3508 3899 habentes,

1866 3918 1979 3976 sub
2007 3918 2196 3975 edicto
2228 3918 2459 3991 publico
2480 3920 2552 3975 ad
2578 3923 2802 3990 portam
2834 3917 3052 3986 Pontis,
3085 3919 3342 3992 praecipit
3370 3936 3507 3977 con·

1864 4008 2078 4079 venire,
2113 4012 2179 4064 ut
2225 4008 2352 4065 suis
2395 4006 2797 4075 redeuntibus,
2849 4024 3017 4081 opem
3067 4007 3424 4081 impendere.
3456 4010 3509 4067 si

1864 4113 2010 4171 opus
2054 4097 2248 4167 fuerit,
2298 4113 2413 4153 non
2482 4103 2803 4154 morentur.
2858 4096 3050 4154 Nostri
3096 4113 3251 4167 vero,
3313 4098 3511 4156 missis

1861 4186 2345 4261 exploratoribus,
2375 4185 2684 4259 diligenter
2714 4186 3080 4261 percunctari
3121 4186 3361 4255 faciunt,
3394 4203 3512 4261 quo

1860 4277 2138 4336 accedant
2154 4275 2404 4346 itimere,
2417 4276 2489 4333 de
2506 4276 2821 4335 obtinenda
2842 4276 3085 4336 victoria
3102 4292 3268 4351 spem
3287 4276 3514 4336 haben·-

110 4364 247 4435 piam
308 4363 419 4438 qui
486 4382 586 4437 pro
645 4368 800 4423 certo
874 4364 1094 4438 aliquid
1151 4368 1468 4427 nuntiaret.
1528 4370 1750 4430 Interea
1857 4370 2034 4429 tesia
2075 4369 2343 4429 Domino.

108 4468 226 4511 vero
272 4453 562 4512 dominus
605 4455 966 4527 GadesriduS,
1006 4456 1182 4513 sicuti
1232 4457 1321 4514 vir
1355 4464 1481 4515 erat
1510 4459 1757 4534 impiger
1787 4461 1835 4525 D

20 4611 23 4622 Ι
111 4547 159 4598 et
180 4542 253 4601 ad
280 4559 459 4601 arma
486 4543 982 4618 promptissimus,
1013 4550 1235 4603 tantam
1260 4564 1364 4620 pro
1392 4549 1490 4606 Dei
1522 4550 1757 4623 populo,

20 4637 23 4642 '
112 4637 387 4703 quantam
423 4649 528 4705 pro
556 4632 757 4691 liberis
786 4649 992 4707 gerens
1034 4635 1511 4709 sollicitudinem,
1545 4656 1759 4699 convo-

112 4722 235 4779 catis
266 4721 650 4798 principibus
678 4728 737 4780 et
775 4722 1099 4797 legionibus
1130 4725 1434 4792 universis,
1469 4745 1634 4786 arma
1657 4745 1756 4788 eos

112 4808 513 4868 incunctanter
533 4811 700 4883 jubet
730 4813 985 4886 arripere
1010 4833 1025 4884 3
1058 4818 1114 4869 et
1142 4816 1360 4873 emissa
1384 4832 1521 4875 voce
1540 4835 1758 4891 proeco-

109 4900 214 4970 nis,
243 4902 361 4959 sub
401 4916 575 4974 poena
625 4902 831 4959 mortis
879 4903 1268 4978 interdicitur,
1302 4924 1373 4963 ne
1421 4908 1552 4981 quis
1584 4916 1757 4968 tantae

110 4993 474 5052 necessitatis
519 4994 760 5051 articulo
825 5012 887 5053 se
945 4998 1152 5054 audeat
1214 5000 1551 5059 subtrahere
1592 5019 1608 5073 ;
1657 5003 1757 5060 sed

110 5098 303 5141 omnes
324 5083 399 5139 ad
428 5099 595 5140 arma
620 5084 945 5155 convolent,
981 5086 1225 5144 fratrum
1259 5090 1606 5162 sanguinem
1639 5092 1756 5148 vin·

113 5172 373 5231 dicaturi.
423 5170 545 5229 Nec
572 5188 757 5240 mora,
808 5176 974 5247 quasi
1022 5176 1111 5233 vir
1159 5193 1314 5234 unus
1365 5188 1760 5239 convenerunt

112 5260 387 5319 universe
419 5259 715 5334 legiones;
747 5263 963 5335 quibus
991 5264 1050 5321 in
1087 5283 1270 5323 unum
1301 5266 1571 5339 redactis,
1612 5286 1757 5343 pon-

20 5367 23 5372 ·
112 5353 217 5408 tem
248 5350 464 5408 transit
510 5351 778 5421 navium;
812 5356 869 5409 et
920 5370 1024 5426 per
1052 5355 1206 5412 acies
1242 5357 1428 5415 diviso
1476 5360 1749 5432 exercitu,

115 5440 397 5515 principes
425 5440 480 5498 ei
510 5439 775 5513 preficit,
797 5441 1102 5501 dominum
1127 5444 1440 5505 Rohertum
1475 5446 1756 5508 Norman-

20 5587 23 5606 Ι
116 5529 207 5588 nia
235 5528 542 5601 comitem,
560 5530 865 5590 dominum
909 5548 1146 5608 quoque
1184 5534 1626 5610 Flsndrenssm,
1657 5540 1759 5600 do-

426 5631 694 5697 Paraor..
739 5632 882 5695 CCI.

2506 4475 2742 4534 CAPUT
2770 4475 2866 4534 VI.

1870 4574 2067 4628 Hostes
2096 4568 2386 4626 redeuntes
2413 4584 2539 4624 cum
2582 4569 2836 4634 victoria,
2865 4570 2998 4623 ante
3023 4570 3240 4638 portam
3278 4567 3512 4624 civitatis
3560 4637 3564 4641 ᾗ

1938 4647 2252 4699 nostrorum
2282 4640 2486 4710 alodiis
2510 4640 2912 4695 obtruncantur
2927 4654 2950 4700 ,·
2977 4638 3180 4693 cadunt
3207 4654 3279 4693 ese
3308 4640 3384 4694 eis
3402 4637 3510 4696 duo

1937 4715 2147 4771 millia.
2177 4714 2303 4769 Dua:
2331 4714 2622 4768 loricatum
2647 4726 2748 4783 per
2774 4710 3014 4765 medium
3051 4709 3273 4766 dividit.

1938 4823 2053 4880 Nec
2111 4838 2295 4887 mora,
2356 4821 2490 4876 dum
2546 4817 2830 4876 ordinatis
2904 4816 3136 4874 aciebus
3191 4820 3249 4872 et
3305 4815 3514 4875 erectis

1864 4910 2115 4978 vexillis,
2141 4910 2402 4966 hostium
2443 4906 2851 4980 praestolantur
2878 4905 3212 4974 adventum,
3250 4920 3382 4963 ecce
3416 4905 3515 4962 ad-

1865 4999 2082 5069 volant,
2111 4998 2209 5069 qui
2235 5014 2336 5055 eos
2365 4997 2424 5053 in
2456 4995 2647 5052 vicino
2678 4994 3029 5053 constitutos
3060 4994 3425 5066 denuntiant,
3456 4998 3516 5050 et

1868 5093 2064 5147 nostro
2094 5087 2333 5159 armari,
2377 5089 2436 5143 et
2491 5084 2763 5141 hostibus
2811 5084 2967 5141 exire
3018 5083 3268 5155 obviarn,
3328 5084 3516 5140 multa

1864 5177 2272 5237 vociferatione
2301 5176 2633 5233 hortantur.
2677 5173 2798 5232 Illis
2828 5190 2959 5231 vero
2985 5173 3515 5248 appropinquanti-

1869 5270 1980 5327 bus
2010 5273 2066 5326 et
2094 5271 2332 5326 eatenus
2363 5264 2591 5333 vicinis,
2625 5281 2741 5338 quo
2774 5265 2990 5322 nostris
3022 5263 3515 5336 progrediendum

1865 5375 1996 5417 esse
2025 5355 2622 5426 videretur,invocato
2644 5356 2715 5410 de
2736 5353 3006 5426 supernis
3036 5351 3276 5421 auxilio,
3307 5356 3515 5409 mutuo

1867 5466 1934 5507 se
1982 5448 2382 5512 exhortantes,
2431 5443 2675 5500 vibratis
2728 5440 2935 5510 hastis,
2985 5441 3241 5516 pristinas
3288 5441 3521 5500 virtutis

1870 5553 2190 5606 memores,
2230 5536 2291 5595 in
2326 5550 2427 5596 eos
2476 5532 2832 5593 unanimiter
2871 5532 3127 5604 irruunt,
3173 5531 3390 5606 gladiis
3430 5530 3523 5588 in-

3131 5633 3202 5696 11
