3784 6000
196 237 327 300 sos
1094 242 1303 306 ms‘r.
1351 243 1630 310 aarum
1672 248 2216 312 manantium.
2261 280 2340 294 -
2379 245 2531 309 us.
2573 244 2737 308 vm.
3499 234 3621 299 ⁴⁰⁶

203 378 297 432 rat
327 373 698 444 vaticinium,
730 380 788 432 et
833 376 1157 435 exhibitum
1190 378 1572 438 historialiter
1613 383 1853 440 verbum
1887 384 1943 454 Α
1971 384 2180 441 solvere
2201 388 2257 440 te
2284 398 2321 438 a
2349 379 2590 438 vinculo.
2634 379 2700 435 Et
2728 376 2871 434 illud
2899 375 3187 444 :Elevara,
3213 369 3457 436 elevare.
3484 384 3617 426 con·

197 464 480 524 lscmini:
550 466 710 535 Lava,
767 467 1124 534 amntem,
1176 471 1379 542 ocutos,
1437 478 1492 528 et
1552 471 1671 530 vtae
1722 475 1855 540 (aa.
1967 490 2158 548 surqe,
2192 471 2531 529 sanantem
2559 470 2691 543 (aa.
2730 484 2805 536 u,
2854 466 2978 538 17),·
3024 465 3169 523 solvo
3209 460 3436 520 vincula
3483 458 3616 515 ωιιι·

198 571 362 624 xux,
389 555 481 629 18)
510 558 813 630 potentiam
846 559 1014 630 repis.
1047 561 1186 618 Ecce
1223 560 1481 618 Salvator
1535 569 1663 619 tuus
1709 569 1860 620 venit
1972 563 2078 632 tui,
2106 564 2334 634 captiva
2362 562 2491 633 filia
2522 559 2649 616 Sion
2682 558 2941 632 (Isa.1.u,
2968 553 3046 627 2).

1180 925 1580 1016 INCIPIT
1659 925 1989 1018 LIBER
2066 922 2537 1014 OCTAVU
2551 922 2636 1012 S.

737 1277 972 1336 CAPUT
1008 1278 1313 1337 PRIMUM.
1957 1281 2182 1338 habens
2213 1277 2513 1352 Ephraim,
2543 1277 2749 1349 inssqua
2777 1277 2867 1332 est
2910 1272 3050 1343 Silo,
3100 1266 3465 1328 tabernaculi
3491 1264 3606 1325 Dc-

196 1367 512 1439 Desert‘ptio
538 1368 678 1424 silus
704 1367 860 1424 urbis
879 1372 1105 1436 sanem,
1126 1370 1186 1426 itt
1217 1383 1345 1443 quae
1364 1367 1671 1427 ostenditur
1714 1385 1851 1444 quas
1958 1371 2106 1428 mini
2135 1374 2337 1429 custos
2367 1368 2722 1442 aliquando;
2743 1363 2967 1433 Sichar,
2983 1355 3466 1419 confabulatricis
3493 1355 3609 1415 Do·

366 1458 612 1530 reqiones
630 1463 685 1514 et
723 1471 848 1530 quae
877 1457 1070 1515 habeat
1100 1460 1215 1515 loca
1243 1474 1342 1531 per
1367 1461 1684 1517 circuitum.
1956 1458 2492 1517 minisamaritanoe
2531 1455 2757 1529 patria;
2788 1452 3009 1522 Bethel,
3041 1462 3350 1507 aureorum
3392 1443 3608 1504 cultrix

269 1545 486 1604 Urbem
501 1551 764 1604 sanctam
795 1552 854 1604 et
881 1547 999 1605 Dee
1030 1548 1340 1606 amabilem
1363 1549 1844 1621 Hierosolymam,
1954 1551 2293 1619 vitulorum,
2325 1552 2383 1605 et
2412 1547 2632 1621 peccati
2663 1543 2977 1603 Jeroboam
3026 1539 3223 1596 testis.
3250 1536 3360 1593 Sed
3401 1537 3462 1592 et
3499 1534 3599 1590 Se-

192 1635 256 1691 in
288 1633 648 1692 sublimibus
678 1637 851 1693 sitam
879 1652 1007 1694 esse
1038 1636 1334 1696 montibus
1353 1643 1575 1695 certum
1600 1643 1728 1709 est;
1773 1639 1846 1696 de
1951 1639 2415 1700 basteaJoannis
2459 1637 2749 1711 Baptista,
2786 1631 2973 1690 Elisaei
3017 1645 3250 1704 quoque
3298 1631 3357 1684 et
3401 1624 3600 1683 Abdi-

195 1724 257 1780 in
280 1723 441 1781 tribu
471 1724 774 1797 BenJamin
805 1727 1057 1798 positam
1085 1731 1348 1784 veterum
1369 1727 1549 1784 tradit
1590 1727 1844 1786 auctori·
1952 1730 2238 1802 tumulus,
2272 1745 2398 1801 qno
2427 1727 2566 1785 clim
2597 1725 2754 1782 dicta
2789 1729 2878 1780 est
2926 1738 2963 1779 a
3011 1723 3208 1777 monte
3261 1720 3484 1777 somer.
3532 1711 3596 1769 iu

195 1820 327 1885 tas;
360 1814 652 1887 habetque
680 1817 751 1873 ab
781 1816 1322 1876 Occidentetribum
1352 1819 1613 1891 Simeon,
1644 1818 1844 1876 etPhi-
1952 1837 2067 1894 quc
2098 1821 2210 1877 sita
2228 1824 2321 1876 est
2349 1817 2632 1884 Samaria,
2675 1828 2879 1885 regum
2918 1808 3090 1868 lsrael
3119 1808 3368 1864 thronus
3413 1800 3598 1860 subli-

191 1903 451 1962 listhiim
483 1905 805 1977 regionem,
834 1915 889 1962 et
920 1923 1079 1965 mare
1109 1907 1590 1965 Mediterraneum
1625 1924 1640 1966 ε
1674 1925 1843 1982 aquo
1874 1938 1923 2003 B
1952 1912 2119 1981 micr‚
2153 1909 2307 1965 unde
2336 1911 2393 1964 et
2420 1910 2542 1964 tota
2573 1904 2849 1978 praedicta
2878 1902 3035 1972 regio
3050 1913 3235 1970 usque
3255 1894 3314 1951 in
3336 1907 3594 1966 proseu-

194 1993 303 2051 ubi
324 1993 596 2067 proprius
610 1998 719 2061 est,
737 1995 1372 2066 juxtavetustissimum
1395 1997 1677 2070 oppidum
1698 1998 1838 2071 Jop·
1950 2009 2066 2058 tem
2088 2000 2240 2057 diem
2274 1997 2489 2055 dicitur
2515 1993 2797 2050 Samaria.
2837 1988 3113 2061 Neapolis
3161 1997 3415 2057 quoque,
3465 1994 3596 2052 qun

195 2096 340 2156 pen,
361 2083 566 2158 viginti
597 2093 847 2157 quatuor
875 2085 1054 2142 distat
1085 2085 1452 2156 milliaribus,
1499 2087 1652 2145 inter
1679 2102 1739 2145 se
1783 2092 1842 2144 et
1949 2090 2088 2149 olim
2121 2089 2279 2148 dicta
2297 2091 2387 2145 est
2404 2085 2661 2152 Sichem,
2680 2077 3000 2139 conditoris
3023 2090 3232 2133 nomen
3252 2068 3589 2140 habens;ln

192 2172 542 2244 praedictum
566 2189 729 2230 mare
763 2174 980 2230 babens
996 2174 1302 2231 castellum
1328 2176 1565 2247 Emaus,
1595 2193 1723 2249 quse
1746 2192 1843 2250 po·
1948 2196 2083 2254 qua,
2103 2175 2746 2237 secundumlectionem
2768 2170 2901 2226 libri
2917 2169 3202 2225 Geneseos
3220 2159 3591 2235 (camum),

192 2268 324 2319 stea
351 2263 510 2320 dicta
528 2266 614 2319 est
643 2262 958 2336 Nicopolis,
979 2268 1045 2319 ut
1091 2264 1509 2337 praemisimus,
1561 2265 1661 2323 ubi
1709 2274 1841 2338 poet
1948 2269 2054 2326 mii
2082 2267 2264 2326 Jacob
2289 2266 2524 2324 Simeon
2539 2267 2598 2319 et
2625 2261 2777 2330 Levi,
2810 2259 2872 2315 in
2894 2256 3174 2314 ultionem
3203 2249 3411 2323 stupri,
3435 2247 3590 2321 quod

192 2350 688 2408 resurrectionem
720 2368 890 2408 suam
928 2353 1208 2410 Dominus
1246 2353 1474 2411 duobus
1531 2354 1837 2428 discipulis
1950 2358 2106 2416 iilius
2135 2356 2392 2422 sichem,
2423 2358 2657 2422 Hemcr,
2691 2347 2876 2406 sorori
2907 2359 3111 2403 eorum
3157 2341 3339 2408 Dinis,
3393 2350 3592 2394 amore

193 2441 508 2514 apparuit3
539 2441 755 2498 Modim
785 2442 1335 2510 etiam,sanctorum
1375 2442 1837 2500 machabaeorum
1948 2447 2106 2505 illius
2153 2451 2382 2519 captus,
2442 2439 2738 2510 intulerat,
2788 2443 2909 2493 tam
2967 2434 3165 2506 ipsum
3203 2443 3381 2502 quam
3431 2424 3588 2481 filio·

194 2532 337 2590 felix
354 2530 690 2604 praesidium
714 2547 729 2601 ;
749 2530 1157 2606 Nohequcque
1182 2533 1373 2590 vicum
1387 2532 1834 2604 sacerdotalem,
1948 2539 2078 2611 ejus
2105 2536 2166 2594 in
2187 2550 2287 2592 cre
2316 2531 2495 2607 gladii
2528 2532 2959 2602 percusserunt,
2991 2521 3197 2578 urbem
3220 2531 3423 2575 eorum
3453 2527 3590 2571 sue·

192 2621 300 2678 ubi
330 2620 534 2693 David,
562 2621 828 2677 esuriens
849 2636 978 2678 cum
1009 2622 1206 2694 pueris
1237 2623 1382 2690 suis,
1399 2621 1662 2678 tradente
1688 2622 1836 2680 Abi·
1950 2629 2290 2686 condentes.

195 2708 420 2767 melech
443 2709 763 2780 sacerdote,
794 2725 974 2781 panes
1015 2710 1427 2783 propositionis
1456 2711 1743 2782 comedit3
1783 2718 1840 2770 et

196 2797 508 2871 Dispolim,
537 2815 662 2871 quta
692 2803 783 2856 est
800 2799 1004 2867 Lidda,
1027 2800 1126 2856 ubi
1158 2799 1361 2858 Petrus
1387 2803 1616 2858 AEneam
1646 2801 1837 2859 virum

191 2889 585 2965 paralyticum
619 2890 691 2948 ab
721 2890 890 2948 annis
921 2894 1048 2948 octo
1066 2891 1131 2949 iu
1160 2891 1401 2965 grabato
1423 2891 1717 2963 ,iacentem
1739 2908 1841 2949 sa-

189 2980 306 3039 luti
338 2980 633 3051 restituit;
666 2984 724 3037 et
749 2981 974 3055 Jcppen
1005 2980 1361 3054 praedictam,
1405 2981 1505 3039 ubi
1533 2980 1690 3039 idem
1731 2980 1834 3040 Pe·

191 3074 349 3139 trus,
374 3069 725 3143 discipulam
767 3072 1005 3128 nomine
1024 3071 1354 3140 Tabitham,
1386 3072 1616 3144 plenam
1639 3072 1839 3145 operi-

189 3162 312 3219 bus
340 3162 510 3220 bonis
540 3167 597 3219 et
623 3161 1024 3233 eleemosynis,
1055 3162 1389 3219 defunctam
1430 3162 1749 3233 suscitavit,
1782 3167 1839 3219 et.

190 3249 416 3312 sanctis
447 3268 517 3310 ac
543 3250 733 3308 viduis
791 3251 1104 3324 resignavit
1164 3251 1391 3310 vivam:
1429 3251 1527 3308 uhi
1568 3256 1625 3310 et
1678 3252 1833 3324 apud
1946 3262 2107 3329 rivis,
2139 3258 2324 3329 silvis,
2355 3254 2617 3314 sontibus
2655 3255 2714 3307 et
2761 3244 2996 3321 pascuis
3054 3240 3287 3314 penitus
3334 3236 3587 3302 carente,

188 3344 494 3402 Simonem
513 3341 826 3400 coriarium
865 3340 1222 3414 hospitatus,
1271 3341 1519 3398 Cornelii
1563 3342 1834 3399 nuntium
1863 3305 1910 3373 c
1946 3354 2084 3410 sita.
2121 3350 2273 3419 nme,
2280 3349 2455 3421 juxta
2480 3346 2702 3402 veteres
2718 3335 2992 3395 historias
3009 3336 3069 3389 et
3088 3326 3465 3388 orientalium
3496 3338 3593 3396 po-

2586 2725 2821 2786 CAPUT
2865 2722 2930 2779 ll.

1947 2845 2151 2918 Quibus
2179 2839 2496 2899 nominibus
2516 2839 2567 2894 at
2596 2841 2729 2907 quot
2758 2829 3071 2909 appellatur
3109 2823 3323 2908 civitas,
3354 2826 3412 2877 et
3448 2817 3596 2892 quod

2017 2913 2190 2974 David
2236 2928 2359 2970 eam
2418 2909 2579 2982 requi
2634 2904 2834 2963 solium
2895 2899 3268 2984 wiquerii.
3310 2888 3586 2962 Quomodo

2016 2987 2200 3047 AElius
2216 2985 2513 3051 Adrianus,
2544 2979 2609 3037 da
2635 2975 2798 3044 clivo,
2827 2976 2888 3029 iu
2906 2980 3110 3029 mcum
3126 2971 3385 3053 uertteem
3413 2969 3594 3020 trans·

2018 3061 2227 3118 tulerit.
2260 3058 2325 3113 Ee
2353 3054 2609 3129 quaedam
2641 3052 2847 3107 iterum
2873 3044 2941 3101 de
2965 3044 3079 3100 situ
3107 3056 3249 3112 ejus.

2019 3174 2121 3229 Est
2142 3174 2336 3227 autem
2368 3162 2755 3225 Hierusalem,
2776 3155 2974 3214 «ludeo
2996 3146 3356 3222 metropolis.
3385 3144 3445 3202 ln
3461 3141 3591 3201 loco

188 3432 476 3505 suscepit,
498 3431 654 3489 sicut
679 3430 741 3487 in
762 3431 1000 3487 Actibus
1032 3431 1432 3504 apostolorum
1481 3431 1833 3488 continetur.

196 3524 282 3579 ab
305 3522 530 3580 oriente
551 3536 685 3578 vero
714 3519 990 3577 Jordanis
1017 3519 1240 3577 habens
1268 3519 1488 3577 fluenta
1506 3523 1564 3576 et
1591 3519 1643 3577 ei
1683 3520 1836 3592 adja-

191 3619 418 3671 centem
450 3610 841 3673 solitudinem,
875 3609 978 3666 fllii
1005 3610 1420 3683 prophetarum
1469 3609 1835 3679 familiarem,

190 3701 365 3781 quasi
390 3702 462 3758 ad
497 3699 767 3757 milliaria
786 3699 1224 3772 quatuordecim
1259 3718 1276 3770 ;
1306 3706 1363 3755 et
1405 3698 1611 3757 vallem
1662 3699 1838 3756 silve-

191 3789 516 3861 strem,ubi
547 3805 702 3844 nunc
717 3790 804 3844 eat
832 3803 993 3844 mare
1022 3787 1180 3854 salis,
1212 3789 1368 3859 quod
1389 3794 1443 3844 et
1473 3786 1633 3845 lacus
1654 3786 1839 3844 Astal-

191 3888 301 3952 tes,
334 3886 391 3940 et
438 3894 598 3936 mare
649 3877 940 3935 Mortuum
1000 3883 1372 3951 nuncupatur
1397 3896 1412 3947 ;
1459 3894 1588 3951 qum
1642 3876 1835 3935 omnis

193 3971 359 4045 regio
389 3974 704 4041 antequam
730 3969 1014 4024 Dominus
1029 3968 1384 4024 subverteret
1413 3967 1750 4036 Sodomam,
1775 3972 1838 4023 ut

192 4060 256 4118 in
287 4058 496 4117 Genesi
528 4057 757 4130 legitur,
796 4057 957 4130 quasi
992 4056 1288 4128 paradisus
1334 4056 1436 4114 Dei
1484 4056 1836 4128 irriqabatur

191 4150 348 4222 (cen.
378 4164 503 4215 x1t1,
538 4148 647 4219 10).
680 4147 836 4204 Citra
862 4162 995 4204 vero
1043 4147 1382 4214 Jordanem,
1431 4147 1638 4204 urbem
1683 4146 1834 4203 Jeri-

192 4240 327 4312 cho,
359 4255 538 4312 quam
568 4237 746 4311 Moysi
775 4253 1079 4294 successor
1122 4238 1319 4307 Josue,
1373 4237 1563 4310 magis
1614 4238 1831 4294 orando

188 4345 367 4403 quam
396 4328 705 4401 pugnando
735 4325 1005 4400 subegit;
1040 4326 1137 4383 ubi
1169 4332 1367 4398 postea
1382 4327 1664 4384 Dominus
1692 4344 1836 4399 prae-

186 4419 430 4490 teriens,
461 4434 610 4475 caeco
641 4417 841 4474 lumen
874 4415 1127 4473 restituit
1157 4416 1368 4490 (naeth.
1407 4419 1504 4487 xx)
1534 4436 1550 4487 ς
1592 4416 1834 4490 Galgala

187 4526 427 4583 quoquo
455 4508 644 4565 Elisaei
675 4506 1127 4581 receptaculum.
1155 4506 1316 4564 Ultra
1358 4507 1672 4565 Jordanem
1702 4523 1833 4564 vero

186 4599 429 4669 Galaad,
461 4599 673 4665 Basan,
702 4600 951 4654 Ammon
982 4604 1039 4654 et
1070 4597 1262 4664 Moab,
1294 4614 1421 4671 quse
1457 4598 1828 4670 postmodum

1945 3442 2219 3516 pulcrum
2249 3435 2611 3501 traditiones,
2642 3429 2895 3505 primum
2926 3423 3085 3480 dicta
3112 3424 3201 3479 est
3215 3416 3412 3476 Salem
3436 3438 3455 3517 ³.
3482 3411 3587 3470 de·

1944 3534 2081 3589 inde
2108 3530 2323 3600 Jebus3
2356 3523 2732 3603 postmodum
2761 3522 3024 3587 tempore
3054 3510 3251 3575 David,
3272 3505 3373 3578 qui
3403 3510 3586 3575 ejecto

1945 3624 2082 3680 inde
2109 3621 2376 3679 Jebusaec
2423 3617 2552 3686 ejus
2598 3608 2944 3671 habitatore,
2984 3603 3299 3675 postquam
3356 3595 3586 3666 septem

1946 3715 2117 3771 annis
2146 3712 2481 3784 regnaverat
2509 3704 2570 3760 in
2598 3699 2815 3765 Ebron,
2842 3709 2971 3751 eam
2992 3685 3308 3761 ampliavit,
3337 3688 3394 3739 et
3424 3679 3590 3782 regni

1946 3802 2249 3862 constituit
2287 3792 2703 3857 solium.dicta
2731 3791 2823 3845 est
2866 3777 3246 3841 Hierusalem.
3296 3771 3461 3830 Unde
3505 3772 3589 3826 tta

1945 3893 2158 3966 legitur
2188 3891 2247 3946 in
2271 3885 2755 3956 Paralipomenon
2788 3893 2803 3933 :
2837 3872 2988 3929 Abiit
3007 3882 3138 3938 erqo
3169 3861 3340 3921 David
3375 3865 3433 3960 ft
3462 3873 3589 3915 cm·-

1945 3983 2035 4040 nis
2060 3977 2236 4038 lsrael
2292 3979 2352 4034 in
2389 3967 2753 4036 Hierusalem,
2787 3965 2886 4021 hoe
2931 3964 3008 4017 ast
3054 3956 3243 4023 Jebus,
3287 3950 3385 4007 ubi
3425 3954 3587 4050 erant

1942 4068 2181 4128 lebusaei
2208 4065 2540 4123 habitatores
2574 4064 2737 4116 terra·
2756 4071 2776 4111 .-
2806 4049 3177 4116 dixeruntque
3221 4040 3317 4113 qui
3358 4036 3585 4096 habita·

1944 4162 2073 4218 bant
2130 4156 2290 4217 labus
2346 4153 2415 4210 ad
2469 4148 2677 4208 David:
2717 4144 2835 4202 Non
2871 4135 3198 4212 inpradiaris
3245 4131 3368 4230 huc.
3409 4125 3587 4231 Perre

1941 4248 2116 4307 David
2141 4246 2284 4320 cepit
2310 4258 2491 4301 arcem
2520 4238 2673 4305 Sion,
2705 4246 2829 4308 quae
2846 4232 2928 4287 est
2949 4227 3141 4284 civitas
3161 4218 3336 4324 David
3351 4233 3375 4281 ,·
3398 4216 3589 4323 ,ἀκτή’-

1940 4334 2291 4412 que:0mnis
2320 4333 2410 4407 qvi
2435 4326 2760 4405 percusserit
2799 4320 3109 4379 lebusaeum
3145 4315 3208 4370 is
3243 4321 3435 4382 pnmts
3479 4309 3587 4363 ortt

1938 4430 2195 4503 princeps
2221 4429 2272 4482 at
2301 4423 2436 4480 dux.
2486 4415 2741 4476 Ascendit
2774 4413 2950 4484 icitur
2983 4409 3215 4481 primus,
3256 4399 3389 4505 loch
3430 4396 3585 4468 maus

1941 4517 2176 4588 Sorviae,
2234 4520 2284 4573 et
2330 4516 2510 4587 sactus
2565 4510 2644 4565 est
2720 4505 3000 4579 princeps.
3052 4495 3325 4553 Habitavtt
3393 4489 3584 4589 autem

1946 4606 2114 4665 David
2159 4608 2220 4662 in
2275 4618 2421 4670 arce,
2492 4606 2546 4656 ee
2617 4596 2829 4653 idcirco
2895 4588 3178 4660 appellata
3238 4583 3318 4637 est
3383 4581 3584 4633 ctvttas

182 4689 557 4758 Ruben,Gad
579 4691 638 4744 et
664 4686 909 4743 dimidia
938 4686 1129 4743 tribus
1151 4686 1415 4745 Manasse
1446 4691 1831 4761 susceperunt
1860 4684 1909 4748 D
1937 4696 2135 4765 David,
2180 4692 2586 4764 ⁸aedificavitque
2657 4682 2849 4740 urbem
2894 4680 2955 4734 int
3030 4670 3273 4731 circuitu
3318 4683 3353 4723 a
3418 4662 3581 4720 Uellv

182 4782 245 4837 in
279 4785 521 4848 sortem,
548 4794 674 4852 quta
695 4779 887 4836 omnis
905 4777 1076 4835 hodie
1102 4780 1261 4851 regio
1285 4780 1536 4852 generali
1567 4778 1826 4852 appella-

187 4870 347 4927 tione
376 4868 588 4926 dicitur
616 4867 849 4924 Arabia.
881 4868 966 4925 Ab
997 4870 1209 4925 Austro
1240 4885 1393 4937 vero,
1434 4868 1654 4927 habens
1705 4886 1825 4927 sor-

186 4957 513 5027 temJuda,
545 4959 604 5015 in
634 4973 750 5029 qua
776 4962 864 5014 est
891 4957 1255 5029 Bethlehem,
1290 4959 1572 5017 familiare
1595 4959 1826 5017 Domini

181 5045 644 5117 reclinatorium,
677 5055 730 5104 et
763 5045 897 5104 felix
930 5047 1246 5105 nativitatis
1277 5047 1595 5106 Dominicis
1621 5052 1682 5106 et
1718 5064 1828 5106 cu-

180 5152 397 5197 narum
429 5136 628 5209 locus3
659 5141 717 5195 et
744 5136 982 5195 Theona
1011 5138 1171 5207 urbs,
1203 5139 1616 5213 prophetarum
1642 5138 1827 5197 Haba-

183 5245 292 5287 enc
310 5229 555 5287 etAmos
573 5227 934 5286 domicilium
959 5246 974 5294 ;
995 5233 1052 5286 et
1080 5230 1293 5293 Ebrom
1307 5247 1432 5303 quai
1456 5230 1569 5288 alic
1590 5228 1828 5289 nomine

180 5317 399 5377 dicitur
417 5317 818 5390 cariatharbe,
846 5324 1179 5377 sanctorum
1219 5320 1687 5394 patriarcharum
1731 5336 1826 5379 se·

177 5411 450 5485 pulcrum
470 5408 822 5466 venerabile.
852 5410 896 5466 A
927 5410 1321 5483 septentrione
1348 5425 1483 5467 vero
1515 5409 1718 5467 urbem
1732 5410 1830 5470 ha-

175 5501 327 5561 bens
355 5498 619 5568 Gabaon,
650 5498 854 5569 Jcsue,
896 5498 1000 5556 filii
1049 5499 1200 5570 Nun,
1231 5499 1521 5573 insignem
1564 5497 1825 5575 victoria,

176 5595 236 5653 ct
268 5587 448 5648 daflxi
474 5587 619 5649 solis
650 5588 934 5650 miraculo
958 5589 1333 5665 preclaram,
1357 5589 1577 5651 tribum
1596 5605 1828 5667 quoque

1941 4802 2109 4857 usquc
2162 4783 2233 4840 ad
2285 4794 2520 4856 pyrus„-
2569 4772 2714 4833 Joab
2765 4772 2951 4827 autem
3000 4763 3217 4837 reliqua
3263 4752 3418 4811 urbis
3480 4767 3580 4809 sx-

1931 4874 2140 4933 struxit
2192 4874 2240 4945 (1
2298 4872 2429 4927 Par.
2487 4882 2566 4934 xl,
2624 4863 2657 4919 4
2701 4864 2761 4918 et
2825 4857 2994 4930 seq.).
3046 4852 3247 4911 Postea
3299 4860 3456 4948 vero,
3487 4856 3577 4899 re·

1932 4968 2149 5041 gnaute
2206 4960 2327 5018 filio
2388 4959 2518 5030 ejus
2558 4953 2891 5019 Salomone,
2948 4943 3105 5002 dicta
3156 4942 3244 4997 est
3291 4935 3575 4992 litet-oso·-

1932 5053 2110 5127 lyma,
2149 5051 2319 5125 quasi
2358 5043 2722 5107 Hierusalem
2751 5033 3102 5097 Salomonis.
3133 5033 3298 5088 Hanc
3321 5040 3479 5128 vero,
3512 5026 3579 5079 ut

1933 5144 2194 5202 referunt
2222 5137 2437 5213 egregii
2469 5134 2787 5208 scriptores
2815 5136 2870 5186 et
2899 5124 3157 5183 illustres
3193 5120 3575 5213 historiogra-

1934 5233 2058 5307 phi,
2071 5230 2430 5305 Hegesippus
2449 5233 2506 5284 et
2523 5221 2836 5293 Josephus,
2855 5215 3191 5274 Judaecrum
3218 5207 3277 5264 id
3300 5204 3578 5276 exigentt-

1931 5326 2044 5381 bus
2075 5320 2319 5389 meritis,
2352 5304 3064 5391 quadragesimosecundo
3083 5301 3217 5373 post
3237 5291 3573 5370 passionem

1931 5410 2160 5470 Domini
2189 5425 2364 5478 anno,
2394 5407 2562 5462 Titus
2589 5394 2935 5474 Vespasiani
2964 5391 3146 5453 filius,
3177 5388 3573 5444 Romanorum

1931 5502 2203 5577 princeps
2237 5496 2611 5573 magnificus,
2638 5490 2871 5550 obsedit
2892 5511 2908 5555 ς
2929 5484 3232 5581 obsessam
3276 5485 3579 5547 expugna-

1929 5594 2039 5664 vit,
2068 5603 2128 5653 et
2154 5592 2550 5666 expugnatam
2589 5580 2801 5657 deiecit
2841 5573 3130 5645 funditas,
3161 5570 3249 5628 tta
3276 5577 3363 5643 ut,
3398 5562 3574 5639 juxta
