3784 6000
208 330 215 335 ⁵
313 237 433 299 387

226 435 238 446 .
328 390 524 444 autem
558 386 727 451 facto,
746 382 1124 452 exsurgentes
1155 375 1468 448 principes,
1499 377 1555 430 et
1583 372 1784 429 urbem
1817 370 1968 427 obti-
1997 353 2047 419 Α
2078 346 2383 416 Βῦῖθὶῑῑῑθῦ,

327 479 528 534 nentes
561 474 688 530 sine
718 470 938 545 praelio,
960 483 1147 539 pauca
1181 463 1314 521 inde
1345 462 1708 521 sustulerunt
1736 460 1956 534 spolia;

322 571 734 637 cognoscentes
763 565 980 625 tamen,
1014 555 1167 629 quod
1191 555 1248 609 in
1280 552 1535 610 latibulis
1564 550 1959 608 subterraneis

317 670 376 711 se
407 653 557 710 cives
588 649 1042 715 occultaverant,
1090 642 1372 717 appositis
1429 640 1663 713 ignibus
1696 643 1754 696 et
1800 639 1958 695 fumo

313 743 605 816 copiosius
628 739 917 806 immisso,
933 752 1031 792 eos
1054 735 1122 792 ad
1139 733 1494 790 deditionem
1509 729 1914 802 compulerunt
1938 747 1954 798 ς

312 837 368 889 et
397 831 536 888 inde
567 829 848 886 violenter
878 827 1200 883 abstractos
1225 821 1433 895 partim
1465 819 1958 876 obtruncaverunt

311 920 542 995 gladiis,
578 920 785 994 partim
839 913 1220 986 compedibus
1266 910 1761 980 mancipaverunt.
1804 908 1957 963 Mor-

312 1015 449 1067 tuus
480 1016 570 1068 est
599 1010 678 1067 ibi
709 1005 986 1065 dominus
1025 1002 1374 1067 Willelmus,
1425 1000 1583 1055 bonae
1641 997 1952 1066 memorias,

311 1097 748 1158 Aurasiacensis
778 1096 1107 1169 episcopus,
1137 1090 1224 1149 vir
1267 1088 1574 1161 religiosus
1622 1103 1686 1143 ac
1742 1086 1957 1142 timens

312 1194 512 1247 Deum.
541 1189 670 1246 Dux
699 1190 892 1244 autem
925 1199 1059 1238 cum
1084 1197 1185 1253 per
1215 1180 1362 1248 dies,
1395 1194 1528 1234 cum
1562 1176 1716 1243 aliis,
1739 1175 1954 1233 ibimo·

309 1294 437 1336 ram
468 1279 720 1345 fecisset,
744 1270 1101 1347 quindecim,
1125 1285 1254 1327 cum
1283 1266 1725 1325 Flandrcnsium
1745 1263 1956 1321 comite

311 1367 702 1425 familiaribus
733 1368 952 1420 tractus
981 1358 1250 1431 negotiis,
1285 1354 1645 1412 Antiochiam
1689 1368 1954 1410 reversus

306 1461 417 1515 est.

963 1573 1199 1632 CAPUT
1247 1571 1312 1627 X.

308 1690 435 1747 Dux
461 1687 532 1744 ad
559 1689 794 1758 fratrem
824 1684 1143 1749 revertitur,
1193 1679 1478 1735 licentiam
1517 1677 1777 1745 impetrat
1805 1692 1825 1730 .·
1865 1689 1955 1730 re·-

376 1761 533 1816 dr'ens
561 1760 632 1814 ed
670 1758 994 1823 exercitum,
1028 1752 1260 1810 insidias
1313 1751 1523 1822 patitur
1570 1747 1632 1803 in
1673 1747 1804 1816 via;
1850 1747 1954 1803 sed

375 1833 583 1887 illaesus
611 1829 818 1887 evadit.

373 1956 481 2012 Per
510 1955 661 2011 idem
718 1957 955 2024 tempus
1014 1949 1218 2004 videns
1276 1946 1555 2004 dominus
1604 1942 1951 2001 Godel'ridus

299 2043 685 2117 Lotharingiae
716 2042 853 2104 dux,
885 2039 1040 2113 quod
1074 2038 1325 2112 populus
1355 2038 1423 2093 ad
1458 2034 1948 2109 proficiscendum

299 2152 365 2194 se
421 2135 750 2206 accingeret
797 2135 856 2187 et
885 2129 1184 2201 principes
1214 2128 1286 2184 ad
1317 2126 1374 2182 id
1434 2126 1628 2197 ipsum
1676 2124 1949 2179 invitaret

301 2226 644 2292 instantius,
676 2221 997 2294 proposuit,
1033 2218 1371 2291 priusquam
1397 2232 1431 2272 a
1462 2215 1696 2287 regione
1722 2212 1825 2270 illa
1852 2213 1949 2269 di-

298 2313 583 2380 scederet,
615 2312 822 2366 fratem
851 2308 1050 2365 videre
1077 2312 1136 2362 et
1177 2307 1302 2376 eJus
1345 2304 1629 2375 colloquio
1678 2301 1945 2360 recreari.

299 2402 594 2460 Profectus
624 2415 760 2471 ergo
791 2413 923 2453 cum
956 2395 1224 2452 familiari
1274 2394 1570 2465 comitatu,
1627 2392 1688 2447 in
1747 2391 1945 2448 fratris

298 2488 592 2558 regionem
623 2483 926 2540 descendit
957 2500 970 2538 :
1006 2498 1123 2553 quo
1158 2480 1305 2549 viso,
1363 2479 1786 2552 completisque
1841 2494 1945 2549 pro

304 2575 519 2648 quibus
575 2574 721 2630 ierat
770 2571 1046 2642 negotiis,
1102 2579 1160 2626 et
1187 2574 1423 2641 sumpta
1450 2568 1710 2630 licentia,
1741 2568 1944 2623 Antio·

301 2664 516 2731 chiam,
545 2662 615 2718 ad
639 2666 876 2717 caeteros
902 2659 1216 2732 principes,
1238 2658 1490 2729 quicum
1514 2657 1942 2728 exspectabant,

300 2751 720 2811 revertebatur.
751 2749 1018 2820 Cumque
1029 2747 1155 2820 Jam
1177 2746 1307 2803 urbi
1330 2763 1426 2820 per
1448 2762 1549 2802 sex
1577 2744 1664 2817 vel
1685 2745 1944 2816 quinque

298 2840 578 2899 milliaria
606 2842 758 2896 esset
789 2837 1114 2911 prosimus,
1138 2837 1349 2894 accidit
1377 2837 1529 2909 quod
1557 2835 1620 2890 in
1643 2834 1770 2891 loco
1803 2833 1942 2891 ber-

301 2930 439 2987 bido
470 2933 526 2987 et
555 2944 783 2985 amoeno
814 2926 980 2995 satis,
1013 2942 1182 2983 secus
1237 2925 1474 2993 fontem,
1511 2923 1613 2996 qui
1651 2923 1848 2978 dulces
1885 2926 1944 2978 et

296 3020 636 3095 perspicuae
664 3017 977 3074 emanabat
1007 3032 1212 3087 aquas,
1256 3014 1385 3086 ipsa
1440 3012 1551 3069 loci
1596 3013 1743 3070 facie
1772 3012 1844 3070 ad
1880 3011 1939 3067 id

1381 217 1807 285 GanELMI
1847 213 2238 278 TYRENSIS
2277 214 2647 276 Ananim).

3593 211 3718 274 388

2412 346 2542 419 ejus
2570 342 2706 403 inde
2733 342 3014 399 violenter
3057 340 3266 412 dejecit
3295 340 3621 411 familiam3
3658 348 3719 402 et

2066 438 2149 495 sic
2181 436 2511 493 universam
2546 436 2769 506 absque
2798 438 3063 490 consorte
3102 430 3360 503 possedit
3398 431 3711 491 civitatem.

2066 524 2267 582 Comes
2297 540 2433 580 vero
2462 522 2666 579 videns
2687 521 2840 592 quod
2872 525 2999 591 ejus
3024 522 3340 575 recesserat
3358 519 3638 587 aemulus,
3658 523 3716 578 et

2065 631 2168 688 pro
2197 614 2380 670 libero
2402 612 2641 670 arbitrio
2673 613 2744 666 de
2772 610 2913 666 urbe
2944 611 3113 680 capta
3143 613 3344 681 posset
3372 608 3713 682 disponere,

2064 703 2332 776 episcopo
2385 718 2513 758 eam
2572 701 2727 756 sicut
2772 704 2831 755 et
2887 698 3050 771 prius
3107 700 3432 769 prosuerat,
3464 698 3717 756 contulit

2061 791 2407 849 Albai-iensi.
2438 791 2589 847 Dum
2622 794 2817 846 autem
2849 805 2980 845 cum
3011 789 3212 844 eodem
3254 786 3548 844 ordinaret
3585 789 3712 861 epi·

2062 899 2261 955 scopo,
2283 883 2573 954 quomodo
2596 879 2891 953 deputatis
2922 895 2990 935 ex
3011 884 3259 950 utroque
3279 878 3485 936 ordine
3515 885 3713 936 custo-

2063 972 2260 1040 dibus,
2296 973 2501 1028 urbem
2533 973 2776 1042 possent
2824 969 2897 1024 ab
2942 967 3216 1024 hostibus
3244 983 3592 1025 conservare
3623 967 3715 1024 in-

2062 1064 2357 1129 demnem,
2390 1060 2648 1118 sentiens
2701 1059 2811 1115 boo
2869 1057 3142 1130 populus,
3201 1056 3412 1114 molest
3459 1056 3713 1114 nimium

2062 1152 2445 1226 coepitferre;
2494 1156 2550 1207 et
2577 1153 2733 1223 apud
2781 1164 2845 1205 se
2886 1148 3189 1221 conqueri,
3220 1148 3371 1221 quod
3403 1164 3592 1205 moras
3620 1148 3712 1205 in-

2062 1246 2361 1299 necterent
2389 1240 2705 1314 principes,
2736 1244 2794 1296 et
2834 1255 2937 1312 pro
2969 1238 3217 1311 singulis
3246 1237 3429 1310 captis
3462 1237 3711 1294 urbibus

2061 1331 2193 1389 lites
2222 1331 2375 1388 inter
2401 1347 2464 1387 se
2494 1330 2848 1387 suscitarent
2873 1332 2929 1385 et
2951 1328 3169 1401 jurgia,
3190 1328 3273 1383 ita
3302 1331 3365 1383 ut
3390 1326 3713 1398 principale

2060 1438 2261 1480 eorum
2310 1420 2674 1495 propositum
2723 1419 2962 1477 omnino
3016 1417 3343 1491 neglectum
3390 1417 3707 1474 videretur.

2062 1511 2226 1569 Unde
2255 1511 2667 1568 convenientes
2716 1507 3043 1565 adinvicem
3102 1505 3523 1563 ordinaverunt
3550 1506 3708 1576 apud

2062 1617 2146 1673 se,
2177 1607 2240 1657 ut
2268 1615 2620 1673 quacunque
2650 1614 2719 1654 ex
2746 1614 2919 1654 causa
2950 1597 3188 1653 absente
3233 1594 3467 1666 comite,
3499 1593 3706 1651 urbem

1983 1727 2031 1793 B
2063 1691 2379 1756 diruerent,
2406 1705 2476 1746 ne
2499 1689 2570 1745 de
2591 1691 2795 1744 caetero
2815 1702 3017 1743 eorum
3040 1684 3186 1742 votis
3216 1683 3439 1756 aliquot
3456 1687 3704 1757 praesta-

2061 1783 2148 1837 ret
2175 1778 2677 1849 impedimentum.

2131 1868 2385 1940 Contigit
2414 1883 2545 1923 vero
2575 1866 2817 1930 interea,
2839 1865 2991 1936 quod
3034 1862 3515 1920 convenientibus
3545 1862 3705 1935 apud

2059 1957 2332 2030 Rugiam‚
2363 1972 2490 2029 quse
2522 1955 2691 2027 quasi
2744 1954 2804 2010 in
2845 1954 3036 2009 medio
3067 1953 3215 2009 inter
3243 1951 3618 2008 Antiochiam
3647 1954 3706 2009 et

2059 2047 2394 2117 praedictam
2469 2044 2720 2101 Marram
2770 2042 2885 2098 sita
2937 2051 3043 2110 est,
3102 2040 3461 2115 principibus
3510 2047 3576 2096 ut
3628 2040 3701 2096 ad

2056 2135 2496 2193 vociferationes
2545 2131 2765 2206 populi,
2848 2148 3024 2204 super
3080 2132 3284 2189 itinere
3339 2129 3706 2187 deliberatio·

2057 2242 2190 2282 nem
2223 2224 2527 2290 haberent,
2576 2238 2774 2280 comes
2829 2227 3068 2279 vocatus
3106 2220 3248 2277 illuc
3277 2219 3558 2291 pervenit.
3591 2217 3701 2276 Ubi

2058 2313 2541 2371 dissentientibus
2594 2311 2665 2368 ab
2715 2310 2989 2382 invicem,
3047 2309 3190 2367 nihil
3222 2324 3578 2378 consonum,
3607 2307 3701 2365 ni-

2058 2403 2256 2476 hilque
2315 2401 2457 2459 utile
2494 2403 2567 2458 de
2625 2401 2923 2474 proposito
2981 2400 3361 2458 constitutum
3419 2402 3508 2456 est
3539 2414 3554 2454 ε
3599 2398 3700 2455 ubi

2056 2492 2195 2548 dum
2226 2507 2414 2549 comes
2446 2506 2670 2546 moram
2692 2489 2927 2561 faceret,
2950 2487 3202 2560 populus
3230 2486 3334 2560 qui
3362 2487 3521 2559 apud
3544 2485 3697 2542 Mar-

2054 2597 2178 2636 ram
2236 2578 2473 2636 relictus
2517 2579 2729 2648 fuerat,
2791 2584 2963 2636 nacta
3008 2576 3313 2636 occasione
3356 2592 3428 2634 ex
3465 2573 3698 2633 comitis

2051 2667 2333 2737 absentia,
2352 2668 2601 2724 multum
2623 2667 2966 2739 prohibente
2987 2676 3043 2723 et
3061 2666 3347 2722 renitente
3368 2663 3696 2737 plurimum

2052 2758 2324 2831 praedicto
2346 2755 2642 2830 episcopo,
2663 2760 2854 2813 turres
2875 2761 2933 2813 et
2962 2755 3178 2812 moenia
3206 2755 3543 2826 deiecerant
3571 2754 3700 2812 fun-

2052 2845 2231 2915 ditus,
2256 2850 2321 2903 ut
2340 2861 2538 2903 comes
2560 2846 2812 2914 rediens,
2837 2844 3086 2902 ulterius
3104 2843 3441 2901 innectendi
3467 2857 3696 2900 moram

2050 2952 2120 2993 ex
2148 2952 2214 2993 eo
2244 2951 2451 2993 causas
2499 2951 2611 2991 non
2653 2933 2909 2990 haberet.
2948 2933 3247 2990 Redeunte
3295 2948 3428 2990 vero
3457 2933 3693 3002 comite,

2049 3026 2233 3083 tristis
2263 3026 2577 3083 admodum
2605 3041 2707 3097 pro
2750 3041 2913 3094 casu,
2970 3024 3070 3097 qui
3121 3022 3431 3093 acciderat,
3483 3022 3692 3080 videns

291 3110 593 3176 invitante,
627 3105 931 3163 descendit
951 3110 1015 3160 ut
1034 3105 1228 3161 cibum
1262 3111 1547 3171 sumerct3
1581 3103 1841 3174 dumque
1872 3101 1933 3157 in
1966 3100 2009 3168 C
2045 3121 2241 3174 tamen
2272 3115 2470 3189 populi
2501 3113 2877 3181 voluntatem,
2913 3112 3132 3170 {gotum
3163 3113 3481 3187 prudenter
3518 3112 3694 3170 diggi-

292 3214 360 3257 eo
391 3198 680 3254 sociorum
705 3197 950 3251 ferveret
977 3194 1249 3259 intentio,
1282 3197 1338 3248 et
1367 3197 1538 3265 aptus
1569 3209 1671 3263 pro
1720 3196 1845 3248 loco
1877 3197 1937 3248 et

287 3293 556 3359 tempore
588 3284 817 3359 prandii
851 3284 1016 3339 fieret
1044 3286 1388 3355 apparatus,
1419 3298 1550 3339 ecce
1600 3287 1832 3354 repente
1858 3282 1930 3337 de

288 3383 518 3436 carecto
550 3374 805 3449 paludis,
837 3389 962 3446 quae
992 3374 1115 3429 loco
1146 3373 1232 3427 illi
1262 3377 1383 3429 erat
1413 3372 1791 3440 contermina,
1824 3371 1931 3428 ho-

281 3467 465 3524 stium
487 3465 712 3537 equites
733 3462 805 3520 ad
827 3476 1087 3534 unguem
1109 3462 1342 3530 armati,
1364 3477 1539 3534 super
1558 3461 1931 3519 convivantes

279 3556 535 3613 irruunt.
568 3553 698 3610 Dux
718 3556 913 3608 tamen
936 3555 993 3607 et
1021 3550 1134 3621 sui,
1167 3553 1479 3621 antequam
1511 3552 1581 3605 ad
1623 3567 1722 3607 eos
1753 3550 1929 3607 Turci

282 3644 641 3711 accederent,
690 3656 854 3695 arma
901 3638 1302 3711 corripuerant
1349 3638 1518 3711 equis
1566 3637 1887 3696 insidentes
1913 3656 1927 3695 z

282 3734 438 3791 unde
468 3734 684 3789 factum
716 3734 908 3796 estut,
942 3728 1139 3784 habito
1169 3728 1321 3784 inter
1340 3745 1440 3785 eos
1470 3728 1760 3797 conflictu,
1787 3746 1930 3803 prae·

280 3823 375 3881 via
402 3820 636 3879 Domini
666 3817 1011 3893 gratia,dux
1030 3819 1191 3875 fieret
1221 3818 1504 3891 superior,
1530 3819 1612 3873 ita
1641 3822 1723 3886 ut,
1748 3818 1925 3875 inter·

278 3909 446 3966 fectis
469 3907 757 3981 pluribuS,
780 3904 1047 3977 reliquos
1079 3905 1138 3960 in
1172 3905 1366 3978 fugam
1388 3906 1644 3976 adigeret
1667 3922 1683 3972 ;
1715 3909 1771 3961 et
1791 3906 1926 3963 inde

275 4015 409 4055 cum
442 3997 631 4069 gloria
661 3997 721 4052 in
753 3997 953 4053 urbem
985 4012 1046 4051 se
1075 3995 1313 4067 recepit.

908 4120 1138 4178 CAPUT
1185 4122 1286 4179 xl.

273 4229 431 4303 Apud
461 4232 710 4286 Murram
740 4228 922 4284 oritur
949 4230 1224 4283 contentio
1253 4230 1397 4285 inter
1423 4232 1679 4287 comitem
1711 4232 1918 4289 Tolosa·

344 4316 503 4367 num,
566 4299 969 4355 Boamumdum.
1030 4299 1382 4355 Boamundus
1452 4311 1636 4373 partes
1700 4304 1918 4361 comitis

345 4371 493 4454 apud
547 4369 895 4426 Antiochiam
949 4376 1195 4440 occupat.
1257 4374 1535 4444 Principes
1597 4373 1745 4445 apud
1800 4376 1918 4431 Ru·-

2046 3206 2307 3263 mulavit.
2339 3204 2597 3276 Populus
2653 3221 2785 3261 vero
2833 3202 3216 3261 nihilominus
3246 3202 3574 3274 protervius
3600 3200 3689 3259 in-

2042 3296 2253 3365 stabat,
2287 3310 2461 3351 orans
2482 3298 2541 3350 ct
2568 3299 2793 3367 petens,
2828 3300 2889 3350 ut
2929 3293 3142 3366 populo
3170 3292 3270 3349 Dei
3301 3291 3374 3349 ad
3401 3306 3688 3364 peragen-

2041 3387 2180 3443 dum
2213 3389 2323 3443 iter
2352 3385 2669 3456 incoeptum
2698 3384 2907 3441 ducem
2938 3400 3002 3440 se
3050 3384 3332 3456 praeberet
3364 3398 3379 3439 ε
3418 3381 3685 3456 alioquin

2038 3476 2148 3550 ipsi
2174 3492 2355 3533 unum
2390 3474 2713 3547 quemlibet
2731 3474 2802 3531 de
2822 3473 3111 3530 militibus
3149 3473 3262 3530 sibi
3294 3471 3684 3546 praeflcerent‚

2039 3565 2142 3637 qui
2170 3582 2367 3624 eorum
2401 3569 2669 3636 praeesset
2697 3564 2996 3633 exercitui,
3021 3568 3081 3620 et
3106 3579 3206 3619 eos
3239 3562 3301 3619 in
3330 3562 3419 3619 via
3446 3560 3686 3619 Domini

2038 3656 2407 3728 praecederet.
2438 3659 2574 3711 Erat
2605 3659 2881 3727 proeterea
2907 3654 2969 3710 in
2998 3653 3204 3710 eodem
3233 3652 3484 3709 exercitu
3515 3656 3685 3708 tanta

2036 3745 2207 3801 famis
2238 3744 2545 3812 acerbitas,
2588 3749 2654 3800 ut
2698 3743 3103 3804 deficientibus
3147 3741 3463 3809 alimentis,
3502 3740 3680 3797 multi

2036 3837 2238 3890 contra
2278 3848 2519 3902 morem,
2568 3834 2820 3892 ferarum
2874 3834 3102 3890 animos
3149 3832 3361 3895 induti,
3392 3832 3463 3889 ad
3505 3846 3677 3889 esum

2034 3924 2464 3979 immundorum
2506 3939 2568 3980 se
2614 3927 3020 3980 converterent
3050 3921 3415 3980 animalium.
3446 3920 3680 3979 Dicitur

2029 4014 2230 4080 etiam,
2261 4014 2312 4070 si
2341 4016 2538 4070 tamen
2570 4013 2659 4070 fas
2707 4019 2793 4070 est
2850 4014 3102 4082 credere,
3161 4013 3313 4084 quod
3352 4010 3521 4067 multi
3551 4028 3678 4085 pro

2035 4103 2449 4161 alimentorum
2502 4100 2721 4175 inopia,
2778 4104 2851 4159 ad
2909 4103 3017 4160 boc
3049 4108 3111 4159 ut
3141 4117 3348 4159 carnes
3376 4100 3679 4160 humanas

2027 4195 2286 4261 ederent,
2316 4192 2571 4266 prolapsi
2600 4200 2739 4250 sunt
2769 4209 2783 4261 ;
2818 4192 2916 4249 sed
2948 4208 3135 4264 neque
3158 4191 3352 4248 clades
3379 4191 3582 4249 deerat
3607 4189 3673 4247 in

2028 4283 2267 4355 populo,
2298 4299 2403 4339 nec
2434 4283 2637 4340 merito
2659 4282 2854 4339 deesse
2874 4286 3120 4355 poterat,
3143 4282 3244 4339 ubi
3264 4284 3385 4338 tam
3415 4280 3678 4338 immun-

2025 4372 2119 4428 dis
2138 4376 2195 4427 et
2215 4370 2614 4444 pestilentibus
2636 4372 2783 4429 cibis
2799 4369 2876 4441 (si
2897 4375 3092 4428 tamen
3115 4370 3230 4428 cibi
3250 4369 3483 4428 dicendi
3503 4375 3672 4441 sunt,

336 4459 489 4516 mam
516 4440 866 4511 ⁶0¹⁸”0722‘W22
913 4440 1060 4497 '‘ml'‘
1116 4443 1247 4497 “¹5¹2
1296 4449 1611 4500 δῑαῑῑίθηῑθὸ·
1670 4447 1909 4517 P0P¹²lfl⁸
1938 4474 1993 4539 1)
2024 4462 2126 4535 qui
2161 4466 2362 4519 contra
2391 4466 2658 4518 naturam
2680 4459 3021 4533 sumuntur)
3054 4460 3268 4517 misera
3287 4459 3453 4532 plebs
3468 4458 3671 4517 aleba-

333 4518 482 4587 fame
511 4514 742 4571 laborat.

335 4645 514 4715 Capta
541 4656 676 4713 ergo
703 4638 936 4697 civitate
961 4637 1254 4711 praedicta,
1294 4643 1420 4697 orta
1439 4646 1528 4698 est
1547 4640 1700 4699 inter
1712 4643 1906 4700 domi·

268 4749 413 4790 num
447 4730 876 4789 Boamumdum
907 4733 965 4785 et
992 4729 1341 4787 Tolosanum
1374 4731 1647 4788 comitem
1671 4733 1907 4805 grandis

265 4820 683 4879 controversia.
705 4819 915 4877 Comes
942 4808 1100 4876 enim
1131 4817 1459 4877 Albariensi
1486 4821 1758 4894 episcopo
1780 4839 1907 4880 eam

261 4910 403 4967 dare
457 4913 880 4983 proposuerat3
921 4907 1297 4966 Boamundus
1339 4925 1471 4967 vero
1501 4926 1628 4967 eam
1658 4911 1907 4970 civitatis

258 5000 488 5069 partem
505 5012 678 5068 quam
709 5001 1109 5069 occupaverat,
1143 5015 1248 5070 pro
1279 4998 1507 5056 comitis
1526 5000 1765 5059 arbitrio
1787 5003 1905 5075 epi-

259 5101 435 5159 scopo
463 5084 700 5143 nolebat
719 5086 1054 5152 concedere,
1082 5085 1195 5143 uisi
1225 5104 1421 5145 comes
1464 5105 1560 5146 eas
1584 5106 1732 5162 quas
1776 5092 1903 5164 ipse

262 5176 416 5248 apud
443 5173 832 5243 Antiochiam,
866 5176 1221 5247 possidebat,
1254 5178 1414 5248 prius
1470 5178 1522 5235 ei
1579 5181 1903 5253 resignaret

2016 4557 2132 4609 tur.
2155 4551 2271 4607 Nec
2301 4550 2454 4608 enim
2478 4555 2954 4607 momentaneum
2978 4550 3188 4617 fuerat,
3212 4564 3316 4606 nec
3334 4548 3408 4605 ad
3430 4552 3671 4623 tempus

2017 4641 2338 4709 modicum,
2360 4638 2464 4695 illa
2491 4642 2654 4696 tanta
2683 4639 2961 4710 talisque,
2984 4655 3109 4711 quae
3140 4636 3421 4711 populum
3441 4636 3666 4696 afflixe-

2017 4735 2128 4798 rat,
2160 4730 2395 4802 inopia:
2428 4728 2531 4786 sed
2569 4730 2742 4801 quasi
2769 4728 3238 4785 bebdomabibus
3266 4728 3548 4801 quinque,
3570 4728 3667 4785 vel

2018 4820 2299 4893 amplius,
2330 4819 2484 4875 circa
2523 4818 2686 4876 illam
2736 4836 2911 4891 quam
2959 4834 3291 4892 expugnare
3321 4817 3665 4886 nitebantur

2017 4911 2247 4977 urbem,
2278 4924 2501 4964 moram
2536 4909 2784 4965 fecerant
2813 4924 2946 4964 cum
2979 4907 3088 4964 boc
3118 4906 3398 4980 periculo.
3433 4908 3667 4965 Defece-

2016 5007 2146 5058 rant
2174 5003 2369 5055 autem
2398 4997 2617 5055 ibidem
2650 5015 2765 5055 non
2794 4998 2987 5055 solum
3016 4997 3241 5055 bellicis
3286 4998 3527 5055 casibus
3555 5014 3664 5054 ve·

2015 5107 2147 5148 rum
2178 5089 2352 5147 etiam
2386 5087 2816 5145 valetudinibus
2835 5088 3031 5157 variis,
3053 5087 3160 5145 viri
3189 5088 3451 5162 praeclari
3479 5092 3538 5146 ct
3560 5105 3667 5147 no·

2014 5181 2198 5250 biles;
2230 5178 2383 5237 inter
2411 5195 2561 5252 quoe
2580 5177 3016 5250 perfectissimas
3051 5177 3265 5236 indolis
3313 5178 3661 5238 adolescens

259 5267 472 5321 turres.
505 5264 761 5320 Tandem
799 5278 936 5320 vero
992 5266 1250 5335 neglecto
1310 5267 1539 5338 negotio
1563 5269 1719 5339 quod
1743 5270 1899 5340 apud
2010 5270 2432 5344 Engelrandus,
2460 5268 2617 5326 filius
2644 5269 2865 5326 domini
2902 5269 3162 5344 Hugonis
3204 5269 3428 5328 comitis
3455 5271 3659 5329 Sancti

258 5352 509 5411 Mari-am
539 5354 845 5425 gerebatur
871 5352 1146 5411 dominus
1175 5353 1551 5414 Boamundus
1580 5373 1712 5416 cum
1745 5360 1899 5415 indi-

2010 5360 2200 5429 Pauli,
2231 5359 2578 5432 aegritudine
2624 5368 2921 5433 correptus
2974 5358 3187 5432 valida,
3244 5361 3402 5418 diem
3445 5361 3659 5421 clausit

248 5444 521 5515 gnatione
552 5460 823 5502 reversus
851 5446 941 5500 eat
985 5445 1377 5517 Antiochiam,
1422 5446 1521 5503 ubi
1554 5451 1897 5522 expugnatis
2006 5454 2355 5508 extremum.

247 5531 511 5590 turribus
539 5549 688 5605 quas
714 5532 982 5592 Tolosani
1008 5533 1243 5592 comitis
1270 5532 1529 5595 munitas
1557 5535 1898 5598 detinebant.
