3784 6000
172 247 287 311 119

1215 243 1573 307 ARNULFI
1617 236 2131 305 LEXOVIENSlS
2174 237 2524 301 EPISCOPI

3465 236 3584 298 120

166 380 505 441 excellentia
534 379 863 455 praefinivit.
893 380 1068 436 Porro
1119 377 1258 451 quia
1301 393 1395 434 me
1442 376 1502 432 in
1541 375 1811 448 Angliam
1843 379 1897 446 Α
1927 390 2098 448 quea
2125 373 2289 430 vobis
2308 371 2629 445 significari
2658 371 2888 439 litteris,
2922 372 2974 429 si
3022 373 3176 445 quod
3230 386 3576 445 responsum

172 470 493 529 multarum
513 471 1024 543 importunitatum
1049 468 1119 523 ad
1142 466 1820 539 praesenstrahitinstan-

169 560 603 633 tia;oportebit
630 575 732 616 vos
763 560 949 614 locum
994 558 1294 628 utriusque
1342 557 1633 629 supplere,
1681 572 1818 612 cau-

178 665 425 722 samque
456 647 736 720 singulari
757 646 981 718 jndicio
1012 646 1275 703 definire.

909 752 1069 811 XCV.

837 843 927 882 an.
973 865 987 881 .
1031 866 1045 880 .
1090 867 1105 882 .
1149 864 1163 880 .

247 919 533 982 Quantum
557 915 711 987 apud
743 913 1058 970 Dominum
1088 918 1353 970 nostrum
1388 913 1729 986 profecerim
1759 914 1819 970 in

176 1003 405 1076 Anglia,
435 1020 537 1061 vos
557 1003 807 1071 vidistis,
849 1003 945 1075 qui
986 1018 1213 1060 mecum
1261 1002 1335 1057 ad
1375 1001 1673 1059 taediosam
1710 1003 1820 1059 im-

181 1099 444 1169 portunae
473 1093 916 1167 supplicationis
944 1093 1202 1150 durastis
1241 1092 1580 1149 instantiam
1622 1097 1678 1148 et
1724 1094 1823 1149 de·

182 1200 347 1242 mum
379 1182 684 1240 severioris
715 1182 963 1254 repulsa!
1006 1181 1421 1239 contumeliam
1465 1182 1823 1254 reportastis.

181 1273 384 1331 Timeo
414 1272 759 1329 induratum
788 1273 1099 1328 adversum
1135 1285 1244 1339 me,
1270 1287 1373 1328 nec
1404 1270 1572 1327 facile
1610 1272 1682 1328 ad
1727 1287 1827 1328 cor

185 1363 306 1421 ullo
328 1377 587 1436 unquam
608 1367 869 1432 tempore
901 1362 1245 1429 rediturum,
1269 1359 1408 1433 quia
1432 1365 1710 1432 concepta
1741 1377 1829 1418 se-

186 1452 301 1510 mel
332 1450 419 1509 ira
446 1450 536 1508 vel
567 1450 767 1508 odium
791 1467 893 1507 nec
925 1449 1139 1522 placari
1172 1449 1337 1506 facile
1367 1449 1689 1518 consuevit,
1726 1466 1830 1506 nec

187 1541 260 1598 ad
291 1539 542 1614 gratiam
566 1540 844 1597 revocari.
869 1541 937 1594 Et
952 1554 1057 1611 ego
1085 1538 1324 1611 quidem
1347 1555 1380 1594 a
1398 1538 1654 1595 secundo
1676 1555 1830 1595 anno

187 1629 351 1703 regni
375 1628 559 1700 ipsius
587 1628 647 1684 in
677 1628 899 1684 crebris
941 1627 1201 1699 ipsisque
1222 1627 1570 1684 certissimis
1595 1626 1828 1684 indiciis

1924 465 2263 540 acceperitis
2295 470 2398 522 aut
2425 465 2681 537 speratis
2714 463 3005 520 effectum.

2658 552 2848 609 XCVI.

2217 662 2289 701 an
2328 659 2605 701 nummum
2645 659 2829 699 mrsu
2867 659 3284 701 auxaunauu.

1996 737 2082 792 Ad
2112 733 2466 792 audientiam
2500 732 2821 804 majestatis
2853 736 3054 788 vestrae
3081 731 3392 803 cujusdam
3444 731 3578 788 illu-

1926 825 2065 882 stris
2087 823 2193 880 viri
2213 823 2447 895 querela
2470 824 2777 895 perfertur,
2801 836 2979 894 quem
3002 821 3274 895 pluribus
3292 822 3365 879 de
3390 822 3589 879 causis

1927 917 2158 972 constat
2186 912 2332 969 mihi
2355 909 2668 984 multiplici
2701 910 2922 968 ratione
2950 910 3315 981 devinctum,
3354 917 3417 967 ut
3443 911 3495 967 ei
3529 912 3588 966 in

1928 1006 2378 1065 necessitatibus
2408 1005 2536 1062 suis
2561 1005 2694 1075 jure
2723 1010 2923 1061 tenear
2954 1008 3256 1074 prasstare,
3289 1007 3590 1076 praeeunte

1929 1096 2162 1168 quidem
2199 1094 2449 1167 justitia,
2517 1092 2826 1150 consilium
2872 1099 2928 1148 et
2976 1091 3261 1148 auxilium
3300 1097 3585 1164 opportu-

1931 1200 2094 1240 num.
2128 1183 2376 1241 Uxorem
2405 1181 2600 1248 habet,
2632 1182 2705 1238 ad
2729 1197 2908 1254 quam
2940 1197 3078 1236 oum
3112 1181 3296 1238 totius
3334 1185 3593 1253 paterne

1932 1272 2285 1330 haereditatis
2308 1277 2586 1345 proventu
2598 1289 2661 1328 ra
2678 1272 2972 1329 successio
2993 1272 3353 1340 crederetur,
3379 1271 3592 1343 produ-

1931 1361 2081 1417 citur
2106 1377 2175 1418 ex
2200 1361 2495 1432 insperato
2532 1358 2723 1430 puella
2755 1365 2814 1415 et
2842 1360 2914 1415 de
2940 1364 3162 1416 secreto
3194 1359 3417 1416 furtivo
3444 1358 3597 1415 edu-

1932 1450 2176 1508 cationis
2197 1450 2529 1517 adducitur,
2555 1464 2729 1522 quam
2752 1449 2863 1505 sub
2894 1448 3169 1505 diuturna
3193 1449 3298 1505 viri
3319 1448 3596 1505 absentia

1936 1541 2011 1596 de
2041 1540 2305 1596 adultero
2325 1538 2688 1611 progenitam
2711 1544 2991 1595 totaterra
3032 1538 3304 1610 cognovit
3333 1554 3347 1594 t
3401 1541 3579 1610 atque

1941 1629 1993 1686 is
2021 1628 2123 1700 qui
2149 1632 2313 1700 pater
2330 1628 2675 1700 exquiritur,
2701 1627 2928 1699 publice
2950 1643 3139 1683 coram
3161 1625 3435 1699 episcopo
3452 1626 3590 1692 loci,

187 1718 1151 1788 intellexi,quoniaminnocentiam
1167 1733 1350 1774 meam
1364 1717 1832 1789 semperexinde,
1864 1751 1910 1814 B
1935 1735 2129 1775 coram
2161 1718 2595 1789 archiepiscopo
2627 1717 2956 1789 provinciae,
2989 1732 3185 1772 coram
3221 1717 3398 1772 etiam
3449 1716 3579 1786 ipso

188 1805 278 1863 vel
311 1805 618 1863 manifeste
642 1805 731 1862 vel
764 1806 927 1877 quasi
961 1805 1205 1871 occulte,
1233 1806 1343 1860 sub
1392 1810 1527 1877 typo
1577 1807 1830 1877 quodam

189 1893 575 1951 dissimulatis
597 1893 927 1950 severitatis
957 1893 1271 1964 oppressit.
1304 1897 1363 1949 et
1391 1908 1621 1950 omnem
1647 1897 1766 1948 tam
1798 1910 1833 1950 a

190 1997 282 2038 me
308 1997 485 2054 quam
517 1998 552 2038 a
583 1982 728 2037 meis
758 1986 1102 2053 proventum
1125 1980 1438 2052 cujuslibet
1476 1981 1715 2038 honoris
1742 1982 1830 2039 vel

191 2067 461 2126 utilitatis
489 2068 751 2126 exclusit.
785 2068 907 2125 Non
927 2068 1117 2142 potuit
1138 2069 1270 2126 fidei
1306 2071 1530 2141 puritas
1548 2069 1637 2126 vel
1659 2069 1832 2127 sedu-

191 2155 328 2216 litas
353 2157 621 2230 obsequii
650 2157 736 2213 vel
770 2157 932 2214 labor
960 2158 1377 2229 intemperans,
1420 2159 1506 2214 vel
1555 2162 1832 2232 sumptus

193 2248 497 2316 excedens,
521 2247 608 2302 vel
633 2247 927 2305 industria
939 2246 1169 2303 consilii
1189 2247 1250 2302 in
1273 2247 1502 2319 magnis
1522 2247 1608 2303 vel
1651 2249 1832 2305 maxi-

195 2336 306 2393 mis
336 2336 511 2392 rebus
541 2335 855 2392 efficaciter
883 2341 940 2392 et
967 2338 1039 2392 ad
1061 2336 1303 2409 gloriam
1331 2337 1654 2408 majestatis
1684 2338 1834 2393 insi-

195 2431 379 2496 stens,
413 2426 673 2496 concepti
709 2426 840 2482 sine
860 2442 1038 2483 causa
1080 2426 1337 2483 rancoris
1378 2427 1836 2484 amaritudinem

191 2515 513 2582 declinare;
546 2515 646 2571 sed
704 2514 965 2573 mirabili
1005 2515 1382 2587 perversitate
1424 2533 1547 2588 quie
1585 2518 1835 2589 gratiam

191 2605 424 2678 penitus
455 2603 766 2663 redemisse
795 2604 1132 2670 debuerant,
1165 2604 1393 2661 sincera
1418 2605 1614 2677 potius
1633 2605 1836 2662 odium

193 2694 404 2752 merita
449 2694 855 2765 provocabant.
926 2693 1219 2749 Instabam
1276 2693 1472 2766 itaque
1534 2695 1741 2752 fortius
1784 2702 1838 2752 et

194 2787 364 2863 quasi
394 2786 465 2843 ad
496 2785 839 2843 evicendnm
875 2783 1081 2839 merita
1121 2783 1343 2840 meritis
1377 2783 1677 2841 cumulare
1713 2801 1838 2842 cer-

193 2876 390 2934 tabam
415 2892 430 2944 ;
465 2879 530 2931 ut
559 2873 824 2946 inspecta
852 2872 1231 2929 laudabilium
1260 2889 1500 2945 operum
1531 2873 1663 2931 luce
1704 2890 1838 2931 eru-

192 2965 452 3023 besceret
462 2960 834 3021 adulatorum
851 2961 1097 3020 confusa
1118 2961 1448 3035 malignitas
1470 2966 1529 3021 et
1562 2964 1636 3020 ab
1658 2964 1839 3021 invito

192 3054 434 3116 domino
463 3052 638 3109 etiam
671 3053 925 3109 savorem
959 3052 1229 3123 frequens
1246 3055 1304 3107 et
1333 3052 1592 3110 officiosa
1623 3054 1838 3111 veritas

1942 1823 2078 1881 rege
2104 1806 2410 1878 requisitus
2440 1823 2608 1863 suam
2642 1820 2765 1862 esse
2783 1803 3261 1862 constantissime
3302 1818 3598 1876 pernega-

1940 1897 2042 1966 vit,
2073 1911 2393 1968 omnesque
2426 1896 2541 1951 fere
2571 1895 2790 1966 quibus
2814 1893 2915 1951 illa
2944 1893 3208 1964 proxima
3243 1893 3597 1965 cognatione

1941 1986 2250 2057 conjuncta
2261 1989 2370 2053 est,
2384 1983 3075 2056 testimoniumlegitimae
3093 1981 3418 2039 nativitatis
3436 1980 3599 2038 nulla

1942 2081 2303 2147 praesumunt
2327 2073 2567 2130 audacia
2608 2073 2936 2146 perhibere.
2980 2072 3099 2128 Sub
3133 2071 3243 2129 hac
3289 2070 3474 2144 igitur
3493 2087 3599 2143 spe

1942 2164 2271 2221 obtinenda
2292 2162 2425 2219 dolo
2441 2161 2821 2228 haereditatis,
2841 2160 3044 2233 nupsit
3063 2161 3316 2228 cuidam,
3336 2159 3438 2232 qui
3461 2176 3603 2217 cum

1944 2251 2270 2309 fautoribus
2300 2251 2425 2308 suis
2441 2251 2651 2308 falsum
2679 2256 2904 2322 patrem
2931 2255 3050 2307 tam
3077 2249 3252 2306 minis
3276 2265 3451 2320 quam
3477 2265 3608 2321 pro·

1945 2340 2143 2398 missis
2168 2339 2444 2397 sollicitat
2474 2344 2537 2396 ut
2565 2355 2699 2396 eum
2731 2356 2766 2395 a
2787 2338 3187 2411 persecutione
3212 2337 3442 2411 publice
3462 2354 3605 2410 pro-

1946 2433 2169 2486 testatis
2222 2429 2481 2486 veritatis
2539 2433 2775 2485 avertat.
2821 2427 3192 2498 Appellatum
3235 2432 3325 2484 est
3371 2427 3447 2483 ad
3499 2443 3606 2485 vos

1944 2520 2099 2589 apud
2131 2534 2308 2590 quem
2333 2518 2553 2574 veritati
2583 2522 2641 2575 et
2666 2516 2910 2589 justitiae
2938 2532 3052 2572 non
3076 2516 3286 2589 poterit
3305 2516 3478 2574 dolus
3513 2517 3606 2574 vel

1946 2607 2220 2664 violentia
2252 2607 2582 2679 praevalere,
2615 2620 2836 2678 nosque
2855 2622 2922 2662 eo
2941 2606 3209 2661 securius
3230 2609 3437 2662 vestro
3459 2605 3602 2663 aeri·

1946 2697 2204 2754 bendum
2236 2695 2513 2753 duximus
2545 2695 2837 2766 majestati
2869 2695 3027 2767 quod
3059 2711 3175 2752 non
3208 2695 3601 2767 quasipreces

1948 2787 2022 2844 de
2049 2787 2272 2844 incerta
2302 2802 2382 2853 re,
2406 2786 2506 2844 sed
2530 2786 2601 2842 de
2622 2788 2759 2842 nota
2785 2784 3162 2855 perhibemus
3192 2784 3603 2842 testimonium

1948 2877 2209 2935 veritate.

2641 2962 2866 3021 XCVII.

2256 3070 2332 3110 An
2371 3069 2633 3110 nonnum
2673 3069 2857 3109 parm
2894 3067 3293 3108 autunnalis«.

191 3149 579 3217 extorqueret.
612 3142 739 3200 Non
762 3143 1135 3215 proficiebam
1153 3143 1344 3212 etipse
1374 3146 1567 3199 tamen
1606 3144 1836 3201 interim
1867 3116 1912 3183 C
2021 3144 2077 3199 Si
2105 3142 2323 3200 venerit
2353 3145 2421 3199 ad
2456 3141 2825 3214 praesentiam
2866 3140 3196 3212 majestatis
3246 3149 3447 3197 vestrae
3500 3158 3602 3198 sa·-

192 3249 324 3290 meo
354 3230 747 3288 nihilominus
775 3231 1062 3288 instanter
1092 3231 1363 3286 utebatur
1390 3230 1603 3298 officio,
1634 3235 1691 3287 et
1736 3247 1842 3287 ex·
1952 3233 2159 3288 cordos
2198 3231 2461 3303 quidam,
2506 3231 2764 3287 Joanues
2808 3230 3043 3287 nomina
3103 3229 3177 3286 de
3239 3228 3603 3299 Grimovilla,

191 3321 429 3378 clusum
461 3321 534 3377 ab
558 3320 675 3392 his,
706 3336 834 3392 quae
865 3320 934 3376 ad
969 3319 1268 3392 proprium
1300 3318 1481 3376 libere
1528 3320 1838 3392 disponere
1949 3324 2279 3380 venientem
2303 3323 2597 3393 sapienter
2614 3322 2876 3393 accipite,
2904 3320 3181 3393 quoniam
3207 3322 3605 3378 excommuni-

190 3407 542 3483 praevalebat
596 3408 931 3476 arbitrium,
984 3409 1240 3466 studiose
1279 3425 1345 3467 ac
1392 3411 1725 3467 memoriter
1765 3411 1838 3467 ad
1952 3417 2117 3469 catus
2141 3417 2248 3479 est,
2281 3417 2339 3468 et
2360 3429 2463 3483 per
2480 3429 2663 3468 annos
2684 3411 2915 3468 circiter
2934 3411 3135 3467 decem
3161 3409 3219 3465 in
3263 3425 3600 3467 excommu-

193 3500 421 3570 majora
449 3499 877 3557 consideranda
905 3498 1167 3567 vocabat,
1202 3498 1259 3553 in
1318 3497 1534 3571 quibus
1581 3516 1714 3556 eum
1765 3501 1835 3556 ad
1952 3502 2243 3558 nicatione
2296 3500 2659 3573 permansit;
2717 3499 3007 3570 siquidem
3060 3514 3271 3555 manus
3318 3499 3605 3558 violentas

193 3588 529 3645 habendum
552 3587 864 3645 consilium
883 3603 1019 3643 cum
1044 3587 1124 3643 rei
1147 3589 1444 3659 quantitas
1467 3593 1588 3644 tum
1614 3589 1838 3661 pericu·

192 3678 752 3746 losuseventus,tnm
770 3676 1133 3733 difficultatis
1147 3678 1836 3749 angustiacompellebat.

190 3764 518 3824 Vicesimus
549 3782 738 3823 annus
770 3771 1001 3822 exactus
1028 3774 1134 3835 est,
1165 3782 1234 3822 ex
1251 3782 1366 3839 quo
1395 3782 1500 3839 ego
1533 3766 1839 3823 miserabi-

192 3854 329 3913 liter
358 3857 418 3913 in
450 3856 560 3913 hoc
582 3872 767 3930 agone
796 3855 1025 3921 sudavi,
1068 3857 1201 3927 quia
1243 3855 1596 3912 indefessam
1654 3872 1839 3927 perse-

192 3945 512 4004 verantiam
550 3946 908 4003 conscientia
944 3947 1172 4003 sincera
1223 3946 1516 4013 firmabat,
1565 3949 1701 4019 quia
1738 3966 1837 4005 ex·

194 4033 535 4092 cellentium
551 4034 714 4107 jugis
735 4034 1014 4092 exhibitio
1039 4035 1396 4092 meritorum.
1429 4036 1555 4094 Non
1588 4040 1837 4109 peccavi,

195 4121 303 4180 etsi
332 4122 473 4195 quid
507 4122 654 4180 sorte
682 4128 979 4192 peccatum
1011 4137 1116 4191 est,
1150 4129 1344 4181 reatus
1372 4132 1565 4182 tamen
1615 4126 1841 4185 liberta·

197 4215 321 4268 tem
350 4211 518 4283 regiae
540 4210 859 4267 clementiis
912 4227 1028 4267 non
1085 4213 1331 4280 excedit,
1371 4219 1426 4269 et
1473 4214 1600 4272 sine
1643 4215 1840 4274 dolore

198 4313 329 4356 meo
359 4298 561 4355 debuit
591 4297 799 4355 saltem
821 4298 1182 4355 detrimentis
1231 4300 1312 4355 nil
1363 4301 1513 4358 male
1561 4305 1840 4362 merentis

195 4385 448 4446 ecclesiis
469 4387 840 4455 commoveri,
866 4404 938 4443 ne
958 4389 1029 4443 de
1049 4388 1240 4444 aliena
1269 4388 1580 4448 afflictione
1596 4391 1836 4463 gloriam

1948 3590 2151 3662 injecit
2182 3590 2239 3645 in
2274 3589 2650 3657 monachum,
2682 3589 2994 3660 ipsumque
3041 3588 3427 3656 sacerdotem,
3460 3605 3609 3646 sau-

1950 3679 2225 3749 ciumque
2254 3683 2311 3734 et
2339 3678 2587 3749 plurimo
2609 3693 2814 3733 cruore
2835 3678 3161 3748 perfusum,
3186 3677 3341 3733 sicut
3362 3677 3607 3746 dicitnr,

1951 3768 2189 3840 penitus
2218 3766 2543 3834 occidisset,
2578 3766 2687 3823 nisi
2721 3782 2856 3822 eum
2877 3764 3104 3822 fortiter
3133 3764 3192 3821 hi
3224 3765 3327 3838 qui
3369 3767 3611 3824 stabant

1949 3873 2084 3914 cum
2118 3857 2399 3913 monacho
2432 3855 2803 3929 repulissent.
2837 3857 2959 3922 Quo
2984 3855 3136 3910 facto
3159 3872 3294 3912 cum
3346 3856 3607 3913 manife-

1950 3950 2109 4003 stum
2142 3950 2293 4002 esset
2324 3961 2458 4002 eum
2482 3946 2543 4001 in
2575 3944 2969 4002 anathematis
3000 3943 3316 4002 incurrisse
3358 3950 3608 4004 senten-

1948 4036 2116 4104 tiam,
2132 4050 2237 4092 nec
2258 4034 2688 4093 absolutionem
2710 4053 2745 4092 a
2762 4036 3026 4092 Romano
3048 4035 3319 4106 pontifice
3340 4054 3610 4110 quaerere

1948 4125 2150 4193 voluit,
2183 4141 2370 4196 neque
2404 4125 2738 4181 satisfacere
2783 4122 3092 4195 monacho,
3128 4139 3234 4182 nec
3272 4126 3441 4184 nobis
3490 4127 3606 4183 ali—

1950 4220 2241 4288 quatenus
2274 4214 2527 4280 obedire,
2560 4216 2659 4271 sed
2711 4216 2783 4271 ad
2826 4224 3083 4275 remotas
3133 4225 3320 4291 partes
3359 4215 3606 4274 alterius

1948 4305 2316 4376 episcopatus
2346 4303 2665 4360 abscedens
2693 4305 2805 4360 sub
2836 4308 3113 4377 praedicto
3146 4305 3379 4363 vinculo
3401 4307 3604 4364 furtim

1948 4393 2215 4448 ordinem
2248 4392 2564 4448 sacerdotis
2587 4393 2834 4464 accepit,
2868 4398 2928 4450 et
2957 4396 3018 4451 in
3051 4395 3315 4467 partibus
3342 4394 3481 4465 illis,
3510 4412 3606 4452 me

199 4492 390 4550 neque
406 4476 634 4533 dulcem
657 4475 771 4531 sibi
789 4475 859 4531 de
880 4476 1070 4532 aliena
1088 4478 1479 4534 amaritudine
1501 4485 1842 4540 contrahere
1873 4486 1921 4551 D
1949 4480 2277 4552 ignorante,
2310 4480 2367 4535 in
2400 4481 2606 4536 ordine
2635 4481 2720 4537 sic
2752 4493 3021 4555 percepto
3055 4484 3286 4555 publice
3308 4484 3605 4540 ministra-

195 4565 573 4639 voluptatem.
608 4565 819 4622 Mirum
851 4570 1048 4621 autem
1081 4570 1170 4623 est
1199 4567 1352 4638 quod
1386 4568 1532 4626 inter
1555 4570 1838 4642 injurias,

198 4672 348 4731 quos
396 4655 586 4728 patior
630 4662 686 4711 et
733 4653 1021 4728 lacrymas
1074 4655 1401 4724 affluentes,
1467 4659 1728 4716 nondum
1769 4663 1839 4718 de

196 4744 672 4803 visceribusmeis
700 4745 884 4816 potuit
902 4743 1061 4800 zelus
1082 4744 1256 4802 altius
1280 4746 1545 4803 radicatis
1577 4747 1839 4807 dilectio-

198 4835 292 4891 nis
321 4832 518 4901 avelll;
550 4831 746 4905 nilque
768 4833 907 4889 mihi
933 4840 1157 4891 constat
1188 4836 1445 4891 amarius
1475 4853 1651 4909 quam
1681 4842 1835 4910 quod

198 4921 543 4979 fidelissimo
571 4921 791 4977 crimen
817 4922 1037 4980 fraudis
1061 4922 1326 4995 imponit,
1358 4923 1738 4998 diligentique
1761 4944 1841 4984 re·

198 5010 403 5086 pendit
420 5010 761 5078 odium,nec
794 5012 852 5066 in
883 5011 1081 5083 aliqua
1097 5027 1191 5068 me
1207 5012 1557 5085 permittitin
1574 5016 1836 5074 futurum

199 5098 648 5159 existimationis
660 5099 789 5168 cJus
811 5105 869 5155 et
889 5101 1088 5169 gratim
1112 5103 1186 5157 fld
1197 5103 1322 5158 ucis
1345 5105 1646 5176 respirare.
1671 5107 1840 5164 Mitto

201 5188 254 5245 ei
286 5188 505 5244 litteras
535 5186 695 5241 omni
727 5184 1058 5243 humilitate
1079 5197 1133 5244 et
1163 5189 1590 5261 supplicatione
1620 5194 1843 5265 plenis·

201 5277 405 5348 simas,
427 5273 582 5331 sicut
611 5272 773 5330 vobis
791 5289 863 5330 ex
883 5275 1164 5349 rescripto
1193 5294 1395 5336 earum
1417 5281 1629 5351 poterit
1657 5298 1844 5355 appa·

201 5382 348 5435 rere,
379 5381 524 5438 quas
554 5362 760 5421 vellem
791 5365 843 5421 ei
895 5366 1193 5438 explorata
1249 5370 1689 5441 opportunitate
1735 5375 1842 5430 sub

202 5452 512 5528 prasentia
530 5456 734 5510 vestrae
752 5453 1050 5512 charitatis
1079 5456 1272 5513 offerri
1295 5462 1360 5515 ut
1386 5476 1485 5517 eas
1498 5461 1842 5520 semeltotas

203 5545 400 5602 vestro
428 5541 621 5600 studio
643 5541 1036 5605 intercedente
1064 5548 1383 5607 sustineret
1425 5550 1642 5623 audire,
1666 5551 1842 5609 mihi-

1947 4571 2049 4628 vit.
2081 4570 2162 4625 Ad
2189 4570 2339 4626 hanc
2367 4584 2501 4625 vero
2520 4572 2956 4642 perversitatem
2979 4575 3378 4641 exercendam,
3400 4572 3600 4645 ipsum

1948 4678 1983 4717 a
2014 4658 2218 4729 primis
2247 4658 2649 4716 adolescentia
2680 4675 2800 4716 suae
2832 4662 3007 4718 annis
3046 4678 3198 4718 caeca
3222 4662 3402 4717 traxit
3417 4663 3606 4718 ambi·

1948 4748 2051 4811 tio,
2088 4748 2448 4819 acquirendas
2479 4746 2695 4805 scilicet
2725 4749 2782 4804 in
2815 4750 3154 4822 episcopatu
3189 4756 3387 4808 nostro
3412 4752 3605 4820 cujus·

1950 4838 2084 4893 dam
2115 4835 2460 4908 parochialis
2480 4837 2757 4905 ecclesiis,
2790 4854 2965 4909 quam
3001 4856 3101 4910 per
3119 4838 3454 4896 violentiam
3490 4840 3605 4911 ple·

1952 4926 2091 4982 beise
2124 4923 2542 4993 multitudinis,
2593 4925 2686 4982 cui
2711 4926 2836 4999 ipse
2863 4928 3213 5000 cognatione
3243 4930 3604 4999 conjunctus

1950 5020 2094 5082 erat,
2124 5014 2368 5071 credidit
2388 5014 2669 5071 obtinere.
2702 5019 2768 5070 In
2790 5031 3051 5087 quacum
3079 5016 3391 5073 duodecim
3425 5033 3604 5074 anno·

1953 5121 2084 5160 rum
2132 5110 2192 5160 et
2230 5120 2297 5160 eo
2347 5103 2601 5176 amplius
2636 5105 2830 5176 spatia
2878 5105 3369 5177 consumpsisset,
3423 5105 3605 5162 nullis

1953 5194 2175 5251 meritis
2204 5208 2353 5250 ame
2399 5192 2560 5249 nulla
2602 5193 2827 5264 justitia
2873 5194 3077 5252 debuit
3122 5194 3408 5264 exaudiri,
3459 5195 3605 5266 quia

1953 5300 2046 5339 me
2076 5300 2147 5339 ex
2166 5299 2234 5340 ea
2258 5298 2434 5339 causa
2464 5283 2796 5354 frequenter
2840 5284 3163 5352 offendere,
3195 5290 3253 5340 et
3289 5282 3601 5342 ecclesiam

1953 5372 2153 5430 multis
2183 5372 2414 5443 injuriis
2446 5389 2560 5430 non
2592 5372 3134 5431 destititinfestare.
3166 5374 3452 5431 Defuncto
3482 5374 3601 5430 ita-

1952 5478 2068 5535 que
2097 5463 2409 5524 sacerdote.
2443 5461 2541 5534 qui
2571 5462 2631 5519 in
2687 5462 2930 5521 ecclesia
2980 5462 3079 5521 illa
3135 5463 3308 5521 annis
3366 5461 3604 5521 circiter

1952 5552 2337 5625 qnadraginta
2385 5551 2837 5625 ministraverat,
2897 5568 3006 5627 ego
3054 5554 3125 5611 ad
3176 5551 3601 5612 monachorum
