3784 6000
290 296 409 357 755

1359 281 1785 349 GUILLELMI
1826 273 2209 340 TYRENSIS
2251 270 2615 336 ARGEIEP.

3581 266 3693 326 '256

292 431 423 488 sine
443 427 710 487 molestia
729 426 968 483 haberet
989 422 1209 480 exitum
1231 427 1288 478 et
1303 421 1559 478 reditum
1579 418 1653 474 ad
1672 415 1933 489 propria:
1959 415 2017 483 A
2048 413 2438 484 undecunque
2469 410 2788 484 potuerunt
2809 406 3070 480 peditum
3091 404 3482 479 equitumque
3502 404 3694 462 suffra·

295 520 450 592 quod
500 519 551 576 ei
599 530 944 574 concessum
992 517 1123 569 est:
1167 526 1284 584 quo
1332 510 1592 578 obtento,
1644 507 1937 565 civitatem

295 607 586 675 deserens,
648 620 751 675 per
809 601 1186 660 solitudinem
1244 614 1512 657 reversus
1573 601 1663 654 est
1724 595 1935 651 Dama-

298 712 484 755 scum.
900 762 1136 821 CAPUT
1182 761 1332 819 v111.

294 857 609 915 Noradinus
633 858 784 913 circa
805 861 993 927 partes
1019 853 1386 925 Tripolitanos
1416 850 1680 915 vincitur,
1710 850 1766 904 et
1794 849 1939 919 fuya

656 930 755 985 vix
781 932 1100 982 nostrorum
1129 940 1330 981 marius
1358 921 1570 994 effuqit.

364 1035 695 1092 Noradinus
716 1034 937 1089 interea
963 1032 1111 1089 circa
1137 1039 1328 1102 partes
1348 1027 1762 1099 Tripolitanae,
1788 1026 1847 1080 in
1869 1040 1936 1080 eo

296 1123 423 1181 loco
472 1124 574 1196 qui
615 1122 790 1194 vulgo
829 1120 1156 1192 appellatur
1206 1120 1281 1174 La
1312 1118 1555 1184 Buchea,
1591 1130 1810 1171 moram
1853 1114 1940 1170 fa-

296 1214 479 1283 ciens,
512 1213 653 1269 dum
685 1211 977 1283 prosperis
1008 1208 1213 1277 elatus,
1245 1205 1675 1279 aliquantulum
1703 1220 1766 1260 se
1787 1204 1939 1275 gerit

300 1302 611 1372 incautius,
644 1302 925 1357 damnum
958 1299 1207 1355 incurrit
1238 1311 1382 1368 pene
1419 1292 1811 1366 irreparabile.
1835 1293 1942 1349 Ad·

302 1394 580 1447 venerant
599 1389 699 1445 illa
719 1392 1059 1459 tempestate
1076 1387 1305 1459 quidam
1326 1385 1570 1447 nobiles,
1591 1385 1661 1439 de
1680 1382 1944 1456 partibus

304 1480 689 1554 Aquitanicis,
724 1477 1041 1536 Gauii-idus
1062 1476 1346 1537 videlicet.
1371 1475 1473 1546 qui
1494 1473 1943 1546 cognominatus

303 1576 393 1630 eet
419 1567 642 1636 Martel,
675 1566 895 1624 domini
925 1565 1153 1624 comitis
1184 1563 1645 1637 Engolismensis
1669 1563 1862 1630 frater,
1890 1568 1946 1617 et

305 1659 466 1730 flugo
511 1657 582 1714 de
630 1656 914 1713 Liniziaco
963 1654 1174 1724 senior,
1217 1653 1318 1726 qui
1363 1652 1809 1725 cognominatus
1856 1654 1947 1706 est

2041 502 2175 575 giis,
2225 500 2512 559 ordinatis
2558 496 2895 571 agminibus
2943 500 3001 551 et
3041 495 3102 551 in
3147 494 3330 553 aciem
3370 493 3693 567 dispositis,

2042 591 2273 649 obviam
2298 590 2382 646 ire
2413 589 2712 654 festinant,
2744 589 2802 643 et
2833 584 3205 642 obsidionem
3238 582 3468 642 solvere
3499 583 3696 641 invitis

2041 679 2312 737 hostibus
2342 678 2780 751 aggrediuntur.
2812 676 2964 733 Sane
2985 673 3342 746 Noradinue,
3363 677 3422 732 et
3441 672 3546 746 qui
3565 689 3690 730 cnm

2042 784 2109 826 eo
2139 775 2303 825 erant
2334 767 2679 824 Parthorum
2726 763 3046 837 principes,
3090 761 3530 821 communicato
3567 778 3690 819 con·

2043 857 2198 923 silio,
2250 857 2437 914 tutius
2486 854 2815 927 opinantes,
2877 851 3185 911 obsidione
3243 859 3459 924 sponte
3507 850 3697 908 soluta
3783 838 3784 871 ³

2042 948 2360 1015 discedere,
2382 963 2562 1020 quam
2583 960 2720 1002 cum
2744 944 3016 1002 hostibus
3038 959 3182 1016 pene
3190 944 3320 1015 jam
3337 942 3697 1000 instantibus
3783 931 3784 935 ¹

2043 1037 2274 1093 incaute
2331 1036 2621 1109 congredi,
2685 1033 3029 1106 compositis
3085 1032 3362 1101 sarcinis,
3429 1032 3696 1089 recedere

2044 1126 2466 1183 moliebantur:
2492 1124 2704 1181 nostris
2725 1140 2857 1181 vero
2891 1122 3271 1179 nibilominus
3282 1121 3370 1178 eis
3385 1121 3694 1187 instantes,

2045 1216 2179 1271 dato
2208 1230 2481 1271 successu
2513 1219 2571 1270 et
2601 1213 2890 1285 prosperis
2917 1213 3251 1279 abutentes,
3275 1211 3423 1268 dum
3455 1211 3545 1268 eis
3585 1228 3694 1268 non

2045 1304 2279 1371 sufficit,
2314 1303 2468 1375 quod
2494 1302 2818 1374 oppidanos
2845 1299 3146 1357 obsidione
3167 1304 3472 1356 tantorum
3495 1299 3698 1372 princi-

2047 1408 2187 1464 pum
2219 1392 2605 1462 expedierant,
2639 1390 2779 1445 dum
2811 1387 3105 1445 incautius
3139 1388 3565 1459 insequuntur,
3586 1387 3700 1445 dis·

2047 1481 2373 1552 solutisque
2402 1479 2759 1552 agminibus,
2792 1481 2849 1535 et
2867 1485 3072 1534 contra
3095 1475 3411 1533 militarem
3431 1476 3698 1548 discipli-

2047 1586 2180 1626 nam
2195 1572 2412 1640 passim
2426 1567 2889 1625 discurrentibus
2900 1570 3243 1639 evagantur,
3259 1567 3697 1623 recurrentibus

2050 1659 2259 1725 subito,
2306 1659 2692 1729 animumque
2720 1660 2778 1713 et
2806 1654 2960 1712 vires
3001 1654 3441 1712 resumentibus
3473 1655 3697 1725 Turcis,

302 1746 557 1813 Ermum»
607 1745 886 1802 Ofassi‘miss
933 1742 1143 1816 grai-5⁸·
1195 1742 1260 1797 ΗῙ
1313 1739 1623 1812 θΟῑΠΡῙθῑὶθ
1667 1740 1737 1794 de
1786 1753 1944 1796 1¹¹01'0
1980 1785 2028 1851 B
2059 1751 2409 1822 quibusdam
2453 1749 2713 1806 locorum
2746 1747 3096 1820 palustrium
3126 1745 3419 1820 angustiis
3450 1760 3699 1819 compre-

307 1833 684 1902 orationibus,
713 1834 784 1890 ad
826 1837 1022 1907 partes
1054 1849 1115 1890 ee
1145 1830 1524 1887 contulerunt
1541 1828 1948 1885 Antiochenas.

304 1922 545 1995 Cognito
574 1937 711 1993 ergo
743 1922 894 1993 quod
924 1920 1258 1977 Noradinus
1299 1919 1451 1975 circa
1481 1922 1675 1988 partes
1706 1915 1953 1988 Tripoli-

309 2017 494 2078 tsnes,
526 2011 587 2066 in
617 2009 743 2067 loco
774 2010 1130 2083 supradict0,
1164 2025 1299 2065 cum
1322 2025 1427 2065 suo
1450 2008 1701 2064 exercitu
1727 2021 1951 2061 moram

305 2100 538 2168 faceret,
573 2098 871 2173 nimisque
913 2114 1111 2155 secure
1141 2102 1199 2154 et
1227 2098 1352 2153 sine
1380 2096 1795 2164 sollicitudine,
1831 2095 1951 2150 otio

298 2190 592 2247 resolutus
630 2188 981 2262 quiesceret,
1026 2187 1356 2245 convocatis
1395 2184 1747 2242 militaribus
1787 2185 1950 2241 auxi-

298 2280 415 2340 liis.
449 2295 627 2351 super
671 2279 802 2348 ejus
832 2277 1157 2333 exercitum
1190 2276 1474 2333 irruentes
1506 2275 1715 2344 subito,
1750 2272 1950 2329 multis

307 2367 515 2441 captis,
552 2367 814 2431 pluribus
852 2365 1049 2438 gladio
1090 2365 1429 2437 peremptiS,
1470 2363 1780 2419 exercitum
1821 2363 1951 2432 eJus

309 2474 456 2531 pene
471 2473 655 2529 usque
674 2457 744 2512 ad
765 2472 1100 2528 supremam
1120 2455 1573 2511 exinanitionem
1591 2454 1947 2510 deleverunt.

306 2545 409 2602 Ille
454 2561 589 2602 vero
634 2544 834 2601 relicto
884 2543 1077 2616 gladio
1123 2548 1180 2599 et
1220 2543 1456 2600 omissis
1513 2541 1951 2612 impedimentis

306 2634 618 2704 universis,
665 2633 859 2690 nudus
908 2632 1089 2688 altero
1140 2634 1304 2706 pede,
1346 2633 1612 2703 jumento
1661 2631 1948 2698 insidens,

303 2723 581 2782 confusus
623 2721 873 2779 nimium
924 2726 983 2778 et
1012 2722 1083 2779 de
1132 2721 1252 2778 vita
1281 2720 1622 2793 desperans,
1667 2720 1765 2774 vix
1814 2720 1951 2791 suga

305 2812 566 2885 elapsus,
601 2815 934 2868 nostrorum
968 2826 1179 2867 manus
1206 2810 1408 2866 evasit.
1440 2808 1637 2864 Nostri
1668 2824 1801 2864 vero
1824 2824 1953 2880 spo·

306 2901 403 2959 liis
433 2905 490 2957 et
520 2900 939 2972 multiplicibus
960 2898 1293 2971 locupletati
1316 2898 1557 2965 divitiis,
1588 2897 1853 2963 victores,
1877 2897 1949 2952 ad

307 2990 543 3063 proprIa
576 2989 888 3047 redierunt.
933 2990 1195 3046 Fuerunt
1240 2996 1434 3046 autem
1488 2988 1667 3058 hujus
1716 2986 1954 3059 expedi-

310 3081 486 3140 tionis
533 3082 738 3147 duceS,
786 3079 1084 3137 Gilbertus
1116 3081 1187 3137 de
1229 3079 1378 3143 Leni,
1420 3078 1506 3134 vir
1547 3077 1761 3135 nobilis
1791 3081 1848 3134 et
1889 3078 1949 3133 in

2060 1841 2250 1907 hensi,
2283 1840 2461 1912 primo
2491 1840 2835 1904 franguntur
2872 1837 3123 1909 impetu;
3155 1836 3499 1908 quibusque
3542 1837 3696 1909 prius

2056 1931 2288 1986 ruerant
2316 1928 2640 1994 formidini,
2686 1927 2944 1983 ludibrio
2983 1926 3123 1982 satis
3164 1924 3580 1983 miserabiliter
3611 1942 3697 1981 ex·

2057 2026 2368 2090 ponuntur.
2391 2017 2684 2090 Profligati
2707 2016 2863 2072 enim
2888 2023 2942 2072 et
2962 2015 3149 2081 tracti,
3174 2014 3421 2086 turpiter
3443 2014 3693 2072 hostium

2056 2107 2288 2181 gladiis,
2326 2107 2693 2163 victimarum
2737 2121 2921 2174 more,
2963 2105 3280 2161 caeduntur.
3327 2103 3458 2162 Non
3491 2107 3584 2160 est
3605 2103 3693 2175 qui

2056 2197 2273 2271 vigoris
2313 2196 2643 2252 meminerit
2682 2193 2978 2267 praeteriti,
3030 2194 3127 2266 qui
3182 2196 3441 2267 paternas
3481 2209 3696 2250 memor

2056 2285 2314 2353 virturis,
2343 2288 2442 2341 aut
2474 2284 2740 2356 propriis,
2773 2281 3119 2354 propulsare
3144 2282 3377 2337 studeat
3400 2280 3692 2351 injuriam,

2057 2379 2159 2432 aut
2181 2392 2282 2446 pro
2306 2375 2579 2432 merenda
2601 2374 2872 2431 libertate
2892 2376 2950 2429 et
2972 2373 3189 2428 honore
3204 2371 3395 2445 patrio
3411 2371 3694 2444 gloriosus

2056 2466 2379 2535 decertare;
2421 2464 2744 2537 praecipites
2785 2478 2946 2535 ergo,
2985 2466 3043 2518 et
3080 2477 3195 2519 suaa
3246 2461 3556 2533 dignitatis
3595 2461 3691 2516 im-

2057 2569 2367 2623 memores,
2394 2556 2573 2609 armis
2603 2551 2908 2625 depositis,
2936 2551 3112 2608 vitam
3145 2551 3390 2624 indigna
3411 2550 3695 2624 supplica·

2058 2643 2212 2699 tione
2251 2647 2569 2713 merentur,
2607 2656 2780 2714 quam
2823 2657 2925 2713 pro
2968 2640 3156 2713 patria
3207 2639 3455 2697 viriliter
3503 2640 3694 2697 decer-

2056 2732 2253 2801 tando,
2299 2730 2668 2787 excellentius
2698 2730 2889 2786 ruerat
2934 2728 3319 2801 impendisse,
3352 2732 3413 2785 et
3453 2727 3694 2800 exempli

2058 2820 2132 2876 ad
2185 2823 2444 2891 posteros
2505 2818 2854 2876 favorabilis.
2916 2818 3087 2875 Porro
3151 2819 3330 2875 Toros
3387 2817 3695 2874 Armenius

2057 2907 2259 2963 videns
2298 2906 2550 2964 bostium
2584 2907 2895 2978 praevalere
2923 2922 3140 2962 cuneos
3188 2909 3532 2962 nostrornm
3574 2920 3694 2960 vero

2055 3013 2088 3054 e
2116 3013 2394 3054 converso
2429 2995 2583 3052 acies
2621 2995 2934 3061 corruisse,
2987 2994 3121 3069 iuga
3150 2993 3327 3052 saluti
3358 2993 3696 3063 consulens,

2057 3087 2282 3143 bellicis
2313 3102 2375 3141 se
2405 3085 2619 3142 exemit
2649 3085 3021 3142 tumultibus.
3054 3084 3446 3154 Displicuerat
3477 3085 3697 3144 saneah

308 3170 487 3227 armis
516 3170 885 3235 exercitatus,
918 3173 1235 3242 praeceptor
1266 3169 1506 3224 fratrum
1541 3166 1760 3222 militias
1782 3167 1952 3222 Tem·
1980 3170 2032 3237 C,
2059 3174 2237 3231 initio
2258 3175 2388 3241 sihi,
2419 3176 2575 3247 quod
2608 3174 2804 3231 hostes
2846 3175 2918 3231 ab
2964 3175 3265 3231 obsidione
3313 3174 3699 3240 discedentes,

310 3258 390 3332 pli
422 3259 479 3313 in
513 3258 780 3330 partibus
810 3256 957 3325 illis;
990 3262 1047 3312 et
1077 3259 1192 3313 duo
1223 3257 1416 3324 magni
1448 3255 1700 3327 praedicti
1732 3255 1859 3323 viri,
1897 3260 1956 3311 et

310 3348 603 3405 Robertus
643 3345 880 3414 Mansel,
931 3347 1031 3416 qui
1071 3345 1425 3402 Gelensibus
1455 3344 1516 3400 in
1545 3343 1748 3400 eadem
1781 3360 1955 3416 expe·

314 3439 538 3496 ditione
567 3446 830 3511 preerat,
858 3441 917 3495 et
944 3437 1042 3494 alii
1075 3438 1266 3508 pauci.

958 3543 1193 3601 CAPUT
1233 3544 1324 3601 IX.

313 3636 631 3696 Nor-adimas
671 3634 729 3690 in
766 3633 1023 3705 partibus
1078 3633 1428 3690 Antiochenis
1467 3641 1708 3690 castrum
1750 3633 1965 3688 Harsnc

384 3707 621 3771 obsidet,-
644 3709 898 3777 princeps
929 3705 1310 3774 Antioc-henas,
1351 3721 1524 3761 comes
1567 3704 1962 3774 Tripolitanus,

387 3779 762 3835 Calamannus
789 3780 1017 3846 ciliciae,
1048 3785 1390 3848 procurator,
1420 3780 1743 3849 capiuntur.

384 3885 717 3942 Noradinus
750 3887 948 3941 autem
981 3900 1119 3940 casu
1153 3887 1562 3940 consternatus
1593 3881 1851 3949 sinistro,
1877 3881 1967 3935 ira

315 3990 657 4044 succensus,
688 3974 929 4030 indutus
970 3973 1313 4029 confusione
1343 3976 1400 4028 et
1441 3972 1777 4037 reverentia,
1816 3972 1964 4027 insa-

317 4064 493 4121 miam
527 4063 756 4119 abolere
802 4063 1063 4131 cupiens,
1095 4063 1163 4117 ad
1199 4062 1597 4119 ulciscendam
1629 4077 1793 4117 suam
1825 4077 1964 4117 euo-

318 4167 564 4223 rumque
607 4150 910 4223 injuriam,
961 4151 1258 4221 proximos
1305 4158 1363 4208 et
1405 4150 1620 4206 amicos
1666 4150 1967 4220 sollicitat,

325 4241 621 4297 universos
652 4254 796 4309 pene
826 4238 1079 4294 Orientis
1118 4239 1408 4311 principes
1440 4255 1595 4294 nunc
1628 4255 1793 4312 prece
1815 4254 1970 4295 nunc

323 4329 506 4402 pretio
563 4326 808 4398 supplex
882 4327 1110 4396 invitat,
1166 4329 1319 4385 vires
1385 4336 1633 4398 reparat,
1700 4326 1971 4385 militaria

320 4416 595 4488 suffragia
624 4415 839 4486 colligit
875 4415 1286 4487 undecunque.
1319 4414 1588 4473 Collectis
1633 4417 1813 4488 igitur
1855 4418 1970 4474 im-

2066 3267 2296 3321 fuerant
2323 3265 2604 3332 insecuti;
2634 3267 2692 3322 et
2719 3265 3062 3320 dissuadere
3090 3263 3336 3321 adorsus
3366 3263 3581 3330 suerat,
3613 3263 3703 3319 sed

2067 3353 2364 3427 praevaluit
2422 3353 2683 3408 inutilior
2744 3353 2991 3408 aliorum
3050 3352 3364 3408 sententis.
3433 3351 3707 3411 Dominus

2067 3447 2267 3500 autem
2295 3441 2673 3498 Boamundus
2705 3440 2974 3513 princeps
2993 3440 3413 3508 Antiochenus,
3441 3442 3707 3499 dominus

2068 3547 2299 3605 quoque
2320 3530 2686 3587 Raimundus
2707 3546 2899 3587 comes
2915 3529 3326 3601 Tripolitanus,
3361 3529 3710 3587 calamanus

2070 3620 2248 3675 etiam
2272 3618 2480 3674 Ciliciis
2494 3622 2851 3691 procurator,
2877 3616 3040 3690 Hugo
3060 3631 3289 3689 quoque
3307 3618 3379 3675 de
3399 3617 3710 3682 Linisiaco‚

2071 3710 2141 3765 de
2180 3724 2294 3780 quo
2335 3707 2607 3779 superius
2649 3707 2895 3763 fecimus
2935 3708 3331 3775 mentionem;
3381 3706 3712 3765 Joscelinus

2071 3799 2247 3854 etiam
2293 3798 2522 3865 tertius,
2572 3797 2800 3853 comitis
2838 3798 3116 3855 Edessani
3155 3798 3399 3855 secundi
3438 3798 3711 3856 Joscelini

2073 3886 2252 3955 fliius,
2283 3891 2340 3941 et
2381 3884 2549 3941 multi
2589 3884 2685 3940 alii
2720 3884 2964 3953 nobiles,
3001 3894 3060 3941 ut
3090 3885 3219 3941 vitae
3247 3901 3380 3942 cum
3416 3887 3631 3959 probro
3658 3892 3715 3942 et

2074 3974 2399 4048 ignominia
2427 3973 2816 4041 consulerent,
2851 3973 3118 4031 hostibus
3149 3989 3210 4030 se
3238 3974 3568 4046 tradentes,
3601 3979 3715 4032 vin·

2076 4060 2225 4117 culis
2267 4065 2545 4133 tanquam
2591 4060 2728 4116 vilia
2772 4060 3082 4132 mancipia.
3130 4060 3548 4118 miserabiliter
3589 4059 3711 4117 alli-

2076 4159 2318 4219 gantur,·
2364 4154 2422 4207 et
2471 4150 2770 4222 Halapiam
2812 4149 3084 4216 traducti,
3132 4151 3540 4223 spectaculum
3591 4150 3720 4208 iacti

2077 4244 2220 4296 suut
2283 4238 2513 4310 populis
2554 4238 2889 4294 infidelibus
2936 4243 2994 4295 et
3022 4238 3351 4295 carceribus
3383 4241 3717 4313 mancipati.

2078 4327 2457 4384 Successibus
2484 4331 2720 4383 tandem
2764 4331 2822 4383 et
2851 4344 3130 4400 prospera
3172 4327 3425 4384 nimium
3470 4328 3722 4394 fortuna,

2079 4416 2429 4483 Noradiuus,
2475 4421 2534 4473 et
2571 4416 2667 4489 qui
2713 4432 2845 4473 cum
2893 4432 2959 4473 eo
3005 4421 3192 4485 erant,
3239 4417 3418 4474 erecti
3466 4425 3717 4475 castrum

320 4506 543 4564 mensis
576 4505 760 4578 copiis
805 4510 862 4561 et
900 4505 1227 4562 innumeris
1272 4505 1539 4561 millibus
1588 4506 1969 4580 conglobatis,
2004 4513 2047 4580 ι)
2081 4506 2234 4577 quod
2286 4505 2442 4576 prius
2492 4506 2843 4562 obsederant
2891 4506 3284 4563 confidentius
3329 4511 3632 4577 repetunt,
3671 4513 3724 4563 et

322 4595 606 4669 oppidum
637 4594 931 4667 quoddam
967 4599 1236 4652 nostrum
1269 4595 1327 4650 in
1362 4595 1577 4652 tinibus
1606 4595 1833 4651 obsidet
1853 4597 1972 4651 An-

321 4686 631 4755 tiochenis,
662 4683 885 4741 Harenc
919 4683 1188 4753 nomine;
1221 4688 1279 4741 et
1307 4683 1594 4740 ordinatis
1621 4700 1720 4756 per
1742 4701 1975 4758 gyrum,

326 4780 391 4834 ut
434 4791 562 4831 mos
609 4780 721 4844 est,
777 4772 1090 4841 machinis,
1149 4772 1474 4846 oppidanos
1522 4774 1694 4847 coepit
1742 4774 1976 4846 acriter,

324 4866 605 4939 nullaque
633 4866 769 4922 data
797 4864 998 4936 requie
1029 4865 1392 4921 incessanter
1436 4880 1656 4938 urgere.
1691 4866 1853 4932 Quod
1885 4866 1975 4923 fa-

325 4960 506 5023 ctum,
540 4958 849 5026 postquam
890 4953 1258 5027 principibus
1302 4956 1518 5011 nostris
1549 4955 1827 5026 innotuit,
1868 4955 1975 5012 do-

332 5044 527 5101 minus
559 5042 935 5100 Boamundus
964 5044 1191 5110 tertius,
1225 5043 1556 5116 Raymundi
1580 5043 1759 5112 iilius,
1782 5043 1979 5100 Antio·

329 5134 549 5190 chenus
578 5132 879 5203 princeps3
911 5132 1188 5189 dominus
1220 5148 1452 5204 quoque
1494 5133 1860 5190 Raimundus
1886 5136 1976 5204 ju-

329 5224 477 5289 nior,
510 5237 702 5278 comes
730 5220 1143 5293 Tripolitanus,
1177 5221 1495 5279 Raimundi
1522 5222 1751 5279 comitis
1784 5221 1972 5291 filius3

327 5312 717 5369 Galamannus
736 5311 911 5368 etiam
937 5327 1146 5382 presses
1172 5310 1405 5380 Ciliciae,
1447 5312 1669 5368 domini
1708 5311 1975 5383 impera-

330 5400 474 5457 toris
502 5400 997 5472 consanguineus,
1028 5400 1493 5472 etimperialium
1532 5401 1592 5457 in
1626 5401 1726 5458 illa
1748 5400 1978 5473 provin·

332 5487 418 5543 cia
457 5493 796 5558 procurator
832 5489 1235 5560 negotiorum;
1276 5487 1457 5546 Toros
1484 5507 1720 5563 quoque
1760 5492 1974 5546 Arme-

334 5575 567 5634 niorum
612 5578 883 5652 princeps
920 5578 1393 5651 potentissimus,
1422 5578 1661 5638 sociatis
1700 5579 1815 5638 sibi
1848 5596 1974 5652 qua

2082 4595 2385 4653 obsidione
2414 4597 2622 4652 iterum
2652 4595 2955 4667 vallantes,
2987 4597 3140 4654 intra
3171 4612 3388 4669 paucos
3411 4598 3541 4657 dies
3559 4615 3722 4671 expu-

2082 4688 2267 4756 gnant
2293 4688 2349 4740 et
2380 4690 2641 4756 potenter
2669 4695 2955 4757 occupant
2995 4685 3271 4744 violenter
3300 4694 3719 4761 expugnatum.

2085 4773 2321 4830 Factum
2351 4777 2442 4830 est
2470 4774 2580 4831 boc
2605 4790 2757 4832 anno
2779 4775 2850 4831 ab
2874 4775 3276 4832 incarnatione
3297 4775 3534 4834 Domini
3573 4779 3725 4844 ¹¹65,

2087 4862 2250 4934 regni
2283 4879 2416 4920 vero
2449 4862 2670 4919 domini
2702 4862 2967 4920 Amslrici
3001 4880 3154 4921 anno
3185 4865 3467 4935 secundo,
3499 4883 3560 4923 xv
3598 4867 3730 4924 idus

2086 4952 2358 5024 Augusti,
2408 4953 2548 5008 dum
2598 4952 2719 5024 ipse
2761 4953 2952 5010 adbuc
2982 4953 3042 5010 in
3090 4954 3336 5027 AEgypto
3371 4955 3731 5014 detineretur

2090 5040 2341 5113 propriis
2373 5041 2622 5114 negotiis
2665 5046 3002 5115 occupatus.
3653 5043 3663 5052 ”

2734 5130 2968 5190 CAPUT
3005 5132 3072 5190 X.

2089 5222 2275 5278 Comes
2323 5220 2744 5277 flandrensium
2805 5219 3156 5278 Theodericus
3215 5221 3275 5277 in
3321 5219 3562 5295 syo-tam
3637 5224 3732 5281 de·

2155 5310 2383 5368 secedit.
2416 5310 2732 5368 noradinus
2762 5310 3068 5369 Paneadem
3093 5310 3474 5378 eremmanos
3503 5320 3722 5387 occupat

2156 5403 2452 5459 obsessam.

2158 5490 2350 5546 Rebus
2373 5490 2587 5546 interea
2608 5490 2823 5548 nostris
2844 5494 3008 5548 tauta
3029 5507 3221 5549 rerum
3247 5492 3576 5552 mutatione
3595 5495 3729 5552 tarn·

2085 5595 2199 5652 que
2214 5577 2468 5637 sinistris
2486 5579 2789 5638 eventibus
2809 5595 2998 5654 usque
3016 5581 3089 5641 ed
3110 5595 3452 5656 supremam
3473 5581 3728 5642 exinani-
