3784 6000
172 260 279 320 12¹

1671 255 2101 317 EPlSTssLAE.

170 390 630 449 Pratsllsnsium
662 386 1256 461 reproseutationem,
1288 388 1357 445 ad
1390 404 1539 460 quos
1580 390 1835 458 pertine·
1865 391 1919 458 Α
1948 389 2191 447 libertus
2220 388 2278 446 in
2323 385 2659 444 servitutem
2710 380 2961 439 revocari
3008 380 3214 450 possit,
3275 384 3333 436 et
3388 382 3489 454 qui
3520 380 3594 436 de

170 486 289 551 bat,
324 498 641 558 personam
694 480 967 537 idoneam
997 481 1331 554 subrogavi,
1372 496 1554 553 eoque
1583 481 1830 542 celerius

168 578 231 628 ut
258 578 425 629 esset
455 573 556 644 qui
592 569 924 642 pervicacia
954 568 1140 641 ipsius
1188 574 1382 642 posset
1420 571 1725 639 obsistere,
1760 589 1830 631 ue

170 662 392 718 scilicet
422 661 538 718 iste
573 664 878 717 vacantem
906 657 1214 716 ecclesiam
1242 659 1561 715 confideret
1600 661 1831 719 facilius

169 766 476 822 occupare.
498 750 837 806 Frustratus
856 746 956 804 bic
973 751 1033 803 et
1069 746 1231 802 omni
1256 747 1502 805 diutino
1522 747 1645 820 spei
1667 750 1832 807 sola-

167 839 242 896 tio
271 839 631 907 destitutus,
663 855 698 895 a
738 836 951 910 legatis
980 836 1187 895 vestris
1225 839 1297 893 ad
1327 837 1826 910 archiepiscopum

166 929 393 987 litteras
422 928 1120 1003 impetravit,ipsumqus
1148 927 1216 984 ad
1249 943 1384 984 eum
1417 927 1654 985 sublata
1683 929 1830 987 mibi

168 1019 464 1092 ignoranti
487 1024 549 1076 et
576 1019 759 1076 invito
789 1016 1084 1074 ordinaria
1097 1017 1500 1086 iurisdictione
1519 1017 1826 1076 miserunt.

168 1110 335 1181 Apud
358 1125 539 1182 quem
567 1108 705 1180 quia
720 1109 872 1164 inter
894 1105 1259 1180 propinquos
1275 1109 1336 1163 et
1354 1105 1615 1165 conscios
1629 1109 1830 1181 ageba·

166 1206 279 1268 tur,
314 1202 490 1255 tanta
537 1197 823 1255 adversus
887 1211 1023 1253 eum
1065 1195 1352 1268 processit
1393 1197 1729 1267 instructio,
1764 1205 1830 1256 ut

170 1290 351 1363 ipsius
382 1287 561 1346 facile
590 1287 843 1344 crimina
879 1286 1144 1344 convinci
1179 1290 1419 1358 possent
1445 1294 1501 1343 et
1528 1287 1830 1347 calumnia

172 1376 552 1450 deprehendi.
587 1376 952 1443 Interceptus
998 1373 1200 1446 itaque
1231 1374 1543 1430 manifesto
1571 1376 1828 1433 veritatis

171 1465 420 1529 indiciis,
454 1479 595 1520 cum
617 1462 672 1519 ei
691 1461 805 1519 alia
828 1478 944 1519 non
976 1465 1199 1534 pateret
1217 1461 1466 1527 occasio,
1484 1464 1557 1520 ad
1581 1465 1827 1522 audien-

176 1554 304 1611 tiam
336 1556 602 1611 vestram
634 1552 709 1608 ab
737 1550 1104 1623 archiepisco
1125 1566 1299 1623 quem
1313 1551 1576 1623 judicem
1600 1556 1828 1624 praele-

177 1648 349 1717 gerat,
380 1641 725 1715 appellavit,
757 1656 1023 1714 sperans,
1054 1640 1105 1698 si
1136 1656 1326 1697 causae
1358 1641 1533 1698 fuerit
1562 1641 1829 1716 delegata

178 1732 713 1806 cognitiodudicem
720 1728 1075 1802 juramentis
1087 1729 1827 1791 cimumvenirelallaoibus

180 1822 261 1878 vsi
286 1818 705 1879 vexationibus
734 1817 957 1889 aliquid
1005 1821 1373 1891 extorquere.
1425 1817 1570 1883 Quia
1626 1819 1827 1892 igitur.

182 1925 398 1983 naoper
420 1909 694 1965 mendaci
703 1923 803 1964 um
824 1906 1140 1975 obtinente,
1156 1905 1413 1979 plurium
1428 1908 1669 1965 audacia
1681 1925 1823 1966 con-

182 2000 410 2056 valescit
470 1996 763 2068 exemplo,
823 1994 1057 2068 publice
1104 1996 1343 2052 interest
1398 2001 1465 2052 ut
1491 1997 1825 2070 benignitas

184 2093 363 2145 vestra
385 2085 755 2157 perversitati
789 2084 1130 2156 hujusmodi
1152 2084 1460 2142 bominum
1492 2086 1668 2145 nimis
1697 2105 1823 2145 cre-

190 2177 311 2235 dula
329 2192 452 2233 non
482 2175 721 2242 existat,
742 2173 1095 2245 neojudicss
1112 2174 1186 2230 de
1205 2173 1442 2244 optione
1470 2191 1596 2244 sua,
1619 2177 1721 2233 sed
1754 2178 1825 2234 de

190 2272 361 2325 vestra
380 2266 584 2339 potius
602 2265 1312 2338 experientiasortiautur.
1327 2264 1627 2337 Siquidem
1649 2269 1824 2339 perti-

192 2358 303 2415 naci
326 2374 365 2414 a
390 2356 566 2414 vobis
589 2354 893 2427 postulant
913 2354 1215 2423 instantia,
1241 2371 1390 2428 quos
1412 2355 1621 2412 redimi
1652 2373 1824 2429 posse

190 2447 505 2513 confidunt,
535 2444 623 2501 vel
654 2444 870 2516 quibus
923 2444 995 2499 ad
1026 2458 1257 2499 omnem
1310 2459 1512 2501 casum
1552 2446 1824 2503 familiari

192 2536 364 2609 gratia
388 2538 537 2592 suut
564 2532 885 2605 conjuncti.
918 2532 1081 2589 Unde
1109 2533 1159 2591 si
1191 2549 1352 2603 eum,
1382 2534 1455 2590 de
1482 2551 1595 2607 quo
1616 2536 1827 2592 scribi-

192 2641 330 2693 nus,
358 2624 427 2681 in
455 2628 650 2681 vestra
675 2621 983 2695 prasentia
1001 2622 1309 2695 contigerit
1338 2623 1604 2688 inveniri,
1629 2627 1675 2681 si
1699 2625 1823 2695 pla·

194 2718 295 2781 cst,
323 2712 509 2786 quari
572 2712 765 2779 tacite,
810 2727 845 2766 a
898 2726 1012 2782 quo
1041 2710 1311 2782 episcopo
1349 2711 1623 2783 primum,
1648 2730 1682 2769 a
1709 2730 1826 2787 quo

190 2802 495 2859 novissime
516 2799 696 2856 suerit
714 2798 1044 2869 ordinatus,
1066 2799 1200 2872 quis
1216 2816 1351 2856 eum
1372 2818 1405 2857 a
1424 2802 1711 2874 sanguine
1731 2820 1826 2861 sa·

190 2891 425 2948 esrdotis
438 2888 829 2958 absolverit‚a
850 2903 966 2960 quo
984 2891 1164 2960 etquo
1184 2893 1444 2961 tempore
1454 2891 1506 2946 ei
1530 2891 1705 2948 suerit
1723 2894 1827 2949 do-

189 2978 597 3046 aataecclesia‚
613 2994 788 3051 quam
811 2977 1021 3051 querit
1035 3021 1049 3047 ,
1071 2993 1207 3035 cum
1223 2978 1377 3036 infra
1389 2979 1498 3037 boc
1511 2980 1827 3039 triennium

1944 483 2215 551 percepta
2245 473 2647 534 misericordia
2692 471 2792 528 alii
2849 487 2964 528 non
2993 469 3276 542 impertit,
3307 485 3486 541 usque
3518 470 3589 526 ad

1939 569 2323 626 novissimum
2347 566 2729 639 quadrantem
2753 562 2815 619 in
2837 578 2928 629 eo,
2958 562 3113 633 quod
3135 560 3450 618 dimissum
3479 564 3589 629 est,

1939 660 2133 717 divino
2157 655 2377 730 judicio
2407 654 2860 711 condemnatur.

2669 758 2855 815 XCIX.

2132 854 2206 893 An
2248 850 2547 893 neumenia
2586 848 2778 888 sensu
2825 847 3046 887 suanus
3083 844 3387 886 saumana.

2008 928 2218 985 Audita
2267 924 2506 981 instanti
2568 921 3039 979 transfretatione
3093 924 3307 984 vestra,
3357 920 3427 976 ed
3486 934 3589 976 vos

1938 1022 2215 1090 tanquam
2273 1016 2345 1072 ad
2405 1013 2710 1071 dominum
2751 1026 2946 1068 meum
3002 1010 3198 1067 venire
3256 1025 3393 1067 cum
3425 1007 3588 1067 omni

1937 1105 2304 1167 testinatione
2333 1102 2554 1170 curavi,
2587 1106 2649 1157 ut
2676 1100 2861 1156 oculis
2892 1102 3040 1155 meis
3074 1098 3219 1169 regii
3265 1099 3462 1155 vultus
3490 1113 3593 1153 se·

1938 1196 2160 1254 renites
2180 1194 2461 1261 illuceret,
2483 1197 2538 1249 et
2560 1189 2960 1262 impotentiam
2985 1187 3312 1244 senectutis
3332 1194 3390 1243 et
3420 1186 3587 1242 debi-

1938 1285 2116 1343 litatis
2138 1281 2529 1354 met-jucundi
2555 1278 2846 1337 sermonis
2865 1277 3036 1335 vestri
3068 1276 3258 1348 gratia
3280 1277 3584 1332 recrearet.

1937 1375 2083 1431 Veni
2111 1376 2403 1447 equidem,
2434 1372 2534 1428 sed
2566 1371 2738 1442 longe
2767 1368 2939 1425 aliter
2995 1382 3171 1438 quam
3217 1380 3585 1436 speraveram

1938 1465 2135 1522 omnia
2174 1464 2610 1536 processerunt,
2651 1458 2928 1530 quoniam
2975 1472 3091 1514 non
3144 1453 3259 1511 nisi
3293 1453 3353 1511 in
3385 1453 3588 1526 paucis

1936 1554 2125 1613 audiri
2158 1552 2346 1609 merui
2379 1566 2484 1608 nec
2514 1551 2573 1606 in
2604 1547 2865 1621 quolibet
2893 1546 3263 1619 aliquatenus
3296 1543 3582 1601 exaudiri.

1938 1645 2100 1710 Veni,
2147 1643 2403 1713 inquam,
2448 1640 2711 1696 dicturus
2757 1638 2912 1694 sicut
2959 1636 3368 1693 existimabam
3416 1633 3584 1691 vobis

1938 1732 2076 1789 Vale
2099 1731 2507 1799 novissimum,
2539 1733 2717 1800 atque
2748 1727 2903 1785 idem
2944 1743 2979 1782 a
3015 1724 3180 1783 vobis
3210 1738 3342 1781 cum
3374 1722 3583 1793 gaudio

1940 1827 2303 1895 recepturus,
2338 1823 2404 1876 ut
2431 1823 2565 1891 post
2593 1822 2675 1873 tot
2725 1817 2931 1873 merita
2988 1831 3117 1871 mea
3157 1821 3212 1870 ct
3242 1813 3586 1871 excedentia

1932 1913 2332 1972 beneficientia
2352 1917 2545 1970 vestre
2566 1912 2623 1967 in
2647 1909 2960 1967 novissimo
2980 1908 3244 1965 discessu
3263 1907 3338 1966 ad
3356 1906 3581 1963 bonum

1931 2006 2225 2077 perpetues
2246 2000 2547 2059 charitatis
2568 2003 2626 2054 et
2644 1998 2807 2070 pacis
2831 1996 3168 2053 animorum
3194 1995 3311 2052 sibi
3331 1995 3583 2052 invicem

1932 2091 2243 2149 concordia
2272 2089 2706 2162 responderent.
2738 2084 3030 2157 Quidquid
3061 2088 3256 2141 autem
3308 2082 3585 2150 acciderit

1934 2185 2036 2238 aut
2083 2193 2436 2252 quocunque
2484 2177 2816 2233 futurorum
2875 2190 2939 2231 se
2973 2177 3270 2230 convertat
3296 2179 3579 2231 eventus:

1932 2270 2116 2343 gloria
2164 2285 2293 2325 mea
2320 2284 2454 2335 erga
2481 2282 2585 2324 vos
2625 2268 2717 2323 est
2745 2262 3148 2321 testimonium
3207 2260 3578 2318 conscientiae

1932 2374 2096 2417 meo.
2127 2356 2409 2423 Quoniam
2441 2355 2516 2411 ab
2544 2354 2702 2411 omni
2753 2351 2964 2409 delicto
3022 2366 3263 2423 prorsus
3291 2349 3580 2406 immunis

1932 2464 2061 2505 sum
2094 2451 2152 2504 ct
2199 2447 2353 2504 inter
2397 2460 2617 2511 omnes,
2664 2457 2916 2514 quorum
2970 2438 3173 2497 honori
3225 2443 3284 2495 et
3341 2436 3580 2495 utilitati

1933 2542 2141 2594 vestras
2160 2536 2304 2593 tides
2325 2540 2383 2592 et
2402 2534 2627 2591 devotio
2651 2530 2891 2604 profuit,
2918 2534 2983 2586 ut
3013 2527 3338 2585 modestius
3361 2528 3576 2597 dicam,

1933 2643 2065 2684 msa
2085 2629 2334 2698 possunt
2355 2623 2680 2694 majoribus
2707 2621 2909 2677 merita
2934 2617 3246 2691 coaequari.
3280 2616 3578 2688 Siquidem

1933 2715 2270 2783 trigesimus
2296 2729 2488 2771 annua
2514 2715 2750 2768 exectus
2771 2714 2861 2767 est
2888 2725 2957 2765 ex
2985 2723 3104 2777 quo
3124 2722 3232 2779 ego
3263 2721 3496 2778 semper
3518 2705 3579 2761 ic

1931 2804 2344 2878 obsequiorum
2373 2805 2699 2858 vestrorum
2731 2795 3154 2872 agone3sudavi
3174 2830 3191 2852 .
3210 2795 3376 2862 Quod
3398 2794 3450 2852 si
3479 2794 3582 2851 ali·

1933 2894 2168 2969 quando
2223 2892 2553 2950 delatorum
2601 2889 2821 2947 invidie
2870 2889 3178 2945 adversum
3232 2901 3327 2942 me
3357 2890 3580 2945 motum

1932 2987 2137 3042 vestras
2159 2982 2375 3040 mentis
2396 2978 2720 3054 quemlibet
2736 2977 3029 3046 excitavit,
3064 2980 3223 3035 tanto
3243 2976 3381 3034 steti
3408 2991 3581 3033 secu-

187 3071 448 3127 aacerdos
477 3067 800 3126 decesserit
832 3083 848 3123 t
900 3083 1075 3140 quem
1123 3067 1206 3124 ibi
1243 3076 1466 3126 constat
1497 3072 1629 3144 plus
1660 3073 1830 3129 annis
1859 3100 1904 3165 G
1942 3075 2258 3142 riu-,tanto
2279 3071 2507 3128 virilius
2527 3073 2585 3126 et
2599 3066 3190 3136 efficaciusinstiti‚ut
3209 3065 3583 3124 adulatorum

187 3160 572 3234 quadraginta
591 3157 867 3215 continue
888 3157 1276 3227 ministrasse,
1301 3174 1407 3216 nec
1430 3160 1669 3218 ecclesia
1694 3162 1831 3219 buic

186 3251 367 3321 potuit
398 3247 526 3305 ullo
541 3248 675 3319 jure
696 3246 1011 3317 superstite
1033 3249 1334 3304 secerdote
1365 3250 1636 3306 conlerri.
1667 3253 1828 3316 Quod

192 3340 233 3395 si
258 3339 329 3395 ab
358 3336 741 3395 ordinatione
769 3351 918 3403 mea,
972 3337 1109 3408 quia
1140 3337 1392 3407 primum
1438 3355 1580 3395 usus
1621 3349 1724 3406 est,
1757 3344 1829 3398 ad

189 3428 353 3484 aliam
379 3426 732 3500 eipscopum
746 3425 876 3481 sine
895 3425 1251 3483 conscientie
1270 3443 1398 3484 msa
1413 3436 1470 3484 et
1488 3428 1831 3489 dimissione

190 3516 477 3582 transivit,
508 3530 750 3571 manum
800 3514 1156 3571 ordinatoris
1188 3521 1470 3587 agnoscat
1509 3523 1563 3576 et
1590 3518 1828 3576 titulum

186 3622 347 3679 quem
378 3604 658 3677 accepitg
688 3603 832 3673 quia
858 3618 968 3676 ego
1017 3602 1217 3661 alisna
1248 3605 1640 3663 ordinationis
1668 3610 1831 3665 cleri-

184 3710 331 3764 cum,
360 3693 680 3767 ipsiusque
714 3692 1054 3761 furtiva,ds
1076 3694 1213 3765 jure
1248 3694 1504 3766 recipere
1526 3713 1641 3753 non
1677 3714 1832 3755 com-

184 3784 377 3855 pellor,
400 3781 735 3856 prasertim
753 3796 923 3855 quem
959 3783 1141 3839 tantis
1165 3784 1297 3841 novi
1326 3784 1673 3843 criminibus
1695 3787 1829 3844 irre·

183 3872 368 3930 titum.

887 3960 1126 4020 XGVHI.

186 4069 249 4108 m
285 4066 576 4110 anement
615 4065 1007 4108 memsam
1058 4067 1533 4111 meminissemus«
1575 4072 1829 4113 aspersu

918 4155 1100 4197 sunu.

250 4232 505 4287 Litteras
524 4226 882 4302 poeniteutia
900 4237 955 4285 et
991 4230 1384 4288 conversionis
1407 4235 1522 4289 tuae
1545 4232 1832 4292 laetabun-

190 4319 291 4375 dus
318 4319 549 4392 accepi,
571 4333 704 4392 quo
724 4318 947 4377 utinam
968 4318 1040 4375 de
1060 4324 1265 4376 sancta
1281 4319 1583 4379 voluntate
1608 4339 1833 4395 proces·

191 4407 363 4465 serint
380 4408 515 4465 stin
539 4405 675 4464 fidei
686 4404 884 4464 stabili
905 4407 1146 4464 veritate
1167 4408 1510 4466 consistant.
1535 4410 1678 4476 Quia
1696 4428 1828 4471 vero

191 4497 463 4570 operibus
488 4496 849 4553 credendum
876 4512 1007 4554 esse
1036 4496 1304 4555 doctrine
1320 4498 1576 4556 veritatis
1598 4501 1835 4559 instrui-

191 4599 337 4653 mur,
369 4599 556 4656 opera
582 4582 1042 4655 contemplabor,
1085 4600 1213 4657 quae
1267 4584 1487 4642 utinam
1520 4587 1661 4644 talia
1690 4589 1830 4651 sint.

188 4677 243 4728 ut
260 4670 1010 4729 veterumdebsantdelere
1022 4673 1834 4750 memoriam,condignosque

186 4763 403 4819 iaciant
431 4762 685 4829 studes,
714 4760 928 4833 quibes
955 4760 1307 4820 detrimenta
1336 4766 1718 4835 praecedentia
1742 4783 1832 4823 re·

187 4857 592 4924 compensent.
636 4849 699 4907 si
745 4865 879 4907 vero
928 4849 1214 4917 animum,
1263 4868 1437 4924 quem
1476 4854 1547 4910 ab
1577 4854 1743 4913 initio
1772 4856 1831 4913 in

188 4940 389 4997 multis
400 4938 611 4996 utilem
635 4941 694 4996 st
716 4938 1038 5012 benignum
1058 4941 1243 5013 gratis
1253 4945 1523 5014 expertus
1545 4959 1631 5013 es,
1647 4949 1750 5002 tua
1770 4950 1835 5003 ut

188 5032 421 5102 parcius
478 5028 673 5085 dicam
732 5027 1083 5101 negligentia
1164 5031 1511 5103 denigravit,
1560 5050 1595 5090 a
1641 5035 1833 5092 colore

186 5123 469 5191 accepto
496 5117 561 5173 in
589 5117 905 5190 antiquum
930 5118 1249 5177 candorem
1274 5121 1649 5191 procedentia
1670 5128 1833 5195 pote-

189 5213 319 5265 runt
350 5207 565 5265 merita
592 5222 885 5276 revocare,
938 5211 998 5265 ct
1052 5208 1341 5282 ingenuos
1370 5209 1608 5282 quidem
1640 5227 1834 5272 mores

190 5299 316 5356 tuos
344 5297 423 5355 ab
452 5296 778 5355 offensione
795 5303 989 5355 vestre
1009 5302 1300 5371 proecepta
1311 5298 1532 5357 debent
1552 5302 1836 5360 beneficia

192 5387 476 5454 cohibere,
516 5386 703 5443 donec
723 5384 983 5458 aliquam
1011 5385 1102 5444 vsi
1150 5386 1209 5443 in
1245 5387 1468 5445 modico
1506 5389 1830 5458 gratiarum

94 5487 99 5528 ι
195 5475 451 5535 unleds
470 5475 787 5534 actionem.
808 5475 961 5535 Sane
979 5474 1197 5550 ingrati
1218 5476 1529 5535 damnatus
1549 5480 1709 5536 omni
1733 5481 1833 5538 bs-

195 5563 731 5638 asfla‘oacprobat
782 5562 1285 5639 iafflgnunndao
1338 5568 1609 5626 etsxea
1652 5583 1833 5631 musa

1943 3163 2246 3221 mendacia
2256 3163 2391 3234 jure
2415 3161 2530 3218 ssde
2556 3175 2686 3216 mea
2707 3162 2943 3231 possent
2960 3159 3019 3214 et
3041 3145 3474 3228 magnificentia
3493 3172 3581 3211 re-

1943 3253 2199 3327 probari.
2231 3251 2388 3323 Coepi
2425 3268 2458 3307 a
2488 3264 2689 3321 puero,
2736 3253 2795 3306 et
2821 3263 2924 3304 vos
2954 3262 3057 3319 per
3104 3246 3582 3312 adolescentiam,

1933 3344 2330 3415 juventutem,
2362 3339 2588 3396 virilem
2637 3341 2868 3395 estatem
2926 3338 2997 3392 ad
3049 3336 3368 3393 senectutis
3396 3351 3586 3392 annos

1939 3448 2115 3505 propr
2133 3430 2396 3501 perduxi,
2411 3432 2715 3500 totumque
2726 3443 2940 3498 corpus
2952 3430 3009 3483 et
3025 3427 3304 3486 animam.
3320 3425 3581 3481 studium

1940 3525 1999 3577 et
2028 3520 2308 3586 laborem,
2340 3518 2645 3589 pecuniam
2677 3520 2849 3588 atque
2874 3519 3109 3587 tempus
3140 3514 3435 3587 impendi:
3471 3513 3585 3570 mi-

1942 3610 2121 3682 hique
2151 3623 2449 3680 nunquam
2468 3605 2692 3678 aliquid
2723 3606 2831 3661 fuit
2851 3604 3255 3662 delectabilius
3274 3619 3454 3675 quam
3483 3603 3588 3659 ho-

1942 3698 2068 3755 nori
2097 3700 2289 3754 vestro
2319 3699 2376 3753 et
2397 3695 2775 3766 proventibus
2794 3693 3096 3750 inservire.
3133 3693 3212 3747 Ea
3252 3697 3404 3749 certe
3434 3692 3585 3748 ndu-

1941 3787 2050 3857 cia,
2084 3790 2149 3843 ut
2179 3784 2323 3842 mibi
2353 3783 2414 3840 in
2446 3782 2779 3842 novissimis
2828 3782 3035 3839 diebus
3092 3780 3240 3837 meis
3270 3779 3590 3840 liberaliter

1937 3875 2285 3934 excellentie
2314 3874 2469 3944 regia
2517 3874 2907 3945 responderet.
2953 3871 3017 3928 Si
3064 3886 3178 3926 non
3209 3868 3452 3941 deliqui,
3483 3885 3588 3927 cur

1939 3966 2128 4037 patior
2147 3966 2177 4020 't
2205 3963 2319 4020 Gur
2350 3979 2464 4020 non
2498 3962 2682 4033 magis
2712 3961 2898 4017 credit
2928 3958 3202 4017 dominus
3235 3974 3402 4015 meus
3432 3959 3584 4016 veri-

1938 4055 2042 4111 tati
2081 4070 2320 4125 operum
2358 4067 2556 4111 eorum
2586 4067 2762 4123 quem
2795 4050 3032 4107 incertis
3061 4048 3496 4122 suspicionibus
3526 4054 3584 4106 et

1943 4141 2258 4199 mendaciis
2287 4140 2611 4199 delatorum
2642 4139 2670 4195 ‘i
2712 4139 2878 4204 Quod
2909 4140 2959 4196 si
2991 4139 3229 4209 deliqui,
3269 4140 3425 4210 quod
3466 4155 3580 4196 non

1940 4230 2105 4288 venia
2162 4232 2262 4287 sed
2314 4229 2535 4286 ultione
2589 4229 2835 4302 dignum
2886 4230 3095 4286 debeat
3117 4227 3393 4299 judicari,
3424 4227 3583 4284 salva

1941 4320 2108 4378 vobis
2127 4322 2213 4377 est
2233 4318 2553 4386 ultio,dum
2574 4321 2774 4375 tamen
2796 4318 3087 4376 sententie
3107 4334 3223 4375 non
3245 4318 3317 4375 de
3335 4317 3581 4386 incerto,

1941 4410 2045 4467 sed
2076 4408 2336 4481 legitime
2363 4409 2434 4465 de
2468 4423 2658 4464 rerum
2692 4406 2930 4464 veritate
2960 4406 3255 4480 procedat.
3297 4406 3384 4464 Ad
3417 4424 3584 4464 sum·

1943 4514 2100 4554 mam
2140 4499 2249 4555 boc
2281 4513 2464 4553 unum
2514 4497 2823 4569 ipsumque
2873 4497 3233 4569 procipuum
3263 4513 3299 4553 a
3336 4496 3585 4553 Domino

1944 4603 2074 4645 meo
2105 4586 2336 4644 cunctis
2358 4585 2561 4643 vellem
2587 4586 2859 4659 precibus
2889 4587 3218 4656 impetrare,
3244 4589 3309 4640 ut
3339 4584 3483 4639 mibi
3512 4585 3584 4645 de

1943 4675 2347 4735 benevolentia
2374 4673 2562 4747 ipsius
2592 4689 2727 4745 spes
2776 4673 2972 4746 aliqua
3013 4672 3378 4743 relinquatur
3407 4687 3582 4744 quem

1941 4765 2004 4823 in
2033 4766 2165 4822 sinu
2201 4782 2327 4823 meo
2355 4764 2702 4832 custodiam,
2727 4763 2882 4819 velut
2910 4762 3248 4820 thesaurum
3269 4761 3582 4818 abscondi-

1943 4864 2091 4920 tum,
2114 4860 2290 4928 atque
2319 4855 2377 4911 in
2411 4855 2539 4926 ipsa
2569 4853 2714 4910 mibi
2735 4852 2908 4909 liceat
2931 4849 3092 4908 omni
3126 4853 3388 4922 tempore
3407 4850 3589 4922 respi-

1942 4960 2086 5003 rare.
2122 4945 2390 5001 Dicturus
2417 4958 2578 4999 eram
2626 4942 2789 4998 vobis
2843 4940 3036 5010 aliqua
3064 4956 3198 4997 cum
3230 4957 3263 4996 a
3302 4940 3468 4998 vobis
3496 4957 3588 4999 re-

1941 5033 2113 5102 cessi,
2145 5034 2245 5090 sed
2278 5036 2604 5102 opportuna
2626 5030 2771 5086 mibi
2797 5030 3166 5099 uonssretulsit
3186 5032 3439 5102 occasio,
3459 5048 3589 5105 quae

1941 5129 2135 5181 nmen
2167 5139 2269 5195 per
2296 5121 2538 5178 latorem
2567 5120 2938 5192 presentium
2985 5120 3047 5179 in
3111 5122 3396 5180 schedula
3422 5122 3588 5179 vobis

1941 5212 2154 5284 scripta
2200 5210 2579 5280 transmitto;
2633 5226 2880 5283 quorum
2939 5210 2986 5268 si
3036 5228 3155 5284 qua
3209 5212 3374 5268 vobis
3405 5212 3592 5268 iacere

1943 5302 2252 5376 placuerit,
2281 5317 2386 5374 ego
2436 5316 2571 5358 cum
2612 5302 2774 5359 omni
2812 5301 3132 5374 gratiarum
3186 5302 3412 5358 actione
3444 5302 3592 5358 reci-

1943 5393 2120 5466 piam.
2151 5392 2312 5458 Quod
2343 5397 2539 5452 autem
2572 5393 2804 5450 differre
2831 5391 3151 5462 volueritis,
3182 5407 3289 5464 ego
3321 5390 3379 5447 in
3413 5391 3593 5449 silen-

1942 5483 2021 5540 tio
2049 5498 2187 5540 cum
2206 5484 2368 5542 omni
2398 5482 2735 5543 bumilitate
2765 5487 2825 5541 et
2863 5481 3148 5555 patientia
3177 5483 3506 5541 sustinebo.
