3784 6000
187 232 320 296 373

192 369 422 426 dsunt:
457 363 672 439 quibus
702 377 834 418 cum
868 359 1457 433 appropinquassent,
1474 359 1620 418 adeo
1645 365 1708 416 ut
1721 359 1850 432 ,iam
1876 365 1933 435 Α

191 458 257 515 iu
293 471 418 525 eos,
449 455 648 511 hostes
697 449 942 524 sagittas
991 466 1132 506 suas
1171 456 1552 521 contorquere
1590 452 1849 523 possent,

192 551 349 606 facto
378 546 630 617 impetu,
661 545 782 598 tres
827 538 1029 612 primas
1069 539 1225 596 acies
1264 539 1621 596 unanimiter
1661 539 1722 595 in
1753 555 1853 598 eos

194 638 455 702 irruunt,
485 631 705 690 lanceis
734 632 792 686 et
820 628 1035 701 gladiis
1087 628 1376 686 instantes
1424 629 1712 686 cominus.
1738 628 1850 685 Sed

192 733 245 782 et
280 722 464 781 nostri
501 720 727 794 pedites
755 717 856 790 qui
898 717 1154 774 arcubus
1186 717 1499 774 utebantur
1517 721 1575 774 et
1593 717 1844 786 balistis,

189 814 462 888 equitum
494 809 887 884 praecedentes
927 806 1283 879 manipulos,
1315 807 1462 864 votis
1511 806 1851 864 ardentibus

187 904 345 962 ultro
376 907 434 958 et
463 899 729 958 certatim
762 914 826 955 se
855 896 1233 968 ingerebant:
1258 896 1472 968 quibus
1493 895 1851 969 subsequen·

182 998 279 1050 tes
306 993 575 1065 equitum
604 994 838 1056 turmoe,
860 991 1142 1059 quantam
1186 990 1472 1058 poterant,
1494 984 1849 1042 adhibebant

186 1081 471 1140 custodio
504 1077 894 1151 diligentiam.
915 1079 1180 1148 Dumque
1200 1075 1404 1148 primae
1427 1074 1581 1132 acies
1604 1074 1848 1132 viriliter

182 1172 248 1231 in
280 1186 469 1244 agone
514 1168 822 1235 desudant,
855 1182 988 1222 ecce
1032 1167 1465 1238 subsequentes
1493 1164 1603 1231 eis,
1634 1165 1844 1235 adjun-

182 1266 289 1320 ctae
320 1265 381 1317 et
408 1258 587 1316 illatae
614 1259 842 1329 impetu
873 1272 987 1312 non
1019 1255 1310 1322 inferiore,
1341 1271 1441 1311 eos
1470 1254 1572 1327 qui
1611 1270 1673 1311 se
1702 1269 1840 1325 prae-

182 1354 487 1408 cesserant
517 1348 772 1405 reddunt
802 1350 922 1403 tam
952 1346 1195 1403 audacia
1224 1361 1403 1418 quam
1437 1345 1658 1401 viribus
1689 1359 1839 1416 prae-

187 1441 530 1498 stantiores.
562 1437 830 1508 Cumque
843 1436 967 1507 jam
987 1451 1208 1504 omnes,
1233 1438 1472 1506 excepta
1493 1433 1836 1506 novissima,

180 1529 279 1587 cui
311 1531 564 1602 praerat
589 1526 868 1583 dominus
889 1524 1291 1590 Boamundus,
1313 1524 1383 1581 ad
1415 1522 1611 1580 hostes
1645 1536 1834 1595 perve-

180 1620 417 1677 nissent
444 1616 624 1686 acies,
655 1619 714 1672 et
743 1630 879 1670 cum
927 1613 1016 1670 eis
1064 1613 1428 1671 decertarent
1459 1610 1722 1679 viriliter,
1754 1609 1836 1666 ita

181 1715 241 1762 ut
262 1706 539 1779 pluribus
567 1703 1044 1775 interfectis,jam
1079 1717 1227 1775 pene
1252 1700 1556 1759 dissolutis
1587 1699 1837 1773 agmini-

177 1796 295 1853 bus
325 1796 520 1853 hostes
546 1794 608 1850 in
639 1793 838 1866 fugam
869 1794 1254 1861 verterentur,
1289 1790 1526 1864 duxque
1555 1805 1690 1846 cum
1722 1803 1828 1846 suo

178 1886 468 1943 comitatu
514 1882 856 1940 validiorem
887 1891 937 1939 et
984 1880 1396 1938 densissimam
1445 1879 1700 1936 hostium
1733 1894 1832 1935 co·-

179 1973 416 2031 hortem
444 1973 565 2045 jam
598 1971 831 2043 penitus
862 1969 921 2025 in
945 1970 1142 2040 fugam
1174 1968 1488 2042 adegisset,
1520 1982 1651 2024 ecce
1680 1965 1830 2023 Soli-

174 2078 458 2130 mannus,
480 2076 615 2118 cum
646 2075 715 2116 ea
741 2059 970 2132 legione
1001 2074 1179 2129 quam
1216 2073 1393 2128 supra
1421 2056 1675 2113 diximus
1696 2070 1828 2112 eum

174 2168 381 2209 versus
411 2151 538 2206 loca
574 2148 869 2205 maritima
919 2146 1248 2211 deduxisse,
1277 2145 1530 2211 rediens,
1553 2144 1616 2200 in
1644 2144 1826 2200 aciem

174 2240 400 2299 domini
430 2236 760 2296 Boamundi
791 2236 1064 2293 audacter
1088 2240 1146 2292 et
1175 2251 1304 2291 cum
1336 2234 1517 2290 multo
1555 2232 1773 2305 impetu
1795 2250 1829 2289 a

176 2335 346 2402 tergo
379 2327 572 2395 irruit,
593 2329 814 2383 tantam
847 2326 1170 2383 immittens
1190 2325 1541 2397 sagittarum
1565 2322 1829 2380 multitu-

173 2421 402 2487 dinem,
437 2425 497 2473 ut
527 2417 716 2472 instar
751 2413 1057 2488 grandinis
1096 2418 1277 2472 totam
1320 2413 1503 2470 aciem
1535 2411 1825 2484 operiret;

175 2521 431 2581 moxque
461 2505 742 2579 depositis
772 2505 1043 2574 arcubus,
1076 2508 1134 2560 et
1173 2519 1374 2561 eorum
1415 2501 1672 2576 neglecto
1700 2500 1827 2557 offi-

174 2599 291 2666 cio,
339 2596 506 2653 clava
547 2596 779 2652 instans
827 2597 884 2648 et
931 2592 1164 2665 gladiis,
1198 2593 1279 2649 ita
1328 2596 1392 2648 ut
1433 2592 1824 2664 importunam

174 2702 384 2746 eorum
416 2683 760 2742 instantiam
794 2681 1070 2738 dominus
1102 2681 1478 2738 Boamundus
1526 2680 1619 2737 vix
1648 2678 1829 2738 susti-

173 2780 391 2835 neret:
442 2775 702 2845 dumque
743 2772 817 2829 iis
859 2776 1217 2844 premeretur
1257 2770 1535 2839 atrocius,
1583 2772 1641 2826 et
1682 2784 1828 2840 pene

176 2861 600 2923 dissolveretur
644 2860 797 2934 legio
848 2860 942 2916 cui
973 2858 1395 2933 praeerat,licet
1438 2859 1558 2931 ipse
1605 2857 1829 2915 strenui

175 2971 345 3016 more
373 2958 433 3012 et
481 2952 646 3012 fortis
670 2951 800 3023 viri,
833 2951 892 3008 in
925 2951 1120 3009 hostes
1164 2949 1387 3007 medios
1435 2964 1567 3006 cum
1625 2947 1828 3021 paucis

172 3045 552 3107 consortibus
582 3044 922 3110 decertaret,
955 3042 1073 3097 dux
1098 3040 1293 3100 subito
1324 3055 1458 3096 cum
1489 3038 1614 3096 suis
1644 3037 1828 3110 copiis

1130 225 1330 291 nls'r.
1379 227 1652 290 RERUM
1697 227 2226 293 TRANSMARIN.
2269 262 2351 279 --
2393 230 2547 292 LIB.
2589 230 2696 292 vl.

3489 241 3613 305 3⁸1⁴

2569 364 2809 423 CAPUT
2846 364 3001 422 XXI.

1964 458 2129 528 Fuait
2159 451 2389 509 hostium
2410 451 2664 524 princeps
2683 471 2703 518 ,·
2724 452 2969 525 leqiones
2998 469 3186 511 eorum
3215 459 3608 526 perimuntur:

2243 527 2339 596 qui
2364 528 2671 591 evaserunt,
2693 524 2837 580 versi
2866 532 2992 582 sunt
3011 528 3072 581 in
3098 529 3319 601 fuqam.

2028 635 2164 691 Erat
2192 636 2386 689 autem
2418 631 2477 687 in
2508 631 2707 687 eadem
2742 632 2977 704 regione
3016 632 3182 690 vallis
3215 635 3459 708 modica,
3496 654 3604 713 per

1957 740 2133 798 quam
2167 721 2328 778 boris
2355 719 2709 778 hiemalibus
2737 723 2964 777 torrens
3004 721 3076 779 de
3107 727 3303 782 monte
3333 725 3600 787 defluens

1956 812 2305 871 descendere
2369 816 2768 881 consueverat,
2827 826 3112 882 cursuque
3168 814 3447 887 praecipiti
3512 817 3602 875 al·-

1952 919 2123 960 veum
2147 902 2206 957 in
2239 899 2443 957 vallem
2476 899 2807 972 subegerat,
2842 898 2997 956 ultra
3023 916 3198 974 quam
3231 919 3364 960 cum
3399 903 3597 965 bootes

1952 993 2262 1063 confugere
2308 992 2506 1046 noster
2565 987 2944 1060 compulisset
2994 991 3296 1061 exercitus,
3349 992 3410 1051 in
3447 993 3597 1056 colle

1951 1081 2207 1153 quodam
2237 1076 2606 1135 eminentiori
2637 1075 3091 1149 aliquantulum,
3122 1080 3258 1136 dum
3301 1084 3594 1142 tentarent

1950 1168 2237 1240 resistere,
2269 1172 2328 1224 et
2364 1166 2641 1223 tubarum
2671 1165 2862 1222 sonitu
2908 1169 2964 1222 et
3005 1168 3250 1240 strepitu
3285 1175 3593 1245 tympano.

1948 1277 2079 1317 rum
2105 1258 2423 1316 dissolutas
2466 1257 2678 1314 iterum
2718 1271 2982 1314 revocare
3012 1262 3360 1316 conarentur
3406 1258 3593 1334 legio-

1947 1367 2074 1418 nes,
2105 1351 2234 1406 sinc
2263 1347 2692 1405 intermissione
2725 1362 2825 1403 eos
2854 1346 3175 1415 subsecuti,
3208 1349 3389 1405 nostri
3420 1350 3589 1421 prin-

1945 1440 2103 1511 cipes
2133 1436 2407 1496 advolant
2445 1435 2692 1493 celerius
2720 1451 2734 1490 ε
2759 1438 2879 1491 tam
2910 1435 3007 1509 qui
3039 1436 3096 1492 in
3128 1438 3463 1510 postremis,
3486 1438 3586 1496 ubi

1944 1529 2139 1600 majus
2169 1526 2549 1595 exercebatur
2575 1524 2899 1597 negotium,
2917 1538 3051 1582 cum
3080 1524 3585 1585 Solimannolabo-

1943 1619 2234 1683 taverunt,
2265 1613 2542 1671 dominus
2581 1613 2701 1669 dux
2734 1614 3097 1683 Goderridus,
3130 1614 3404 1673 dominus
3433 1616 3584 1675 Boa-

1940 1707 2221 1772 mundus,
2242 1704 2580 1762 Tancredus
2601 1718 2856 1776 quoque,
2880 1703 3051 1761 etalii
3074 1703 3308 1776 quidem
3334 1704 3585 1779 nobiles,

1941 1797 2172 1853 auctore
2200 1791 2718 1863 Domino,victoria
2748 1791 2945 1862 potiti3
2978 1807 3152 1866 quam
3178 1792 3280 1867 qui
3309 1793 3368 1851 in
3392 1795 3585 1866 prima

1939 1885 2147 1944 fronte,
2182 1882 2382 1939 obvias
2433 1881 2547 1937 sibi
2580 1881 2709 1953 ,iam
2757 1881 3155 1938 contriverant
3207 1883 3382 1951 acies,
3415 1883 3583 1957 Hugo

1940 1972 2185 2044 Magnus
2216 1969 2505 2038 videlicet,
2537 1972 2597 2026 et
2636 1973 2876 2040 uterque
2906 1968 3213 2040 Robertus,
3246 1976 3361 2026 tam
3406 1970 3582 2031 Flan-

1937 2061 2238 2119 drensium
2255 2076 2430 2133 quam
2442 2057 2983 2115 Nortbmannorum
3007 2063 3287 2126 comes,et
3298 2059 3397 2115 alii
3411 2060 3581 2117 multi

1938 2157 2171 2225 perpete
2192 2149 2352 2223 digni
2385 2147 2669 2205 memoria
2699 2165 2713 2204 z
2744 2145 2892 2204 vallo
2937 2147 3280 2206 transmisso
3310 2147 3505 2207 hostes
3544 2165 3581 2208 a

1936 2239 2210 2315 predicto
2242 2237 2387 2295 colle
2416 2236 2704 2310 dejiciunt
2735 2235 3014 2294 violenter
3036 2253 3053 2305 ;
3075 2241 3133 2293 et
3158 2237 3373 2294 iterum
3391 2237 3465 2296 ab
3496 2237 3578 2295 in-

1933 2332 2119 2387 vicem
2141 2329 2479 2398 dissolutos,
2501 2330 2832 2384 nostrorum
2862 2327 3252 2385 constantiam
3281 2327 3574 2387 sustinere

1935 2439 2053 2480 non
2090 2420 2366 2488 valentes,
2390 2420 2589 2491 lugam
2612 2416 2760 2474 inire
2788 2414 3216 2490 compulerunt.
3244 2416 3575 2493 corbagath
3693 2457 3698 2461 -

1934 2520 2126 2570 autem
2157 2510 2229 2567 ab
2260 2507 2427 2566 initio
2456 2507 2691 2564 turbam
2714 2506 3037 2575 declinans,
3058 2506 3119 2562 in
3152 2506 3299 2564 colle
3318 2508 3575 2580 quodam

1936 2601 2296 2659 constitutus
2341 2598 2672 2670 frequentes
2716 2596 3001 2669 dirigebat
3044 2595 3303 2667 nuntios,
3351 2596 3454 2670 qui
3500 2595 3579 2654 ad

1934 2707 2068 2749 eum
2100 2698 2463 2746 recurrentes
2492 2687 2726 2761 sapius,
2757 2687 2829 2743 de
2858 2685 2993 2743 belli
3023 2692 3228 2744 eventu
3259 2702 3394 2745 eum
3439 2687 3577 2745 edo-

1936 2781 2165 2838 cebant.
2194 2778 2298 2836 Hic
2347 2780 2488 2835 dum
2525 2775 2977 2850 ,praestolaretur
3011 2776 3219 2834 anxius
3286 2791 3401 2848 quo
3460 2774 3579 2834 fine

1936 2873 2165 2927 tantum
2197 2866 2605 2925 terminaretur
2630 2864 2950 2939 negotium,
2984 2868 3223 2938 repente
3251 2881 3392 2922 suas
3411 2863 3582 2923 dissi-

1939 2966 2101 3033 patas
2133 2957 2369 3032 penitus
2396 2963 2450 3013 et
2480 2956 2539 3013 in
2570 2952 2730 3011 nullo
2762 2953 2876 3012 sibi
2906 2953 3281 3024 cohaerentes,
3313 2951 3581 3012 diffluere

1938 3048 2223 3120 conspicit
2250 3046 2527 3121 legiones.
2562 3045 2687 3110 Quo
2709 3044 2859 3101 sacto
2889 3045 3250 3117 perterritus,
3283 3041 3583 3102 monenti-

173 3139 473 3202 ποθ’-118»
504 3147 736 3204 ΠΜΨΙΘ
777 3147 913 3189 oum
943 3147 1010 3187 0⁰
1049 3131 1132 3187 Vir
1181 3127 1519 3203 Spesstabiliss
1549 3126 1824 3183 domium
1855 3113 1901 3181 C
1938 3138 2048 3194 bus
2086 3137 2212 3194 suis
2241 3137 2343 3209 qui
2385 3152 2522 3193 eum
2570 3133 3016 3203 comitabantur,
3041 3136 3107 3190 ut
3153 3131 3326 3191 saluti
3372 3146 3583 3190 consu-

175 3226 542 3292 'l'ancredus‚
592 3221 843 3295 impiger
891 3220 1137 3291 advolat,
1187 3221 1424 3277 domino
1485 3217 1827 3276 Boamundo

173 3314 517 3376 subsidium
537 3310 931 3369 ministraturi
960 3327 973 3366 :
998 3325 1244 3383 quorum
1267 3316 1589 3381 opportuno
1609 3306 1827 3364 adven-

173 3412 265 3475 tu,
284 3404 494 3462 statim
514 3401 775 3459 hostium
797 3404 1078 3457 enervatis
1098 3416 1164 3456 su
1174 3406 1235 3456 nt
1256 3398 1427 3470 vires,
1448 3402 1506 3455 et
1525 3396 1717 3454 omnis
1739 3411 1831 3452 eo-

175 3511 311 3554 rum
344 3494 533 3549 virtus
553 3489 853 3562 emarcuit,
871 3489 1229 3546 instantibus
1250 3487 1466 3544 nostris
1486 3485 1828 3552 animosius,

174 3584 540 3654 vulneraque
567 3584 624 3637 et
654 3584 898 3637 mortem
932 3576 1421 3635 ministrantibus.
1452 3576 1716 3646 Dumque
1744 3573 1826 3628 vi-

178 3676 325 3732 dent
352 3687 418 3729 se
443 3669 668 3728 viribus
698 3667 972 3741 impares,
994 3665 1344 3725 irruentium
1367 3664 1599 3737 pondus
1630 3676 1691 3718 se
1714 3678 1827 3719 non

175 3778 354 3839 posse
384 3760 675 3817 sustinere
705 3758 948 3829 diutiuS,
984 3756 1055 3812 ad
1107 3755 1223 3812 alia
1251 3771 1314 3811 se
1360 3755 1700 3811 convertunt
1731 3767 1827 3807 ar-

173 3855 462 3929 gumenta
485 3868 502 3921 ;
527 3853 586 3905 et
605 3851 801 3922 iguem
834 3846 1003 3904 solito
1035 3845 1394 3903 excutientes
1417 3840 1832 3910 artificio,sub-

167 3944 397 4017 Jiciunt
423 3941 485 3996 in
530 3938 799 4010 stipulam
829 3954 844 4006 ;
877 3941 1001 3992 erat
1037 3936 1192 3992 enim
1242 3935 1436 3991 fenum
1483 3930 1737 3987 multum
1769 3930 1829 3986 in

176 4032 309 4090 loeo
328 4028 563 4087 aridum
588 4025 774 4096 valde,
790 4028 847 4082 et
865 4024 1088 4099 stipula
1108 4030 1243 4097 apta
1265 4038 1506 4094 prorsus
1527 4017 1826 4087 incendio;

175 4137 310 4196 quai
339 4119 675 4191 subJectum
704 4117 901 4191 ignem
950 4115 1328 4187 suscipientia
1373 4116 1609 4186 gratum
1655 4107 1832 4165 mini-

177 4213 519 4271 straverunt
542 4206 829 4274 fomitem,
863 4204 1072 4262 etlicet
1111 4205 1408 4261 flammam
1439 4201 1673 4273 quidem
1705 4212 1832 4254 mo-

178 4302 395 4370 dicam,
426 4304 633 4356 tetram
665 4302 862 4354 tamen
887 4299 1062 4367 atque
1093 4296 1335 4351 densam
1360 4292 1504 4348 fumi
1542 4289 1833 4347 dederunt

176 4393 517 4465 caliginem,
535 4404 651 4460 qua
680 4386 947 4444 involutae
970 4386 1140 4455 acies,
1164 4385 1357 4441 minus
1387 4381 1626 4455 quidem
1649 4380 1832 4436 insta·

1937 3226 2103 3296 leret,
2134 3225 2347 3285 relictis
2391 3224 2595 3283 castris
2641 3227 2701 3280 et
2736 3239 2977 3281 suorum
3020 3222 3353 3291 immemor,
3384 3221 3582 3294 fugam

1937 3318 2069 3375 iniit
2097 3316 2469 3391 quantocius,
2497 3318 2659 3372 tanta
2686 3317 2987 3385 correptus
3018 3312 3352 3374 formidine.
3380 3315 3447 3368 ut
3473 3325 3580 3370 ne-

1937 3407 2155 3464 minem
2179 3409 2544 3478 exspectans,
2562 3407 2619 3461 et
2638 3420 2818 3476 equos
2837 3407 3201 3476 permuttans
3223 3399 3578 3472 alternatim,

1939 3506 2001 3553 ut
2023 3497 2170 3568 fugoe
2199 3504 2437 3568 possent
2464 3494 2753 3562 sulficere,
2779 3492 3023 3549 transito
3040 3492 3335 3564 Euphrate
3365 3490 3458 3548 vix
3486 3494 3582 3549 tu·

1939 3590 2065 3643 tum
2087 3602 2147 3643 se
2177 3588 2488 3657 reputaret.
2520 3580 2752 3638 Relictae
2785 3597 2916 3637 vero
2956 3580 3131 3647 acies,
3165 3579 3450 3653 principis
3477 3581 3580 3637 de-

1939 3677 2157 3734 stitutae
2188 3674 2415 3742 solatio,
2441 3669 2751 3727 resistendi
2800 3669 2997 3725 animo
3044 3667 3223 3724 simul
3269 3671 3327 3724 et
3352 3665 3579 3725 viribus

1937 3763 2128 3833 vacui,
2174 3761 2388 3834 quibus
2435 3758 2569 3831 equi
2604 3758 2875 3815 sufficere
2917 3760 3209 3828 poterant,
3238 3755 3440 3812 eadem
3486 3754 3579 3812 via

1939 3850 2115 3910 saluti
2144 3848 2539 3918 consulentes,
2573 3848 2709 3920 tuga
2753 3845 2955 3919 elapsi,
2986 3845 3423 3916 insequentium
3452 3844 3578 3918 gla-

1939 3942 2068 4000 dios
2121 3944 2449 3997 evaserunt.
2494 3937 2686 3994 Nostri
2734 3940 2929 3993 autem
2973 3950 3256 4009 equorum
3303 3933 3580 3992 timentes

1940 4031 2252 4101 defectum,
2274 4045 2391 4084 non
2418 4026 2667 4084 multum
2699 4025 2926 4097 insequi
2957 4026 3478 4098 praesumpserunt,
3491 4038 3581 4081 ex·

1939 4127 2104 4194 cepto
2135 4119 2371 4175 domino
2404 4116 2729 4183 Tancredo,
2757 4119 2814 4172 et
2843 4115 3048 4187 paucis
3079 4113 3231 4183 aliis,
3262 4113 3362 4187 qui
3393 4129 3580 4184 usque

1939 4210 2011 4270 ad
2033 4224 2307 4268 occasum
2329 4206 2495 4274 solis,
2509 4205 2695 4262 tribus
2716 4208 2819 4261 aut
2838 4207 3087 4276 quatuor
3106 4202 3458 4259 milliaribus
3478 4217 3580 4259 eos

1942 4299 2255 4359 sternendo
2284 4295 2573 4371 prosecuti
2605 4299 2763 4353 sunt.
2796 4299 3043 4352 'rantum
3074 4292 3362 4366 siquidem
3382 4290 3583 4349 divina

1939 4388 2124 4445 virtus
2155 4386 2238 4442 eis
2267 4386 2535 4441 timorem
2576 4382 2920 4451 immiserat,
2954 4389 3017 4438 ut
3048 4380 3133 4437 vel
3175 4379 3462 4451 resistere,
3491 4377 3580 4436 vel

177 4482 323 4539 bant
341 4478 816 4547 hostibus,fumo
830 4476 1150 4549 plurimum
1174 4472 1463 4530 officiente
1484 4470 1830 4536 luminibus,
1862 4498 1908 4563 D
1938 4497 1974 4538 a
2003 4496 2066 4536 ΒΘ
2096 4477 2515 4534 insectantium
2539 4473 2881 4549 propulsare
2910 4472 3160 4546 injurias
3190 4487 3297 4529 nec
3329 4473 3583 4526 attenta..

180 4576 242 4631 et
268 4571 505 4643 pulvere
557 4566 963 4636 nibilominus,
995 4565 1098 4638 qui
1138 4578 1422 4636 equorum
1462 4564 1519 4618 et
1565 4558 1826 4632 peditum

176 4662 544 4722 excitabatur
571 4657 919 4729 trequentia.
946 4657 1004 4712 ln
1029 4655 1140 4713 hac
1171 4654 1350 4727 igitur
1375 4656 1538 4708 tanta
1567 4648 1712 4706 fumi
1734 4664 1829 4705 ca·

174 4753 365 4826 tigine
403 4748 724 4807 studiosius
750 4746 1016 4814 excitata,
1049 4744 1248 4801 hostes
1295 4746 1530 4801 nostros
1559 4737 1827 4807 insecuti,

177 4847 253 4901 de
282 4839 606 4915 peditibus,
636 4835 947 4893 nonnullos
977 4835 1350 4903 occiderunt,
1382 4831 1608 4906 equites
1634 4836 1830 4887 autem

176 4944 463 5005 equorum
494 4928 644 5000 rapti
684 4926 968 4983 beneflcio
1017 4924 1398 4997 periculosam
1447 4923 1610 4979 illam
1643 4918 1830 4977 decli-

176 5026 396 5082 nantes
432 5015 733 5089 nebulam,
767 5016 1074 5074 redeuntes
1104 5015 1166 5071 in
1217 5014 1500 5086 idipsum.
1533 5015 1589 5068 et
1635 5009 1830 5067 divino

174 5112 314 5171 freti
337 5106 697 5168 adminiculo
720 5122 968 5180 agonem
1008 5105 1443 5174 continuantes,
1461 5098 1831 5172 reintegratis

178 5200 385 5259 divino
416 5212 659 5255 munere
678 5197 923 5266 viribus,
945 5196 1143 5253 hostes
1167 5194 1228 5250 in
1257 5194 1451 5267 fugam
1473 5188 1684 5264 gladiis
1701 5203 1832 5262 per-

182 5288 552 5349 secutoribus
563 5289 928 5356 convertunt;
942 5300 1046 5342 nec
1058 5284 1350 5342 desistunt
1367 5279 1833 5353 insequi,quous-

180 5394 307 5455 que
326 5379 396 5435 ad
427 5392 666 5435 suorum
688 5376 815 5447 ,iam
840 5373 1119 5432 dissoluta
1149 5371 1520 5447 agmina,eos
1540 5382 1834 5426 recurrere

179 5470 477 5529 violenter
503 5465 933 5539 compulerunt.

1941 4577 2101 4639 rent;
2126 4568 2322 4625 decem
2354 4568 2509 4623 enim
2540 4581 2609 4622 ex
2640 4564 2857 4621 nostris
2902 4561 3253 4619 videbantur
3282 4560 3367 4615 eis
3413 4558 3583 4631 quasi

1942 4659 2130 4716 multa
2167 4656 2391 4726 millia;
2442 4670 2547 4714 nec
2591 4660 2715 4711 erat
2744 4652 2845 4726 qui
2874 4668 2909 4709 a
2935 4650 3082 4709 facie
3119 4656 3448 4705 nostrorum
3477 4645 3581 4702 fu·-

1939 4748 2234 4823 gientibus
2298 4746 2630 4804 ministrare
2685 4746 2882 4815 posset
2950 4736 3429 4797 consolationem.
3477 4736 3581 4793 Hic

1941 4837 2111 4912 plane
2130 4835 2386 4894 innotuit
2415 4833 2555 4907 quia
2580 4847 2693 4889 non
2721 4836 2801 4887 est
2831 4826 3128 4885 consilium
3172 4830 3365 4882 contra
3391 4824 3584 4882 Domi·

1940 4942 2077 4982 num
2106 4928 2290 4997 (Prov.
2324 4939 2441 4992 xxi,
2473 4922 2564 4996 30)
2599 4937 2613 4977 ε
2646 4932 2944 4995 quamque
2973 4930 3104 4973 vere
3146 4914 3375 4971 dicatur
3423 4913 3584 4987 quod

1940 5031 2056 5070 non
2098 5013 2299 5071 deserit
2346 5012 2608 5069 Dominus
2654 5010 2935 5082 sperantes
2983 5006 3041 5061 in
3087 5019 3144 5062 se
3188 5002 3427 5079 (ludite.
3455 5018 3583 5071 xm,

1944 5103 2054 5177 17),
2087 5102 2216 5176 ipso
2248 5116 2442 5159 rerum
2468 5099 2860 5171 experimento
2892 5097 3109 5154 factum
3148 5099 3240 5155 est
3264 5092 3499 5153 evidens
3528 5094 3587 5149 et

1945 5192 2342 5261 manifestum,
2375 5204 2510 5247 eum
2551 5188 2803 5262 populus
2832 5188 3001 5261 inops
3026 5190 3087 5245 et
3113 5182 3417 5244 famelicus
3453 5184 3589 5241 tan-

1943 5288 2067 5342 tam
2087 5282 2349 5339 vivorum
2380 5278 2615 5337 fortium
2647 5276 3107 5344 multitudinem,
3139 5272 3238 5332 Dei
3265 5272 3452 5330 fretus
3477 5287 3588 5329 su-

1944 5373 2106 5431 xillio
2132 5371 2323 5445 potuit
2350 5384 2659 5443 superare;
2682 5375 2738 5425 et
2767 5371 2973 5440 prater
3000 5378 3165 5439 spem
3196 5360 3511 5438 propriam,
3524 5361 3586 5420 in

1944 5478 2062 5521 uno
2090 5460 2291 5535 praelio
2330 5459 2670 5521 universum
2699 5455 2881 5534 a-Deo
2911 5453 3259 5515 destitutum
3288 5451 3585 5511 Orientem

1942 5550 2319 5614 contundere.
