3784 6000
150 265 292 327 1073

1144 258 1509 320 EPISTOLAE
1544 256 1635 316 Er
1668 252 2118 317 PRIVILEGIA.
2167 288 2230 302 -
2271 258 2384 316 AN.
2432 254 2595 319 1181.

3435 254 3579 319 ¹071

146 398 505 463 vestrorum,
530 390 729 449 nullus
757 406 793 448 a
818 389 992 447 vobis
1010 389 1276 447 decimas
1311 387 1542 459 exigere
1580 400 1803 458 praesu·
1830 380 1879 437 A
1915 384 2345 442 incarnationis
2361 385 2685 443 Dominicae
2704 400 2865 443 anno
2893 384 3045 457 1181,
3063 383 3443 458 pontificatus
3471 385 3579 443 do·

149 488 295 542 mat.
320 483 522 540 Liceat.
551 496 792 554 quoque
822 480 993 537 vobis
1010 479 1276 543 clericos,
1298 477 1389 534 vel
1413 477 1623 544 laicos,
1655 489 1805 530 asae-

148 573 285 632 culo
298 570 657 642 fugientes,li
668 572 840 626 beros
854 576 910 626 et
924 569 1231 626 absolutos
1255 567 1332 624 ad
1346 565 1803 624 conversionem

151 663 433 735 recipere,
462 666 518 717 et
546 676 648 716 eos
677 661 906 732 absque
937 658 1399 715 contradictione
1429 656 1632 728 aliqua
1672 655 1807 710 reti-

151 751 722 810 nere.Prohibemus
747 750 995 821 insuper
1020 749 1164 804 nulli
1178 748 1431 803 fratrum
1446 750 1801 809 vestrorum,

150 848 291 916 post
317 841 536 897 factam
568 841 627 895 in
659 839 872 895 eodem
894 838 1027 893 loco
1057 834 1547 911 [professionem]
1589 833 1681 890 las
1706 833 1801 899 sit,

156 933 388 1003 absque
410 928 645 985 abbatis
673 928 762 984 sui
779 927 1040 991 licentia,
1068 927 1143 983 de
1169 926 1383 982 eodem
1403 924 1558 987 loco,
1583 923 1697 979 nisi
1713 937 1805 978 ar·

154 1021 353 1078 ctioris
406 1018 711 1089 religionis
748 1017 981 1080 obtutu,
1016 1016 1343 1080 discedere,
1396 1012 1806 1069 discedentem

152 1125 292 1166 vero
309 1108 537 1179 absque
548 1106 1299 1162 communiumlitterarum
1314 1102 1590 1159 cautione
1603 1100 1804 1155 nullus

155 1197 659 1255 audeatretinere.
685 1195 829 1251 Cum
864 1200 1063 1251 autem
1097 1193 1373 1265 generale
1424 1189 1806 1247 interdictum

156 1292 321 1343 terroe
353 1285 547 1349 fuerit,
574 1284 747 1340 liceat
782 1284 973 1349 vobis,
1030 1283 1252 1339 clausis
1288 1280 1514 1353 Januis,
1548 1278 1805 1336 exclusis

152 1390 362 1431 excom
374 1374 690 1430 municatis
707 1372 794 1429 vel
807 1372 1279 1437 interdictis,non
1292 1369 1539 1443 pulsatis
1551 1383 1803 1440 campa-

153 1466 270 1528 nis,
302 1478 628 1535 suppressa
642 1478 806 1526 voce,
838 1463 1043 1518 divina
1071 1457 1680 1524 officiacelebrare;in
1699 1472 1803 1527 pa-

151 1551 516 1609 rochialibus
531 1557 730 1608 autem
747 1551 1036 1620 ecclesiis,
1064 1567 1214 1623 quas
1246 1547 1803 1611 habetis,liceatvo·

151 1642 245 1698 bis
266 1641 603 1697 sacerdotes
629 1639 863 1709 eligere,
896 1644 953 1696 et
973 1639 1315 1695 dioecesano
1344 1638 1629 1710 episcopo
1650 1650 1803 1707 prae-

1916 473 2058 529 mini
2089 474 2245 530 Lucii
2263 474 2332 529 ΙΙΙ
2356 489 2496 546 pap.
2521 489 2665 530 ann.
2699 490 2739 530 1.

2665 579 2758 636 111.

1990 683 2313 741 Ecclesiam
2355 686 2670 741 Lucensem
2723 686 3006 743 tuendam
3047 686 3292 757 suscipit
3334 688 3582 761 ejusque

2162 758 2552 825 possessiones
2576 762 2630 811 ee
2659 758 2977 827 privileqia
3009 760 3346 827 confirmat.

2413 845 2727 917 (Laterani,
2773 848 2918 902 Nov.
2970 848 3078 916 12.)

1915 932 3305 1005 [Memor-ieperservireall·istoriadiLucca,11,
3338 953 3396 1000 ιι,
3433 934 3583 1009 194.]

1989 1023 2187 1077 Lucus
2219 1022 2564 1094 episcopus,
2595 1039 2805 1079 servus
2837 1040 3148 1080 servorum
3180 1026 3298 1091 Dei,
3333 1040 3584 1081 venera-

1915 1108 2018 1166 bili
2069 1110 2232 1166 fratri
2282 1126 2614 1180 σιιιιιειιιο,
2675 1112 2919 1168 Lucano
2970 1114 3275 1185 episcop0,
3331 1114 3582 1185 ejusque

1916 1198 2368 1255 successoribus
2421 1200 2709 1256 canonice
2767 1202 3202 1257 substituendis
3261 1203 3320 1257 in
3373 1216 3584 1274 perpe-

1916 1293 2111 1345 tuum.

1917 1386 1924 1429 ;
1986 1376 2145 1433 Ordo
2171 1377 2321 1448 juris
2364 1377 2723 1448 expostulat,
2769 1382 2831 1433 ut
2874 1378 2952 1434 ab
2982 1379 3182 1435 officio
3222 1384 3426 1436 nostro
3458 1394 3581 1436 non

1914 1465 2191 1521 credatur
2227 1466 2512 1532 alienum,
2569 1472 2632 1523 ut
2674 1466 2999 1524 Ecclesiam
3048 1468 3148 1524 tibi
3189 1469 3579 1525 commissam

1915 1559 2080 1610 tanto
2103 1554 2426 1610 ferventius
2455 1555 2782 1626 diligamus
2815 1562 2870 1612 et
2904 1556 3291 1613 intendamus
3317 1573 3582 1629 prope-n·-

1915 1645 2037 1700 sius
2079 1644 2207 1715 ejus
2238 1643 2626 1716 profectibus,
2669 1651 2726 1701 et
2775 1647 3143 1715 augmentis,
3187 1652 3485 1718 quantum
3525 1649 3584 1703 et

154 1736 388 1788 sentare
419 1729 657 1802 quibus,
700 1730 745 1783 si
780 1729 976 1785 idonei
998 1728 1234 1792 fuerint,
1264 1726 1801 1798 episcopuscuram
1839 1736 1881 1791 Β
1912 1732 2142 1788 ratione
2175 1732 2403 1803 patrioe,
2427 1738 2484 1789 et
2508 1733 2988 1790 consideratione
3003 1734 3479 1807 beneficii,quod
3504 1735 3583 1791 ab

154 1821 494 1877 animarum
516 1819 863 1883 committat,
884 1816 1068 1890 utipsi
1085 1817 1160 1872 de
1171 1814 1604 1887 spiritualibus.
1631 1810 1803 1868 vobis

156 1925 294 1967 vero
320 1909 394 1964 de
411 1906 838 1980 temporalibus
855 1903 1513 1976 debeantrespondere.
1534 1901 1805 1973 Sepultu-

155 2014 286 2055 ram
312 1996 797 2070 praetereaipsius
826 1995 941 2051 loci
970 1995 1222 2050 liberam
1248 2007 1378 2048 esse
1398 1991 1799 2055 decernimus,

156 2093 219 2144 ut
246 2103 455 2143 eorum
486 2085 858 2141 devotioniet
882 2089 1159 2140 extremae
1181 2081 1470 2137 voluntati
1486 2079 1589 2153 qui
1605 2095 1666 2134 se
1685 2078 1802 2135 illic

156 2175 388 2248 sepeliri
434 2175 908 2238 deliberaverint,
952 2172 1066 2228 nisi
1115 2170 1258 2227 forte
1302 2167 1802 2226 excommunicati

155 2262 248 2317 vel
276 2260 574 2318 interdicti
602 2261 736 2324 sint,
770 2261 964 2316 nullus
996 2259 1267 2324 obsistat,
1292 2258 1458 2316 salva
1482 2263 1680 2315 tamen
1708 2258 1807 2328 ju-

157 2351 311 2407 stitia
323 2351 558 2407 illarum
580 2349 965 2405 ecclesiarum
981 2366 1017 2404 a
1047 2349 1267 2420 quibus
1293 2352 1668 2404 mortuorum
1681 2361 1806 2403 cor-

154 2454 305 2512 pora
326 2444 735 2495 assumuntur.
759 2437 1031 2493 Obeunte
1060 2453 1200 2492 vero
1245 2452 1406 2492 nuuc
1438 2442 1490 2492 te
1534 2435 1807 2506 ejusdem

154 2528 269 2585 loci
290 2528 531 2593 abbate,
548 2527 641 2583 vel
661 2534 902 2582 tuorum
924 2525 1192 2598 quolibet
1222 2540 1663 2593 successorum,
1679 2522 1808 2579 nul-

155 2617 248 2672 lus
278 2618 355 2673 ibi
388 2617 658 2689 qualibet
689 2615 1087 2687 subreptionis
1117 2614 1358 2681 astutia,
1391 2631 1499 2670 seu
1529 2613 1808 2670 violentia

148 2721 269 2780 pne
278 2713 554 2779 ponatur,
575 2706 683 2761 nisi
707 2720 888 2776 quem
912 2704 1119 2760 fratres
1140 2703 1450 2759 com-nuni
1471 2718 1802 2769 consensu,

152 2796 505 2853 velfratrum
518 2810 654 2867 pars
669 2794 893 2850 consilii
909 2794 1522 2860 sanioris‚secundum
1539 2793 1635 2849 Dei
1653 2792 1810 2848 timo-

149 2902 278 2943 rem
298 2890 358 2942 et
380 2887 436 2941 B.
457 2883 746 2941 Benedicti
763 2885 1047 2953 Regulam
1065 2882 1427 2955 providerint
1441 2881 1805 2953 eligendum.

227 2974 607 3034 Decernimus
646 2988 787 3044 ergo
813 2978 873 3029 ut
904 2972 1048 3029 nulli
1088 2972 1336 3029 omnino
1369 2972 1685 3028 bominum
1718 2971 1809 3027 fas

1913 1822 2044 1894 ipsa
2057 1820 2417 1891 recepimus,
2445 1836 2552 1877 nos
2575 1822 2624 1877 ei
2661 1837 3170 1892 recognoscamus
3195 1823 3456 1895 amplius
3483 1824 3586 1879 de·

1913 1910 2156 1966 bitores.
2184 1910 2544 1979 Dignumest
2564 1910 2865 1983 siquidem
2894 1913 2955 1966 ut
2984 1926 3123 1966 cum
3156 1912 3213 1966 in
3247 1912 3459 1968 eadem
3489 1928 3586 1968 ec-

1914 1996 2098 2053 clesia
2127 1998 2506 2068 baptismatis
2523 1999 2774 2070 gratiam
2792 1999 3136 2070 recipimus,
3165 2001 3218 2055 ei
3245 2004 3426 2056 etsua
3445 2000 3586 2070 jura

1914 2086 2152 2157 speciali
2183 2086 2453 2159 quadam
2486 2086 2892 2143 sollicitudine
2925 2103 3375 2152 conservemus,
3416 2093 3491 2154 et,
3524 2090 3586 2145 ut

1914 2174 2129 2231 futuris
2169 2175 2539 2247 temporibus
2572 2191 2601 2231 a
2647 2191 2972 2247 pravorum
3003 2176 3343 2232 incursibus
3376 2178 3580 2249 quieta

1917 2265 2222 2329 consistat,
2257 2265 2656 2336 apostolicum
2689 2265 3096 2337 patrocinium
3131 2265 3579 2337 impendamus.

1918 2355 2259 2424 Eapropter,
2301 2352 2656 2408 venerabilis
2690 2352 2750 2408 in
2781 2352 3011 2409 Christo
3066 2353 3245 2409 frater
3275 2353 3579 2425 episcope,

1917 2441 2132 2497 horum
2163 2457 2300 2514 quae
2331 2441 2593 2496 diximus
2624 2447 2680 2497 et
2712 2447 2826 2497 tuoe
2878 2442 3358 2498 consideratione
3397 2442 3584 2498 devo-

1921 2530 2095 2587 tionis
2142 2529 2391 2595 inducti,
2445 2531 2875 2603 suscipimus...
2935 2530 3278 2595 Ecclesiam,
3326 2530 3419 2586 cui
3460 2530 3580 2587 Deo

1918 2626 2158 2677 auctore
2184 2634 2439 2690 praeesse
2466 2619 2862 2689 dignosceris,
2892 2621 2971 2675 ad
3012 2619 3318 2690 exemplar
3358 2620 3587 2691 proede-

1918 2723 2223 2765 cessorum
2275 2712 2619 2764 nostrorum
2652 2708 2835 2764 felicis
2876 2708 3307 2764 recordatiouis
3337 2708 3586 2765 Alexan-

1919 2797 2009 2854 dri
2068 2798 2133 2863 11,
2185 2796 2487 2853 Paschalis
2527 2798 2596 2861 11,
2651 2800 2774 2853 et...
2819 2796 3039 2853 Urbani
3081 2798 3125 2853 ll
3177 2800 3584 2853 Romanorum

1922 2886 2295 2960 pontificum,
2327 2885 2441 2941 sub
2489 2886 2645 2941 beati
2676 2885 2827 2942 Petri
2869 2893 2924 2941 et
2964 2891 3168 2942 nostra
3219 2886 3585 2956 protectione

1921 2975 2377 3047 suscipimus....
2425 2974 2628 3047 scripti
2682 2974 3062 3047 privilegio...
3122 2978 3473 3040 statuentes,
3523 2977 3589 3032 ut

154 3067 229 3122 sit
279 3065 598 3138 praefatum
659 3063 1091 3118 monasterium
1161 3067 1377 3118 temere
1442 3060 1807 3133 perturbare,
1846 3091 1888 3148 C
1920 3080 2318 3138 quascunque
2361 3065 2845 3137 possessiones...
2877 3064 3038 3120 bona
3082 3064 3295 3121 eadem
3340 3063 3592 3121 ecclesia

152 3161 257 3213 aut
285 3156 408 3228 ejus
431 3153 845 3227 possessiones
871 3151 1125 3218 auferre,
1156 3151 1247 3206 vel
1274 3150 1508 3207 ablatas
1538 3151 1808 3221 retinere,

150 3246 529 3308 imminuere,
561 3258 668 3297 seu
696 3240 1064 3314 quibuslibet
1096 3238 1510 3296 vexationibus
1538 3238 1807 3309 fatigare,

154 3334 260 3389 sed
276 3333 479 3389 omnia
491 3332 720 3401 integra
736 3333 1179 3394 conservantes,
1197 3343 1405 3384 eorum
1426 3342 1532 3400 pro
1549 3343 1808 3400 quorum

153 3422 584 3494 gubernatione
603 3437 672 3476 ac
689 3419 1110 3474 sustentatione
1128 3433 1417 3473 concessa
1439 3421 1579 3471 sunt
1600 3416 1810 3471 usibus

153 3510 522 3568 omnimodis
540 3509 867 3581 profutura,
884 3507 1050 3564 salva
1063 3507 1221 3563 sedis
1241 3504 1586 3577 apostolicis
1605 3508 1811 3561 aucto·

153 3602 321 3658 ritate
360 3607 415 3656 et
453 3599 774 3656 dioecesani
817 3597 1079 3670 episcopi
1119 3596 1414 3652 canonica
1450 3593 1713 3666 justicia,
1755 3599 1813 3651 et

155 3689 526 3746 Hambiensis
562 3687 904 3744 monasterii
935 3686 1132 3742 debita
1162 3684 1629 3749 reverentia,etc.

226 3781 440 3836 Datum
484 3779 706 3834 Velitris
748 3795 787 3832 ιι
830 3777 969 3832 ldus
1010 3775 1302 3841 Octobris,
1344 3774 1669 3831 indictione
1711 3790 1810 3846 xv,

155 3884 470 3942 ecclesiam
485 3883 558 3938 de
576 3882 1127 3948 Wimouvilla,cum
1154 3879 1323 3935 altari
1357 3877 1815 3950 S.Stephani;et

155 3956 463 4029 quoddam
489 3955 953 4010 molendinuma
1005 3953 1083 4007 ud
1112 3951 1463 4015 Beverdam,
1498 3950 1572 4004 de
1586 3951 1812 4006 honore

156 4043 486 4093 ramorum,
514 4034 568 4082 et
598 4025 963 4098 quidquidat
1004 4023 1414 4079 molendinum
1448 4022 1715 4089 pertinet,
1750 4022 1813 4076 in

160 4100 346 4155 molta
377 4105 430 4153 et
452 4097 695 4154 omnire
719 4113 734 4162 ,·
768 4102 823 4151 et
841 4097 1122 4167 aquarias
1142 4109 1283 4149 sinas
1312 4092 1387 4148 de
1413 4090 1732 4157 Stotevilla‚
1756 4096 1815 4148 et

158 4172 365 4225 decem
386 4176 440 4224 et
465 4176 597 4224 octo
616 4184 788 4223 acras
812 4173 976 4222 terrie
997 4165 1061 4221 in
1084 4164 1295 4220 eadem
1315 4163 1469 4227 villa,
1490 4179 1640 4288 quas
1660 4178 1815 4218 mer-

157 4247 328 4297 catus
349 4241 455 4295 t'uit
475 4240 547 4294 de
568 4239 821 4294 Roberto
844 4252 1063 4306 genero
1091 4253 1105 4302 ;
1134 4243 1187 4290 et
1212 4251 1283 4290 su
1334 4251 1397 4289 ra
1419 4237 1499 4290 Ga
1526 4234 1811 4300 lomonte,

157 4313 301 4384 quin
355 4312 599 4379 uaginta
618 4325 789 4365 acras
823 4316 989 4364 terrie
1010 4308 1083 4362 de
1106 4313 1260 4362 terra
1332 4321 1605 4378 ronquay
1628 4321 1643 4372 ;
1665 4312 1815 4362 etex

158 4387 350 4438 douo*
385 4382 552 4436 icolai
568 4381 639 4434 de
652 4379 976 4443 Stotevilla,
992 4379 1093 4434 filii
1112 4377 1620 4449 praedictiNicolai‚
1642 4377 1817 4448 qnin-

1919 3156 1982 3209 in
2015 3154 2363 3227 praesenti...
2396 3153 2702 3227 possidere
2709 3193 3587 3212 ..........

1920 3332 2214 3404 pertinere
2230 3330 2527 3387 videntur.
2553 3331 2652 3387 His
2674 3331 3067 3402 adjungimus
3089 3330 3348 3401 plebem,
3382 3334 3436 3387 et
3461 3282 3592 3386 cur·-

1921 3426 2041 3477 tem
2092 3419 2166 3474 de
2219 3418 2437 3488 marlia,
2484 3434 2622 3474 cum
2659 3419 2913 3475 ecclesia
2961 3420 3160 3475 Sancti
3214 3419 3485 3484 Terentii,
3535 3424 3592 3476 et

1920 3525 2057 3566 cum
2097 3508 2381 3563 omnibus
2418 3508 2646 3564 mansis
2684 3513 2744 3563 et
2780 3508 2947 3564 terris
2995 3514 3175 3579 atque
3207 3507 3372 3563 omni
3405 3508 3587 3579 perti-

1920 3597 2121 3653 nentia
2145 3612 2276 3651 sua.
2309 3595 2435 3650 Duo
2466 3611 2712 3668 quoque
2736 3595 2980 3652 castella
3018 3595 3093 3652 de
3127 3595 3412 3658 Moriano,
3447 3609 3589 3652 cum

1920 3684 2205 3743 omnibus
2253 3683 2622 3756 pertinentiis
2676 3688 2732 3740 et
2762 3682 3117 3755 adjacentiis
3169 3683 3314 3753 suis,
3367 3682 3592 3740 sicut...

1921 3776 2080 3833 visse
2106 3774 2435 3831 noscimus.
2465 3775 2531 3829 Et
2561 3777 2777 3830 terram
2807 3789 2945 3846 quoe
2975 3771 3193 3828 dicitur
3224 3771 3539 3842 Cerbajola
3571 3787 3589 3842 3

1926 3887 2114 3940 mater
2144 3882 2274 3953 ejus
2305 3880 2552 3936 dederat
2578 3880 2876 3953 praedictae
2906 3880 3168 3936 abbatiae
3198 3895 3212 3944 ;
3246 3883 3302 3935 et
3331 3894 3403 3935 ex
3424 3876 3588 3935 dono

1925 3954 2231 4024 Reginaldi
2262 3953 2339 4008 de
2369 3950 2776 4023 Gerponvilla,
2813 3966 2999 4006 unum
3024 3951 3296 4006 modium
3327 3947 3493 4005 bladi
3525 3950 3589 4005 in

1925 4025 2271 4082 molendino
2293 4024 2491 4079 suode
2515 4023 2718 4078 Hamel
2745 4040 2759 4089 ;
2787 4028 3041 4078 etunam
3055 4038 3287 4078 somam
3307 4019 3590 4077 frumenti

1925 4096 2089 4168 apud
2105 4095 2413 4160 Clivillam,
2438 4093 2772 4150 secundum
2785 4095 2949 4167 quod
2973 4094 3032 4149 in
3051 4093 3258 4149 charta
3281 4108 3388 4148 sua
3401 4091 3591 4148 conti-

1925 4172 2120 4234 netur,
2154 4167 2466 4223 annuatim
2491 4166 2899 4238 recipiendam
2929 4184 2946 4237 3
2977 4172 3130 4221 etex
3155 4165 3318 4222 dono
3351 4161 3589 4219 Roberti

1927 4236 2600 4308 Affargart,etGaulridi
2630 4237 2737 4292 filii
2765 4236 2911 4310 ejuS‚
2947 4252 3135 4292 unum
3160 4235 3427 4291 modium
3459 4233 3588 4290 bla-

1925 4311 2008 4375 di,
2030 4310 2343 4365 aunuatim
2362 4309 2423 4365 in
2443 4308 2790 4364 molendino
2809 4308 2883 4364 de
2914 4311 3077 4373 Noet‚
3102 4312 3157 4363 et
3183 4307 3391 4364 decem
3421 4319 3592 4361 acras

1929 4388 2094 4437 terrae
2124 4380 2202 4437 ad
2222 4380 2466 4451 Logias3
2494 4385 2550 4437 et
2568 4380 2727 4452 apud
2745 4380 3220 4452 Hacquavillam,
3239 4390 3592 4434 mansuram

161 4455 452 4524 quaginta
480 4452 1024 4506 solidatasterraein
1056 4451 1300 4512 Arvilla;
1325 4454 1379 4503 et
1400 4465 1471 4505 ex
1488 4451 1651 4504 dono
1669 4448 1813 4503 Wil-
1850 4446 1893 4500 D
1926 4452 2133 4509 Goscae
2155 4453 2510 4523 carpentarii
2552 4451 2779 4520 integre
2821 4469 2835 4514 ς
2877 4459 3014 4507 etex
3043 4450 3206 4506 dono
3235 4448 3481 4505 Matthaei
3514 4446 3590 4503 de

164 4524 321 4579 lelmi
365 4523 439 4577 de
482 4522 788 4578 Stotavilla
826 4521 929 4576 lilii
970 4520 1236 4593 praedicti
1274 4519 1492 4576 Nicolai
1538 4519 1813 4586 senioris,

160 4594 496 4667 quamdam
524 4610 784 4649 marcam
810 4598 979 4648 terrae
1020 4593 1073 4647 iu
1112 4591 1404 4648 Extrafled
1429 4608 1442 4657 ;
1475 4595 1535 4646 et
1552 4607 1625 4647 ex
1653 4591 1817 4648 dono

160 4666 433 4724 Richardi
474 4666 547 4720 de
580 4663 908 4728 stotavilla,
952 4664 1049 4718 tilii
1105 4663 1369 4736 praedicti
1400 4662 1623 4718 Nicolai
1664 4662 1818 4718 seni-

163 4740 301 4802 oriS,
326 4737 729 4810 quadraginta
759 4735 978 4792 solidos
1005 4736 1341 4798 annuatim,
1373 4734 1432 4788 in
1474 4733 1816 4789 molendino

164 4826 274 4865 suo
296 4810 370 4864 de
395 4812 732 4874 lierocourt,
752 4808 914 4880 quod
939 4811 1183 4862 vocatur
1202 4804 1493 4862 Turmolin
1525 4821 1541 4870 ;
1566 4820 1635 4860 ex
1656 4805 1817 4861 douo

168 4881 310 4936 Petri
343 4881 416 4935 dc
450 4884 639 4942 liotot,
669 4886 724 4934 et
749 4879 994 4934 Julianae
1028 4880 1226 4933 uxoris
1248 4892 1372 4932 suoe
1404 4875 1816 4933 molendinum

163 4968 341 5007 suum
375 4952 449 5006 de
478 4952 692 5006 (taneio
716 4951 933 5020 integre
951 4966 965 5015 ;
981 4955 1035 5004 et
1052 4965 1122 5004 ex
1140 4949 1527 5004 concessione
1545 4947 1819 5003 Richardi

163 5025 237 5077 de
269 5023 437 5094 Alt'ay
476 5029 533 5078 et
564 5024 829 5086 loannis„
866 5020 964 5075 tilii
998 5020 1149 5090 ejus,
1192 5027 1381 5075 totum
1412 5018 1819 5074 molendinum

164 5109 303 5147 cum
324 5094 693 5165 pertinentiis
713 5093 877 5165 quod
907 5092 1179 5147 Nicolaus
1209 5090 1284 5146 de
1312 5088 1620 5146 stotavilla
1645 5094 1701 5145 et
1726 5090 1820 5145 Ju-

164 5164 325 5219 liana
359 5181 506 5220 uxor
536 5165 667 5235 ejus
693 5165 983 5233 praedictae
1009 5161 1267 5218 abbatiae
1288 5161 1581 5216 dederunt
1614 5176 1627 5226 ;
1656 5177 1688 5216 a
1740 5160 1819 5217 ud

165 5235 587 5301 Gausevillam,
612 5243 668 5290 et
691 5251 878 5291 unum
899 5237 1169 5289 modium
1198 5231 1383 5294 bladi,
1412 5233 1575 5304 quod
1598 5232 1695 5287 Wi
1721 5230 1821 5288 lel-

167 5323 300 5360 mus
341 5306 555 5361 Burdet
592 5306 853 5362 habebat
892 5306 949 5360 in
992 5305 1205 5360 eodem
1248 5303 1614 5367 molendino,
1655 5303 1821 5374 quod

164 5376 356 5432 abbas
385 5381 443 5432 et
471 5384 800 5433 conventus
826 5377 1097 5448 ejusdem
1123 5374 1377 5430 abbatim
1399 5379 1715 5430 tenuerunt
1744 5374 1823 5431 ab

164 5449 294 5518 ipso
323 5446 660 5512 Guillelmo,
692 5448 1058 5504 concedente
1088 5445 1379 5510 Aiufrido,
1414 5444 1556 5510 filio,
1584 5445 1823 5502 haerede

163 5534 273 5575 suo
300 5535 313 5584 ;
333 5527 388 5572 et
408 5535 479 5574 ex
502 5520 663 5575 dono
680 5519 950 5590 ejusdem
970 5516 1244 5573 Richardi
1266 5518 1341 5572 de
1366 5515 1559 5598 Alfay,
1582 5517 1827 5588 triginta

161 5591 429 5666 quinque
453 5605 625 5650 acras
642 5597 809 5648 terrae
822 5591 986 5666 apud
1002 5589 1185 5662 Stigal
1217 5604 1233 5657 ς
1263 5604 1373 5663 pro
1402 5587 1633 5664 reliquo
1658 5587 1825 5664 quod

1928 4523 2275 4594 Gerarvilla,
2325 4522 2603 4579 Willelmi
2661 4521 2766 4578 filii
2812 4523 2928 4588 sui,
2988 4521 3300 4577 dimidiam
3358 4521 3589 4591 pesiam

1928 4595 2069 4652 salis
2091 4594 2404 4651 annuatim
2438 4593 2802 4650 sumendam
2832 4592 2908 4648 de
2933 4592 3179 4661 proprio
3198 4590 3477 4657 granario
3499 4589 3592 4660 ip-

1927 4668 2071 4722 sius.
2110 4668 2172 4720 Et
2211 4681 2282 4721 ex
2326 4665 2490 4721 dono
2532 4664 2774 4720 Walteri
2812 4664 2885 4719 de
2922 4660 3278 4730 Castrillion,
3331 4661 3592 4732 quatuor

1929 4753 2100 4794 acras
2119 4742 2298 4800 terrae,
2315 4736 2691 4792 etdimidiam
2705 4735 2775 4790 ad
2789 4734 3120 4790 calceatum
3135 4728 3590 4796 Goufredivillae,

1928 4809 2200 4866 etdecem
2216 4813 2442 4878 septem
2459 4807 2714 4863 carteria
2727 4821 2956 4874 avenae,
2973 4811 3029 4860 et
3054 4810 3313 4875 quatuor
3325 4815 3590 4874 capones

1928 4881 1988 4935 in
2012 4879 2254 4934 duobus
2267 4877 2606 4949 hospitibus
2640 4882 2947 4933 terrffisuae
2964 4876 3038 4930 de
3052 4875 3272 4930 foresta
3301 4890 3316 4940 ;
3349 4879 3406 4928 et
3433 4871 3589 4928 deci·

1931 4965 2093 5006 mam
2126 4950 2301 5004 totius
2325 4954 2492 5005 terrae
2522 4953 2577 5004 et
2604 4948 2872 5003 redditus
2891 4961 3076 5018 quam
3096 4945 3364 5016 acquiret
3390 4960 3405 5011 ;
3439 4948 3496 4999 et
3520 4956 3595 5024 ex·

1927 5021 2091 5077 dono
2105 5019 2373 5076 willelmi
2388 5019 2463 5076 de
2475 5018 2800 5084 Canovilla,
2817 5018 3124 5074 dimidium
3143 5015 3411 5072 modium
3427 5012 3598 5071 blad1

1930 5093 1986 5148 in
2015 5091 2361 5148 molendino
2387 5107 2518 5158 suo,
2552 5091 2610 5146 in
2635 5091 2859 5162 riparia
2887 5105 3000 5144 sua
3029 5089 3102 5143 de
3130 5084 3459 5151 Witessend,
3490 5099 3597 5141 an·-

1932 5163 2162 5219 nuatim
2193 5160 2456 5218 habendi
2490 5179 2505 5227 ;
2539 5167 2595 5219 et
2626 5177 2696 5217 ex
2724 5160 2887 5217 dono
2931 5159 3177 5216 Walteri
3206 5158 3281 5214 de
3307 5156 3507 5228 Arfay,
3540 5157 3599 5212 et

1930 5233 2217 5306 patriciae,
2240 5234 2439 5290 uxoris
2463 5249 2608 5298 suae,
2637 5239 2695 5289 et
2715 5230 3112 5288 Wiltelmifilii
3137 5229 3249 5294 sui,
3282 5227 3598 5284 ecclesiam

1932 5305 2006 5360 de
2038 5305 2259 5360 Devilla
2294 5322 2307 5373 ;
2343 5308 2401 5360 et
2430 5319 2502 5360 ex
2531 5304 2693 5359 dono
2753 5301 3027 5359 Richardi
3059 5300 3325 5356 Tallcbot
3353 5304 3410 5354 et
3437 5297 3597 5354 Ami·

1933 5376 2034 5432 ciae
2071 5376 2276 5431 uxoris
2309 5375 2463 5446 ejus,
2498 5381 2555 5431 et
2589 5373 2870 5444 lingonis,
2910 5378 2967 5429 et
3005 5371 3295 5436 Willelmi,
3335 5370 3598 5427 tiliorum

1934 5462 2204 5506 suorum.
2235 5462 2423 5502 unum
2458 5445 2726 5502 modium
2759 5460 2984 5509 avenoe,
3014 5443 3178 5516 apud
3197 5442 3514 5514 Belvayam
3535 5440 3600 5497 in

1938 5533 2228 5575 mansura
2253 5518 2520 5580 Hugonis
2549 5518 2653 5574 filii
2684 5517 2874 5590 Jefrey
2903 5516 3187 5583 Larduin,
3218 5529 3404 5585 quam
3437 5513 3600 5569 tenet

1934 5591 1998 5648 in
2027 5596 2247 5648 canuta
2267 5589 2436 5648 silva.
2459 5590 2654 5658 Quare
2667 5588 2802 5648 volo
2826 5585 3141 5648 etfirmiter
3155 5585 3457 5662 proecipio,
3481 5589 3594 5641 eto.
