<?xml version="1.0" encoding="UTF-8"?>
<!DOCTYPE html PUBLIC "-//W3C//DTD XHTML 1.0 Transitional//EN"
    "http://www.w3.org/TR/xhtml1/DTD/xhtml1-transitional.dtd">
<html xmlns="http://www.w3.org/1999/xhtml" xml:lang="en" lang="en">
 <head>
  <title>
</title>
<meta http-equiv="Content-Type" content="text/html;charset=utf-8" />
  <meta name='ocr-system' content='tesseract 3.04.00' />
  <meta name='ocr-capabilities' content='ocr_page ocr_carea ocr_par ocr_line ocrx_word'/>
</head>
<body>
  <div class='ocr_page' id='page_1' title='image "./patrologiaecurs32goog_0174.png"; bbox 0 0 3784 6000; ppageno 0'>
   <div class='ocr_carea' id='block_1_1' title="bbox 248 246 3661 320">
    <p class='ocr_par' dir='ltr' id='par_1_1' title="bbox 248 246 3661 320">
     <span class='ocr_line' id='line_1_1' title="bbox 248 246 3661 320; baseline 0.003 -12"><span class='ocrx_word' id='word_1_1' title='bbox 248 251 373 319; x_wconf 64' lang='lat'><strong>332</strong></span> <span class='ocrx_word' id='word_1_2' title='bbox 1329 247 1752 313; x_wconf 75' lang='lat' dir='ltr'><strong>GUILLELMI</strong></span> <span class='ocrx_word' id='word_1_3' title='bbox 1792 249 2176 313; x_wconf 79' lang='lat' dir='ltr'>TYRENSIS</span> <span class='ocrx_word' id='word_1_4' title='bbox 2220 246 2585 313; x_wconf 77' lang='lat' dir='ltr'><strong>ARCHIEP.</strong></span> <span class='ocrx_word' id='word_1_5' title='bbox 3536 257 3661 320; x_wconf 63' lang='grc'><strong>340</strong></span> 
     </span>
    </p>
   </div>
   <div class='ocr_carea' id='block_1_2' title="bbox 242 381 3664 825">
    <p class='ocr_par' dir='ltr' id='par_1_2' title="bbox 242 381 3664 825">
     <span class='ocr_line' id='line_1_2' title="bbox 242 381 3663 460; baseline 0.001 -13"><span class='ocrx_word' id='word_1_6' title='bbox 242 393 330 447; x_wconf 80' lang='lat' dir='ltr'><strong>ter</strong></span> <span class='ocrx_word' id='word_1_7' title='bbox 352 403 445 446; x_wconf 80' lang='lat' dir='ltr'><strong>uos</strong></span> <span class='ocrx_word' id='word_1_8' title='bbox 472 385 810 460; x_wconf 81' lang='lat' dir='ltr'><strong>portionibus</strong></span> <span class='ocrx_word' id='word_1_9' title='bbox 851 381 1218 458; x_wconf 75' lang='lat' dir='ltr'><strong><em>proposuistis</em></strong></span> <span class='ocrx_word' id='word_1_10' title='bbox 1250 382 1508 451; x_wconf 80' lang='lat' dir='ltr'><strong>dividere,</strong></span> <span class='ocrx_word' id='word_1_11' title='bbox 1562 398 1655 456; x_wconf 69' lang='lat' dir='ltr'><strong>eoo</strong></span> <span class='ocrx_word' id='word_1_12' title='bbox 1705 384 1893 457; x_wconf 72' lang='lat' dir='ltr'><strong>qratia</strong></span> <span class='ocrx_word' id='word_1_13' title='bbox 1921 386 1976 453; x_wconf 75' lang='grc' dir='ltr'><strong>Α</strong></span> <span class='ocrx_word' id='word_1_14' title='bbox 2007 400 2166 441; x_wconf 87' lang='lat' dir='ltr'><strong>mere</strong></span> <span class='ocrx_word' id='word_1_15' title='bbox 2188 408 2201 453; x_wconf 92' lang='lat'>;</span> <span class='ocrx_word' id='word_1_16' title='bbox 2225 384 2482 441; x_wconf 82' lang='lat' dir='ltr'><strong>infinitas</strong></span> <span class='ocrx_word' id='word_1_17' title='bbox 2504 387 2836 458; x_wconf 86' lang='lat' dir='ltr'><strong>Persarum,</strong></span> <span class='ocrx_word' id='word_1_18' title='bbox 2857 388 3208 456; x_wconf 86' lang='lat' dir='ltr'><strong>Turcorum,</strong></span> <span class='ocrx_word' id='word_1_19' title='bbox 3231 388 3663 449; x_wconf 86' lang='lat' dir='ltr'><strong>Cardinorum-</strong></span> 
     </span>
     <span class='ocr_line' id='line_1_3' title="bbox 249 473 3655 552; baseline 0.002 -17"><span class='ocrx_word' id='word_1_20' title='bbox 249 477 504 545; x_wconf 87' lang='lat' dir='ltr'><strong>illorum,</strong></span> <span class='ocrx_word' id='word_1_21' title='bbox 532 478 606 533; x_wconf 90' lang='lat' dir='ltr'><strong>ad</strong></span> <span class='ocrx_word' id='word_1_22' title='bbox 633 492 762 548; x_wconf 86' lang='lat' dir='ltr'><strong>quos</strong></span> <span class='ocrx_word' id='word_1_23' title='bbox 791 474 950 531; x_wconf 83' lang='lat' dir='ltr'><strong>nulla</strong></span> <span class='ocrx_word' id='word_1_24' title='bbox 976 474 1115 530; x_wconf 76' lang='lat' dir='ltr'><strong>mihi</strong></span> <span class='ocrx_word' id='word_1_25' title='bbox 1141 481 1220 530; x_wconf 89' lang='lat' dir='ltr'><strong>est</strong></span> <span class='ocrx_word' id='word_1_26' title='bbox 1232 476 1541 546; x_wconf 78' lang='lat' dir='ltr'><em>proportio,</em></span> <span class='ocrx_word' id='word_1_27' title='bbox 1573 490 1634 529; x_wconf 75' lang='lat' dir='ltr'><strong>tn</strong></span> <span class='ocrx_word' id='word_1_28' title='bbox 1662 473 1762 531; x_wconf 78' lang='lat' dir='ltr'><strong>hoc</strong></span> <span class='ocrx_word' id='word_1_29' title='bbox 1797 491 1897 545; x_wconf 84' lang='lat' dir='ltr'><strong>pe·</strong></span> <span class='ocrx_word' id='word_1_30' title='bbox 2005 493 2120 550; x_wconf 89' lang='lat' dir='ltr'><strong>que</strong></span> <span class='ocrx_word' id='word_1_31' title='bbox 2145 477 2337 550; x_wconf 87' lang='lat' dir='ltr'><strong>copias</strong></span> <span class='ocrx_word' id='word_1_32' title='bbox 2365 478 2426 534; x_wconf 90' lang='lat' dir='ltr'><strong>iu</strong></span> <span class='ocrx_word' id='word_1_33' title='bbox 2457 478 2682 550; x_wconf 82' lang='lat' dir='ltr'><strong>Syriam</strong></span> <span class='ocrx_word' id='word_1_34' title='bbox 2710 478 2931 550; x_wconf 77' lang='lat' dir='ltr'><strong>dirigit,</strong></span> <span class='ocrx_word' id='word_1_35' title='bbox 2962 484 3275 552; x_wconf 83' lang='lat' dir='ltr'><strong>quemdam</strong></span> <span class='ocrx_word' id='word_1_36' title='bbox 3306 483 3655 541; x_wconf 71' lang='lat' dir='ltr'><strong>familiarem</strong></span> 
     </span>
     <span class='ocr_line' id='line_1_4' title="bbox 251 564 3664 646; baseline 0.001 -20"><span class='ocrx_word' id='word_1_37' title='bbox 251 570 491 626; x_wconf 85' lang='lat' dir='ltr'><strong>riculum</strong></span> <span class='ocrx_word' id='word_1_38' title='bbox 510 584 620 625; x_wconf 80' lang='lat' dir='ltr'><strong>non</strong></span> <span class='ocrx_word' id='word_1_39' title='bbox 649 565 926 622; x_wconf 76' lang='lat' dir='ltr'><em>descendo.</em></span> <span class='ocrx_word' id='word_1_40' title='bbox 981 564 1128 622; x_wconf 86' lang='lat' dir='ltr'><strong>Unde</strong></span> <span class='ocrx_word' id='word_1_41' title='bbox 1157 571 1216 620; x_wconf 89' lang='lat' dir='ltr'><strong>tu</strong></span> <span class='ocrx_word' id='word_1_42' title='bbox 1245 564 1538 636; x_wconf 64' lang='lat' dir='ltr'><strong>diligenter</strong></span> <span class='ocrx_word' id='word_1_43' title='bbox 1584 564 1807 623; x_wconf 86' lang='lat' dir='ltr'><strong>elabora</strong></span> <span class='ocrx_word' id='word_1_44' title='bbox 1843 569 1898 622; x_wconf 87' lang='lat' dir='ltr'><strong>et</strong></span> <span class='ocrx_word' id='word_1_45' title='bbox 2003 583 2199 636; x_wconf 88' lang='lat' dir='ltr'><strong>suum,</strong></span> <span class='ocrx_word' id='word_1_46' title='bbox 2232 568 2304 623; x_wconf 85' lang='lat' dir='ltr'><strong>de</strong></span> <span class='ocrx_word' id='word_1_47' title='bbox 2326 568 2497 638; x_wconf 87' lang='lat' dir='ltr'><strong>cujus</strong></span> <span class='ocrx_word' id='word_1_48' title='bbox 2521 569 2749 639; x_wconf 86' lang='lat' dir='ltr'><strong>virtute,</strong></span> <span class='ocrx_word' id='word_1_49' title='bbox 2785 569 2898 625; x_wconf 80' lang='lat' dir='ltr'><strong>tide</strong></span> <span class='ocrx_word' id='word_1_50' title='bbox 2921 574 2978 626; x_wconf 91' lang='lat' dir='ltr'><strong>et</strong></span> <span class='ocrx_word' id='word_1_51' title='bbox 3009 569 3303 628; x_wconf 89' lang='lat' dir='ltr'><strong>industria</strong></span> <span class='ocrx_word' id='word_1_52' title='bbox 3334 571 3664 646; x_wconf 90' lang='lat' dir='ltr'><strong>plurimum</strong></span> 
     </span>
     <span class='ocr_line' id='line_1_5' title="bbox 248 653 3663 733; baseline 0.002 -18"><span class='ocrx_word' id='word_1_53' title='bbox 248 663 474 728; x_wconf 77' lang='lat' dir='ltr'><strong>enitare,</strong></span> <span class='ocrx_word' id='word_1_54' title='bbox 502 657 739 730; x_wconf 74' lang='lat' dir='ltr'><strong>publicae</strong></span> <span class='ocrx_word' id='word_1_55' title='bbox 769 654 1036 713; x_wconf 84' lang='lat' dir='ltr'><strong>utilitatis</strong></span> <span class='ocrx_word' id='word_1_56' title='bbox 1063 661 1115 711; x_wconf 90' lang='lat' dir='ltr'><strong>et</strong></span> <span class='ocrx_word' id='word_1_57' title='bbox 1149 654 1352 711; x_wconf 81' lang='lat' dir='ltr'><strong>salutis</strong></span> <span class='ocrx_word' id='word_1_58' title='bbox 1399 653 1610 726; x_wconf 73' lang='lat' dir='ltr'><strong>qratia,</strong></span> <span class='ocrx_word' id='word_1_59' title='bbox 1660 662 1722 711; x_wconf 90' lang='lat' dir='ltr'><strong>ut</strong></span> <span class='ocrx_word' id='word_1_60' title='bbox 1747 654 1898 726; x_wconf 88' lang='lat' dir='ltr'><strong>apud</strong></span> <span class='ocrx_word' id='word_1_61' title='bbox 2007 660 2418 730; x_wconf 61' lang='lat' dir='ltr'><strong>praesumebat,</strong></span> <span class='ocrx_word' id='word_1_62' title='bbox 2442 658 2559 716; x_wconf 89' lang='lat' dir='ltr'><strong>illis</strong></span> <span class='ocrx_word' id='word_1_63' title='bbox 2581 659 2932 730; x_wconf 69' lang='lat' dir='ltr'><strong>praesscien23</strong></span> <span class='ocrx_word' id='word_1_64' title='bbox 2961 664 3024 717; x_wconf 87' lang='lat' dir='ltr'><strong>et</strong></span> <span class='ocrx_word' id='word_1_65' title='bbox 3041 661 3153 718; x_wconf 88' lang='lat' dir='ltr'><strong>sub</strong></span> <span class='ocrx_word' id='word_1_66' title='bbox 3175 677 3242 719; x_wconf 88' lang='lat' dir='ltr'><strong>eo</strong></span> <span class='ocrx_word' id='word_1_67' title='bbox 3263 664 3663 733; x_wconf 75' lang='lat' dir='ltr'><strong>centuriones,</strong></span> 
     </span>
     <span class='ocr_line' id='line_1_6' title="bbox 252 745 3664 825; baseline 0.001 -20"><span class='ocrx_word' id='word_1_68' title='bbox 252 753 374 805; x_wconf 85' lang='lat' dir='ltr'><strong>tuos</strong></span> <span class='ocrx_word' id='word_1_69' title='bbox 398 745 794 820; x_wconf 73' lang='lat' dir='ltr'><strong>comprincipes</strong></span> <span class='ocrx_word' id='word_1_70' title='bbox 823 745 880 801; x_wconf 88' lang='lat' dir='ltr'><strong>id</strong></span> <span class='ocrx_word' id='word_1_71' title='bbox 906 745 1154 802; x_wconf 84' lang='lat' dir='ltr'><strong>obtineas</strong></span> <span class='ocrx_word' id='word_1_72' title='bbox 1183 762 1203 799; x_wconf 89' lang='lat'><strong>.·</strong></span> <span class='ocrx_word' id='word_1_73' title='bbox 1225 745 1466 801; x_wconf 86' lang='lat' dir='ltr'><strong>sciturus</strong></span> <span class='ocrx_word' id='word_1_74' title='bbox 1504 745 1696 816; x_wconf 85' lang='lat' dir='ltr'><strong>procul</strong></span> <span class='ocrx_word' id='word_1_75' title='bbox 1748 749 1899 802; x_wconf 84' lang='lat' dir='ltr'><strong>omni</strong></span> <span class='ocrx_word' id='word_1_76' title='bbox 2007 745 2534 818; x_wconf 85' lang='lat' dir='ltr'><strong>quinquagenarios</strong></span> <span class='ocrx_word' id='word_1_77' title='bbox 2551 750 2608 804; x_wconf 91' lang='lat' dir='ltr'><strong>et</strong></span> <span class='ocrx_word' id='word_1_78' title='bbox 2629 747 2932 805; x_wconf 78' lang='lat' dir='ltr'><strong>interiores</strong></span> <span class='ocrx_word' id='word_1_79' title='bbox 2959 749 3325 808; x_wconf 85' lang='lat' dir='ltr'><strong>constituens</strong></span> <span class='ocrx_word' id='word_1_80' title='bbox 3344 752 3664 825; x_wconf 85' lang='lat' dir='ltr'><strong>magistra-</strong></span> 
     </span>
    </p>
   </div>
   <div class='ocr_carea' id='block_1_3' title="bbox 253 833 1936 4045">
    <p class='ocr_par' dir='ltr' id='par_1_3' title="bbox 253 833 1913 2042">
     <span class='ocr_line' id='line_1_7' title="bbox 253 833 1897 909; baseline -0.001 -16"><span class='ocrx_word' id='word_1_81' title='bbox 253 837 417 894; x_wconf 81' lang='lat' dir='ltr'><strong>dubio</strong></span> <span class='ocrx_word' id='word_1_82' title='bbox 445 836 607 909; x_wconf 79' lang='lat' dir='ltr'><strong>quod,</strong></span> <span class='ocrx_word' id='word_1_83' title='bbox 629 850 951 909; x_wconf 81' lang='lat' dir='ltr'><strong>quacunque</strong></span> <span class='ocrx_word' id='word_1_84' title='bbox 978 833 1069 892; x_wconf 87' lang='lat' dir='ltr'><strong>die</strong></span> <span class='ocrx_word' id='word_1_85' title='bbox 1098 841 1149 891; x_wconf 88' lang='lat' dir='ltr'><strong>te</strong></span> <span class='ocrx_word' id='word_1_86' title='bbox 1178 834 1236 890; x_wconf 89' lang='lat' dir='ltr'><strong>id</strong></span> <span class='ocrx_word' id='word_1_87' title='bbox 1260 833 1562 893; x_wconf 75' lang='lat' dir='ltr'><strong>obtinuisse</strong></span> <span class='ocrx_word' id='word_1_88' title='bbox 1581 850 1897 908; x_wconf 62' lang='lat' dir='ltr'><strong>cognovero,</strong></span> 
     </span>
     <span class='ocr_line' id='line_1_8' title="bbox 253 924 1903 998; baseline 0 -14"><span class='ocrx_word' id='word_1_89' title='bbox 253 926 408 984; x_wconf 86' lang='lat' dir='ltr'><strong>urbis</strong></span> <span class='ocrx_word' id='word_1_90' title='bbox 432 926 536 982; x_wconf 86' lang='lat' dir='ltr'><strong>tibi</strong></span> <span class='ocrx_word' id='word_1_91' title='bbox 580 925 821 996; x_wconf 87' lang='lat' dir='ltr'><strong>aditum,</strong></span> <span class='ocrx_word' id='word_1_92' title='bbox 850 926 994 982; x_wconf 87' lang='lat' dir='ltr'><strong>sicut</strong></span> <span class='ocrx_word' id='word_1_93' title='bbox 1047 924 1373 997; x_wconf 85' lang='lat' dir='ltr'><strong>persuadere</strong></span> <span class='ocrx_word' id='word_1_94' title='bbox 1426 927 1646 996; x_wconf 84' lang='lat' dir='ltr'><strong>niteris,</strong></span> <span class='ocrx_word' id='word_1_95' title='bbox 1686 928 1903 998; x_wconf 85' lang='lat' dir='ltr'><strong>aperire</strong></span> 
     </span>
     <span class='ocr_line' id='line_1_9' title="bbox 259 1013 1905 1088; baseline 0 -16"><span class='ocrx_word' id='word_1_96' title='bbox 259 1033 372 1073; x_wconf 86' lang='lat' dir='ltr'><strong>non</strong></span> <span class='ocrx_word' id='word_1_97' title='bbox 399 1015 675 1088; x_wconf 76' lang='lat' dir='ltr'><strong>differam.</strong></span> <span class='ocrx_word' id='word_1_98' title='bbox 699 1013 779 1071; x_wconf 78' lang='lat' dir='ltr'><strong>Ad</strong></span> <span class='ocrx_word' id='word_1_99' title='bbox 800 1014 936 1083; x_wconf 77' lang='lat' dir='ltr'><strong>ltaec,</strong></span> <span class='ocrx_word' id='word_1_100' title='bbox 971 1017 1177 1071; x_wconf 83' lang='lat' dir='ltr'><strong>noveris</strong></span> <span class='ocrx_word' id='word_1_101' title='bbox 1207 1014 1369 1087; x_wconf 85' lang='lat' dir='ltr'><strong>quod,</strong></span> <span class='ocrx_word' id='word_1_102' title='bbox 1390 1013 1506 1071; x_wconf 86' lang='lat' dir='ltr'><strong>nisi</strong></span> <span class='ocrx_word' id='word_1_103' title='bbox 1561 1014 1660 1071; x_wconf 79' lang='lat' dir='ltr'><strong>hoc</strong></span> <span class='ocrx_word' id='word_1_104' title='bbox 1685 1016 1744 1071; x_wconf 83' lang='lat' dir='ltr'><strong>in</strong></span> <span class='ocrx_word' id='word_1_105' title='bbox 1776 1032 1905 1087; x_wconf 84' lang='lat' dir='ltr'><strong>pro-</strong></span> 
     </span>
     <span class='ocr_line' id='line_1_10' title="bbox 256 1103 1903 1177; baseline -0.001 -13"><span class='ocrx_word' id='word_1_106' title='bbox 256 1107 413 1164; x_wconf 77' lang='lat' dir='ltr'><strong>ximo</strong></span> <span class='ocrx_word' id='word_1_107' title='bbox 440 1105 558 1176; x_wconf 77' lang='lat' dir='ltr'><strong>fiat,</strong></span> <span class='ocrx_word' id='word_1_108' title='bbox 587 1103 869 1177; x_wconf 69' lang='lat' dir='ltr'><strong>differetur</strong></span> <span class='ocrx_word' id='word_1_109' title='bbox 892 1104 1130 1175; x_wconf 79' lang='lat' dir='ltr'><strong>fortasse</strong></span> <span class='ocrx_word' id='word_1_110' title='bbox 1155 1105 1216 1161; x_wconf 87' lang='lat' dir='ltr'><strong>in</strong></span> <span class='ocrx_word' id='word_1_111' title='bbox 1232 1112 1602 1177; x_wconf 80' lang='lat' dir='ltr'><strong>perpetuum:</strong></span> <span class='ocrx_word' id='word_1_112' title='bbox 1630 1121 1764 1161; x_wconf 87' lang='lat' dir='ltr'><strong>nam</strong></span> <span class='ocrx_word' id='word_1_113' title='bbox 1783 1105 1903 1163; x_wconf 84' lang='lat' dir='ltr'><strong>die-</strong></span> 
     </span>
     <span class='ocr_line' id='line_1_11' title="bbox 259 1195 1906 1271; baseline -0.001 -16"><span class='ocrx_word' id='word_1_114' title='bbox 259 1200 358 1255; x_wconf 82' lang='lat' dir='ltr'><strong>bus</strong></span> <span class='ocrx_word' id='word_1_115' title='bbox 374 1213 510 1271; x_wconf 82' lang='lat' dir='ltr'><strong>pene</strong></span> <span class='ocrx_word' id='word_1_116' title='bbox 536 1197 774 1266; x_wconf 68' lang='lat' dir='ltr'><strong>tinnulis</strong></span> <span class='ocrx_word' id='word_1_117' title='bbox 791 1195 1030 1254; x_wconf 83' lang='lat' dir='ltr'><strong>civitatis</strong></span> <span class='ocrx_word' id='word_1_118' title='bbox 1065 1195 1306 1264; x_wconf 85' lang='lat' dir='ltr'><strong>domino,</strong></span> <span class='ocrx_word' id='word_1_119' title='bbox 1337 1204 1389 1253; x_wconf 90' lang='lat' dir='ltr'><strong>et</strong></span> <span class='ocrx_word' id='word_1_120' title='bbox 1423 1198 1610 1252; x_wconf 86' lang='lat' dir='ltr'><strong>nuntii</strong></span> <span class='ocrx_word' id='word_1_121' title='bbox 1644 1196 1906 1267; x_wconf 64' lang='lat' dir='ltr'><strong>dirigun-</strong></span> 
     </span>
     <span class='ocr_line' id='line_1_12' title="bbox 261 1283 1908 1357; baseline 0 -15"><span class='ocrx_word' id='word_1_122' title='bbox 261 1292 357 1343; x_wconf 91' lang='lat' dir='ltr'><strong>tur</strong></span> <span class='ocrx_word' id='word_1_123' title='bbox 381 1289 435 1343; x_wconf 93' lang='lat' dir='ltr'><strong>et</strong></span> <span class='ocrx_word' id='word_1_124' title='bbox 470 1286 734 1356; x_wconf 77' lang='lat' dir='ltr'><strong>epistolae,</strong></span> <span class='ocrx_word' id='word_1_125' title='bbox 765 1284 905 1356; x_wconf 83' lang='lat' dir='ltr'><strong>quod</strong></span> <span class='ocrx_word' id='word_1_126' title='bbox 929 1286 1026 1357; x_wconf 86' lang='lat' dir='ltr'><strong>qui</strong></span> <span class='ocrx_word' id='word_1_127' title='bbox 1048 1287 1108 1340; x_wconf 80' lang='lat' dir='ltr'><strong>in</strong></span> <span class='ocrx_word' id='word_1_128' title='bbox 1152 1283 1459 1341; x_wconf 82' lang='lat' dir='ltr'><strong>subsidium</strong></span> <span class='ocrx_word' id='word_1_129' title='bbox 1486 1287 1607 1357; x_wconf 78' lang='lat' dir='ltr'><strong>ejus</strong></span> <span class='ocrx_word' id='word_1_130' title='bbox 1634 1300 1707 1342; x_wconf 78' lang='lat' dir='ltr'><strong>ex</strong></span> <span class='ocrx_word' id='word_1_131' title='bbox 1754 1287 1908 1343; x_wconf 87' lang='lat' dir='ltr'><strong>omni</strong></span> 
     </span>
     <span class='ocr_line' id='line_1_13' title="bbox 262 1373 1909 1447; baseline -0.001 -14"><span class='ocrx_word' id='word_1_132' title='bbox 262 1376 483 1434; x_wconf 79' lang='lat' dir='ltr'><strong>Oriente</strong></span> <span class='ocrx_word' id='word_1_133' title='bbox 525 1383 915 1441; x_wconf 85' lang='lat' dir='ltr'><strong>convenerunt,</strong></span> <span class='ocrx_word' id='word_1_134' title='bbox 947 1374 1106 1431; x_wconf 89' lang='lat' dir='ltr'><strong>circa</strong></span> <span class='ocrx_word' id='word_1_135' title='bbox 1138 1373 1482 1447; x_wconf 73' lang='lat' dir='ltr'><strong>Euphratem</strong></span> <span class='ocrx_word' id='word_1_136' title='bbox 1529 1376 1909 1433; x_wconf 86' lang='lat' dir='ltr'><strong>castrametati</strong></span> 
     </span>
     <span class='ocr_line' id='line_1_14' title="bbox 259 1463 1909 1537; baseline -0.001 -14"><span class='ocrx_word' id='word_1_137' title='bbox 259 1472 405 1531; x_wconf 83' lang='lat' dir='ltr'><strong>sunt,</strong></span> <span class='ocrx_word' id='word_1_138' title='bbox 436 1467 677 1537; x_wconf 82' lang='lat' dir='ltr'><strong>equitum</strong></span> <span class='ocrx_word' id='word_1_139' title='bbox 706 1464 945 1521; x_wconf 78' lang='lat' dir='ltr'><strong>ducenta</strong></span> <span class='ocrx_word' id='word_1_140' title='bbox 982 1464 1256 1521; x_wconf 75' lang='lat' dir='ltr'><strong>trahentes</strong></span> <span class='ocrx_word' id='word_1_141' title='bbox 1301 1479 1486 1521; x_wconf 87' lang='lat' dir='ltr'><strong>secum</strong></span> <span class='ocrx_word' id='word_1_142' title='bbox 1530 1463 1733 1521; x_wconf 87' lang='lat' dir='ltr'><strong>millia.</strong></span> <span class='ocrx_word' id='word_1_143' title='bbox 1758 1465 1909 1533; x_wconf 81' lang='lat' dir='ltr'><strong>Quod</strong></span> 
     </span>
     <span class='ocr_line' id='line_1_15' title="bbox 264 1553 1910 1625; baseline -0.001 -13"><span class='ocrx_word' id='word_1_144' title='bbox 264 1556 320 1612; x_wconf 86' lang='lat' dir='ltr'><strong>si</strong></span> <span class='ocrx_word' id='word_1_145' title='bbox 354 1569 448 1611; x_wconf 85' lang='lat' dir='ltr'><strong>vos</strong></span> <span class='ocrx_word' id='word_1_146' title='bbox 475 1562 639 1610; x_wconf 72' lang='lat' dir='ltr'><strong>extra</strong></span> <span class='ocrx_word' id='word_1_147' title='bbox 677 1554 867 1609; x_wconf 86' lang='lat' dir='ltr'><strong>urbem</strong></span> <span class='ocrx_word' id='word_1_148' title='bbox 897 1553 1226 1624; x_wconf 84' lang='lat' dir='ltr'><strong>repererint,</strong></span> <span class='ocrx_word' id='word_1_149' title='bbox 1273 1553 1502 1625; x_wconf 69' lang='lat' dir='ltr'><strong>difficile</strong></span> <span class='ocrx_word' id='word_1_150' title='bbox 1520 1557 1620 1625; x_wconf 86' lang='lat' dir='ltr'><strong>est,</strong></span> <span class='ocrx_word' id='word_1_151' title='bbox 1650 1562 1712 1610; x_wconf 83' lang='lat' dir='ltr'><strong>ut</strong></span> <span class='ocrx_word' id='word_1_152' title='bbox 1741 1561 1795 1610; x_wconf 84' lang='lat' dir='ltr'><strong>et</strong></span> <span class='ocrx_word' id='word_1_153' title='bbox 1824 1555 1910 1611; x_wconf 89' lang='lat' dir='ltr'><strong>ci-</strong></span> 
     </span>
     <span class='ocr_line' id='line_1_16' title="bbox 264 1642 1912 1710; baseline 0 -9"><span class='ocrx_word' id='word_1_154' title='bbox 264 1645 417 1701; x_wconf 84' lang='lat' dir='ltr'><strong>vium</strong></span> <span class='ocrx_word' id='word_1_155' title='bbox 433 1650 485 1700; x_wconf 90' lang='lat' dir='ltr'><strong>et</strong></span> <span class='ocrx_word' id='word_1_156' title='bbox 511 1642 927 1699; x_wconf 83' lang='lat' dir='ltr'><strong>advenientium</strong></span> <span class='ocrx_word' id='word_1_157' title='bbox 946 1643 1370 1700; x_wconf 77' lang='lat' dir='ltr'><strong>multitudinem</strong></span> <span class='ocrx_word' id='word_1_158' title='bbox 1388 1643 1644 1710; x_wconf 77' lang='lat' dir='ltr'><strong>bostium,</strong></span> <span class='ocrx_word' id='word_1_159' title='bbox 1668 1645 1912 1701; x_wconf 86' lang='lat' dir='ltr'><strong>tolerare</strong></span> 
     </span>
     <span class='ocr_line' id='line_1_17' title="bbox 264 1733 508 1806; baseline -0.008 -16"><span class='ocrx_word' id='word_1_160' title='bbox 264 1733 508 1806; x_wconf 76' lang='lat' dir='ltr'><strong>possitis.</strong></span> 
     </span>
     <span class='ocr_line' id='line_1_18' title="bbox 871 1821 1305 1880; baseline 0.005 -2"><span class='ocrx_word' id='word_1_161' title='bbox 871 1821 1108 1878; x_wconf 76' lang='lat' dir='ltr'>CAPUT</span> <span class='ocrx_word' id='word_1_162' title='bbox 1148 1821 1305 1880; x_wconf 84' lang='lat' dir='ltr'><strong>xm.</strong></span> 
     </span>
     <span class='ocr_line' id='line_1_19' title="bbox 266 1911 1913 1981; baseline 0.001 -12"><span class='ocrx_word' id='word_1_163' title='bbox 266 1912 499 1970; x_wconf 76' lang='lat' dir='ltr'><strong>Laborat</strong></span> <span class='ocrx_word' id='word_1_164' title='bbox 546 1911 897 1967; x_wconf 82' lang='lat' dir='ltr'><strong>Boamundus</strong></span> <span class='ocrx_word' id='word_1_165' title='bbox 931 1915 988 1967; x_wconf 90' lang='lat' dir='ltr'><strong>ut</strong></span> <span class='ocrx_word' id='word_1_166' title='bbox 1016 1913 1072 1968; x_wconf 90' lang='lat' dir='ltr'><strong>ei</strong></span> <span class='ocrx_word' id='word_1_167' title='bbox 1115 1912 1311 1969; x_wconf 82' lang='lat' dir='ltr'><strong>civitas</strong></span> <span class='ocrx_word' id='word_1_168' title='bbox 1337 1913 1698 1971; x_wconf 84' lang='lat' dir='ltr'><strong>concredatur</strong></span> <span class='ocrx_word' id='word_1_169' title='bbox 1716 1929 1739 1981; x_wconf 89' lang='lat'><strong>,·</strong></span> <span class='ocrx_word' id='word_1_170' title='bbox 1766 1914 1913 1972; x_wconf 86' lang='lat' dir='ltr'><strong>solus</strong></span> 
     </span>
     <span class='ocr_line' id='line_1_20' title="bbox 656 1984 1530 2042; baseline 0 -2"><span class='ocrx_word' id='word_1_171' title='bbox 656 1984 948 2040; x_wconf 83' lang='lat' dir='ltr'><strong>Tolosanus</strong></span> <span class='ocrx_word' id='word_1_172' title='bbox 974 1999 1149 2040; x_wconf 90' lang='lat' dir='ltr'><strong>comes</strong></span> <span class='ocrx_word' id='word_1_173' title='bbox 1178 1985 1530 2042; x_wconf 77' lang='lat' dir='ltr'><strong>contradicit.</strong></span> 
     </span>
    </p>

    <p class='ocr_par' dir='ltr' id='par_1_4' title="bbox 272 2089 1936 4045">
     <span class='ocr_line' id='line_1_21' title="bbox 346 2089 1916 2166; baseline 0.001 -18"><span class='ocrx_word' id='word_1_174' title='bbox 346 2090 426 2148; x_wconf 77' lang='lat' dir='ltr'><strong>Ab</strong></span> <span class='ocrx_word' id='word_1_175' title='bbox 454 2106 518 2147; x_wconf 90' lang='lat' dir='ltr'><strong>ea</strong></span> <span class='ocrx_word' id='word_1_176' title='bbox 546 2089 724 2163; x_wconf 86' lang='lat' dir='ltr'><strong>igitur</strong></span> <span class='ocrx_word' id='word_1_177' title='bbox 747 2091 840 2147; x_wconf 90' lang='lat' dir='ltr'><strong>die</strong></span> <span class='ocrx_word' id='word_1_178' title='bbox 869 2090 1150 2148; x_wconf 90' lang='lat' dir='ltr'><strong>dominus</strong></span> <span class='ocrx_word' id='word_1_179' title='bbox 1179 2092 1553 2149; x_wconf 89' lang='lat' dir='ltr'><strong>Boamundus</strong></span> <span class='ocrx_word' id='word_1_180' title='bbox 1576 2096 1916 2166; x_wconf 64' lang='lat' dir='ltr'><strong>praetentare</strong></span> 
     </span>
     <span class='ocr_line' id='line_1_22' title="bbox 274 2179 1916 2253; baseline 0.001 -15"><span class='ocrx_word' id='word_1_181' title='bbox 274 2180 442 2253; x_wconf 82' lang='lat' dir='ltr'><strong>coepit</strong></span> <span class='ocrx_word' id='word_1_182' title='bbox 489 2179 780 2237; x_wconf 86' lang='lat' dir='ltr'><strong>sollicitus</strong></span> <span class='ocrx_word' id='word_1_183' title='bbox 827 2183 885 2236; x_wconf 88' lang='lat' dir='ltr'><strong>et</strong></span> <span class='ocrx_word' id='word_1_184' title='bbox 926 2180 1294 2250; x_wconf 83' lang='lat' dir='ltr'><strong>singulorum</strong></span> <span class='ocrx_word' id='word_1_185' title='bbox 1343 2182 1675 2253; x_wconf 78' lang='lat' dir='ltr'><strong>principum</strong></span> <span class='ocrx_word' id='word_1_186' title='bbox 1734 2184 1916 2241; x_wconf 88' lang='lat' dir='ltr'><strong>corda</strong></span> 
     </span>
     <span class='ocr_line' id='line_1_23' title="bbox 272 2267 1915 2343; baseline 0 -16"><span class='ocrx_word' id='word_1_187' title='bbox 272 2268 640 2343; x_wconf 87' lang='lat' dir='ltr'><strong>percunctari</strong></span> <span class='ocrx_word' id='word_1_188' title='bbox 671 2267 998 2340; x_wconf 84' lang='lat' dir='ltr'><strong>diligenter,</strong></span> <span class='ocrx_word' id='word_1_189' title='bbox 1032 2268 1312 2339; x_wconf 79' lang='lat' dir='ltr'><strong>quidnam</strong></span> <span class='ocrx_word' id='word_1_190' title='bbox 1352 2269 1638 2327; x_wconf 87' lang='lat' dir='ltr'><strong>haberent</strong></span> <span class='ocrx_word' id='word_1_191' title='bbox 1675 2271 1734 2327; x_wconf 91' lang='lat' dir='ltr'><strong>in</strong></span> <span class='ocrx_word' id='word_1_192' title='bbox 1786 2272 1915 2327; x_wconf 88' lang='lat' dir='ltr'><strong>ani-</strong></span> 
     </span>
     <span class='ocr_line' id='line_1_24' title="bbox 273 2357 1916 2432; baseline 0.001 -16"><span class='ocrx_word' id='word_1_193' title='bbox 273 2375 370 2416; x_wconf 89' lang='lat' dir='ltr'><strong>mo</strong></span> <span class='ocrx_word' id='word_1_194' title='bbox 395 2383 409 2427; x_wconf 74' lang='grc' dir='ltr'>ς</span> <span class='ocrx_word' id='word_1_195' title='bbox 443 2361 501 2415; x_wconf 88' lang='lat' dir='ltr'><strong>et</strong></span> <span class='ocrx_word' id='word_1_196' title='bbox 530 2358 669 2430; x_wconf 90' lang='lat' dir='ltr'><strong>quid</strong></span> <span class='ocrx_word' id='word_1_197' title='bbox 692 2358 740 2415; x_wconf 88' lang='lat' dir='ltr'><strong>si</strong></span> <span class='ocrx_word' id='word_1_198' title='bbox 772 2357 913 2413; x_wconf 89' lang='lat' dir='ltr'><strong>urbs</strong></span> <span class='ocrx_word' id='word_1_199' title='bbox 943 2357 1180 2414; x_wconf 88' lang='lat' dir='ltr'><strong>obsessa</strong></span> <span class='ocrx_word' id='word_1_200' title='bbox 1199 2364 1521 2431; x_wconf 85' lang='lat' dir='ltr'><strong>caperetur,</strong></span> <span class='ocrx_word' id='word_1_201' title='bbox 1547 2361 1699 2417; x_wconf 85' lang='lat' dir='ltr'><strong>dees</strong></span> <span class='ocrx_word' id='word_1_202' title='bbox 1719 2360 1916 2432; x_wconf 89' lang='lat' dir='ltr'><strong>dispo·</strong></span> 
     </span>
     <span class='ocr_line' id='line_1_25' title="bbox 273 2446 1918 2522; baseline 0.001 -16"><span class='ocrx_word' id='word_1_203' title='bbox 273 2457 497 2515; x_wconf 78' lang='lat' dir='ltr'><strong>nerent,</strong></span> <span class='ocrx_word' id='word_1_204' title='bbox 520 2446 716 2503; x_wconf 90' lang='lat' dir='ltr'><strong>celans</strong></span> <span class='ocrx_word' id='word_1_205' title='bbox 746 2448 939 2502; x_wconf 88' lang='lat' dir='ltr'><strong>tamen</strong></span> <span class='ocrx_word' id='word_1_206' title='bbox 975 2447 1358 2519; x_wconf 88' lang='lat' dir='ltr'><strong>propositum,</strong></span> <span class='ocrx_word' id='word_1_207' title='bbox 1386 2448 1499 2505; x_wconf 87' lang='lat' dir='ltr'><strong>nisi</strong></span> <span class='ocrx_word' id='word_1_208' title='bbox 1531 2450 1684 2522; x_wconf 88' lang='lat' dir='ltr'><strong>apud</strong></span> <span class='ocrx_word' id='word_1_209' title='bbox 1722 2467 1822 2507; x_wconf 91' lang='lat' dir='ltr'><strong>eos</strong></span> <span class='ocrx_word' id='word_1_210' title='bbox 1844 2449 1918 2507; x_wconf 91' lang='lat' dir='ltr'><strong>de</strong></span> 
     </span>
     <span class='ocr_line' id='line_1_26' title="bbox 275 2534 1919 2609; baseline 0.003 -17"><span class='ocrx_word' id='word_1_211' title='bbox 275 2534 491 2609; x_wconf 87' lang='lat' dir='ltr'><strong>quibus</strong></span> <span class='ocrx_word' id='word_1_212' title='bbox 517 2538 735 2592; x_wconf 88' lang='lat' dir='ltr'><strong>certum</strong></span> <span class='ocrx_word' id='word_1_213' title='bbox 754 2534 1029 2603; x_wconf 87' lang='lat' dir='ltr'><strong>habebat,</strong></span> <span class='ocrx_word' id='word_1_214' title='bbox 1062 2535 1184 2592; x_wconf 85' lang='lat' dir='ltr'><strong>suis</strong></span> <span class='ocrx_word' id='word_1_215' title='bbox 1213 2540 1379 2609; x_wconf 89' lang='lat' dir='ltr'><strong>grato</strong></span> <span class='ocrx_word' id='word_1_216' title='bbox 1411 2556 1658 2596; x_wconf 87' lang='lat' dir='ltr'><strong>assensu</strong></span> <span class='ocrx_word' id='word_1_217' title='bbox 1691 2539 1919 2597; x_wconf 89' lang='lat' dir='ltr'><strong>obtem·</strong></span> 
     </span>
     <span class='ocr_line' id='line_1_27' title="bbox 276 2622 1918 2699; baseline 0.002 -17"><span class='ocrx_word' id='word_1_218' title='bbox 276 2628 578 2698; x_wconf 80' lang='lat' dir='ltr'><strong>paraturos</strong></span> <span class='ocrx_word' id='word_1_219' title='bbox 614 2622 942 2680; x_wconf 80' lang='lat' dir='ltr'><strong>desideriis.</strong></span> <span class='ocrx_word' id='word_1_220' title='bbox 971 2622 1229 2697; x_wconf 90' lang='lat' dir='ltr'><strong>Cumque</strong></span> <span class='ocrx_word' id='word_1_221' title='bbox 1260 2626 1612 2699; x_wconf 82' lang='lat' dir='ltr'><strong>intelligeret</strong></span> <span class='ocrx_word' id='word_1_222' title='bbox 1647 2645 1706 2684; x_wconf 88' lang='lat' dir='ltr'><strong>se</strong></span> <span class='ocrx_word' id='word_1_223' title='bbox 1762 2629 1918 2694; x_wconf 84' lang='lat' dir='ltr'><strong>apud</strong></span> 
     </span>
     <span class='ocr_line' id='line_1_28' title="bbox 275 2712 1921 2791; baseline 0.001 -20"><span class='ocrx_word' id='word_1_224' title='bbox 275 2715 560 2789; x_wconf 86' lang='lat' dir='ltr'><strong>quosdam</strong></span> <span class='ocrx_word' id='word_1_225' title='bbox 583 2712 817 2770; x_wconf 89' lang='lat' dir='ltr'><strong>illorum</strong></span> <span class='ocrx_word' id='word_1_226' title='bbox 841 2730 956 2770; x_wconf 89' lang='lat' dir='ltr'><strong>non</strong></span> <span class='ocrx_word' id='word_1_227' title='bbox 970 2713 1219 2772; x_wconf 89' lang='lat' dir='ltr'><strong>multum</strong></span> <span class='ocrx_word' id='word_1_228' title='bbox 1251 2732 1415 2786; x_wconf 88' lang='lat' dir='ltr'><strong>posse</strong></span> <span class='ocrx_word' id='word_1_229' title='bbox 1454 2719 1750 2788; x_wconf 76' lang='lat' dir='ltr'><strong>proficere,</strong></span> <span class='ocrx_word' id='word_1_230' title='bbox 1774 2718 1921 2791; x_wconf 70' lang='lat' dir='ltr'><strong>&#39;rem</strong></span> 
     </span>
     <span class='ocr_line' id='line_1_29' title="bbox 274 2803 1923 2878; baseline 0.002 -17"><span class='ocrx_word' id='word_1_231' title='bbox 274 2803 506 2861; x_wconf 88' lang='lat' dir='ltr'><strong>distulit</strong></span> <span class='ocrx_word' id='word_1_232' title='bbox 535 2818 723 2873; x_wconf 88' lang='lat' dir='ltr'><strong>usque</strong></span> <span class='ocrx_word' id='word_1_233' title='bbox 752 2803 812 2858; x_wconf 89' lang='lat' dir='ltr'><strong>in</strong></span> <span class='ocrx_word' id='word_1_234' title='bbox 834 2806 1066 2874; x_wconf 86' lang='lat' dir='ltr'><strong>tompus</strong></span> <span class='ocrx_word' id='word_1_235' title='bbox 1100 2804 1285 2877; x_wconf 87' lang='lat' dir='ltr'><strong>magis</strong></span> <span class='ocrx_word' id='word_1_236' title='bbox 1314 2811 1730 2878; x_wconf 87' lang='lat' dir='ltr'><strong>opportunum.</strong></span> <span class='ocrx_word' id='word_1_237' title='bbox 1793 2806 1923 2865; x_wconf 82' lang='lat' dir='ltr'><strong>Dux</strong></span> 
     </span>
     <span class='ocr_line' id='line_1_30' title="bbox 275 2891 1924 2964; baseline 0.002 -15"><span class='ocrx_word' id='word_1_238' title='bbox 275 2897 466 2951; x_wconf 84' lang='lat' dir='ltr'><strong>tamen</strong></span> <span class='ocrx_word' id='word_1_239' title='bbox 488 2891 838 2949; x_wconf 78' lang='lat' dir='ltr'><strong>Godesridus</strong></span> <span class='ocrx_word' id='word_1_240' title='bbox 858 2895 916 2947; x_wconf 89' lang='lat' dir='ltr'><strong>et</strong></span> <span class='ocrx_word' id='word_1_241' title='bbox 939 2891 1403 2950; x_wconf 89' lang='lat' dir='ltr'><strong>Normannorum</strong></span> <span class='ocrx_word' id='word_1_242' title='bbox 1419 2911 1637 2964; x_wconf 87' lang='lat' dir='ltr'><strong>comes,</strong></span> <span class='ocrx_word' id='word_1_243' title='bbox 1660 2904 1924 2953; x_wconf 88' lang='lat' dir='ltr'><strong>etcomes</strong></span> 
     </span>
     <span class='ocr_line' id='line_1_31' title="bbox 278 2983 1925 3063; baseline 0.002 -19"><span class='ocrx_word' id='word_1_244' title='bbox 278 2983 454 3044; x_wconf 87' lang='lat' dir='ltr'><strong>simul</strong></span> <span class='ocrx_word' id='word_1_245' title='bbox 500 2983 967 3049; x_wconf 77' lang='lat' dir='ltr'><strong>Flandrensium,</strong></span> <span class='ocrx_word' id='word_1_246' title='bbox 1014 2999 1119 3042; x_wconf 89' lang='lat' dir='ltr'><strong>nec</strong></span> <span class='ocrx_word' id='word_1_247' title='bbox 1161 3002 1276 3043; x_wconf 90' lang='lat' dir='ltr'><strong>non</strong></span> <span class='ocrx_word' id='word_1_248' title='bbox 1324 2990 1385 3043; x_wconf 89' lang='lat' dir='ltr'><strong>et</strong></span> <span class='ocrx_word' id='word_1_249' title='bbox 1421 2986 1697 3046; x_wconf 89' lang='lat' dir='ltr'><strong>dominus</strong></span> <span class='ocrx_word' id='word_1_250' title='bbox 1736 2989 1925 3063; x_wconf 86' lang='lat' dir='ltr'><strong>Hugo-</strong></span> 
     </span>
     <span class='ocr_line' id='line_1_32' title="bbox 279 3075 1923 3152; baseline 0.002 -19"><span class='ocrx_word' id='word_1_251' title='bbox 279 3076 552 3148; x_wconf 81' lang='lat' dir='ltr'><strong>Magnus,</strong></span> <span class='ocrx_word' id='word_1_252' title='bbox 582 3075 710 3146; x_wconf 77' lang='lat' dir='ltr'><strong>eJus</strong></span> <span class='ocrx_word' id='word_1_253' title='bbox 739 3075 1149 3147; x_wconf 84' lang='lat' dir='ltr'><strong>acquieverant</strong></span> <span class='ocrx_word' id='word_1_254' title='bbox 1206 3075 1602 3147; x_wconf 77' lang='lat' dir='ltr'><strong>postulationi,</strong></span> <span class='ocrx_word' id='word_1_255' title='bbox 1661 3081 1717 3135; x_wconf 90' lang='lat' dir='ltr'><strong>et</strong></span> <span class='ocrx_word' id='word_1_256' title='bbox 1758 3084 1923 3152; x_wconf 87' lang='lat' dir='ltr'><strong>grato</strong></span> 
     </span>
     <span class='ocr_line' id='line_1_33' title="bbox 277 3165 1924 3240; baseline 0.002 -18"><span class='ocrx_word' id='word_1_257' title='bbox 277 3165 706 3222; x_wconf 87' lang='lat' dir='ltr'><strong>concurrebant</strong></span> <span class='ocrx_word' id='word_1_258' title='bbox 735 3178 975 3219; x_wconf 87' lang='lat' dir='ltr'><strong>assensu</strong></span> <span class='ocrx_word' id='word_1_259' title='bbox 997 3179 1012 3229; x_wconf 88' lang='lat'><strong>;</strong></span> <span class='ocrx_word' id='word_1_260' title='bbox 1035 3168 1323 3220; x_wconf 89' lang='lat' dir='ltr'><strong>secretum</strong></span> <span class='ocrx_word' id='word_1_261' title='bbox 1350 3165 1564 3222; x_wconf 82' lang='lat' dir='ltr'><strong>nobilis</strong></span> <span class='ocrx_word' id='word_1_262' title='bbox 1586 3166 1689 3223; x_wconf 83' lang='lat' dir='ltr'><strong>vlri</strong></span> <span class='ocrx_word' id='word_1_263' title='bbox 1719 3184 1924 3240; x_wconf 85' lang='lat' dir='ltr'><strong>appro-</strong></span> 
     </span>
     <span class='ocr_line' id='line_1_34' title="bbox 281 3250 1927 3328; baseline 0.004 -19"><span class='ocrx_word' id='word_1_264' title='bbox 281 3253 488 3310; x_wconf 87' lang='lat' dir='ltr'><strong>bantes</strong></span> <span class='ocrx_word' id='word_1_265' title='bbox 517 3255 574 3308; x_wconf 92' lang='lat' dir='ltr'><strong>et</strong></span> <span class='ocrx_word' id='word_1_266' title='bbox 601 3250 1078 3307; x_wconf 75' lang='lat' dir='ltr'><strong>administrantes</strong></span> <span class='ocrx_word' id='word_1_267' title='bbox 1100 3254 1504 3324; x_wconf 89' lang='lat' dir='ltr'><strong>prudentiam,</strong></span> <span class='ocrx_word' id='word_1_268' title='bbox 1526 3263 1580 3312; x_wconf 86' lang='lat' dir='ltr'><strong>et</strong></span> <span class='ocrx_word' id='word_1_269' title='bbox 1602 3257 1753 3328; x_wconf 86' lang='lat' dir='ltr'><strong>apud</strong></span> <span class='ocrx_word' id='word_1_270' title='bbox 1776 3272 1838 3315; x_wconf 89' lang='lat' dir='ltr'><strong>se</strong></span> <span class='ocrx_word' id='word_1_271' title='bbox 1859 3274 1927 3314; x_wconf 88' lang='lat' dir='ltr'><strong>oc</strong></span> 
     </span>
     <span class='ocr_line' id='line_1_35' title="bbox 282 3340 1931 3419; baseline 0.004 -22"><span class='ocrx_word' id='word_1_272' title='bbox 282 3340 527 3409; x_wconf 89' lang='lat' dir='ltr'><strong>cultum,</strong></span> <span class='ocrx_word' id='word_1_273' title='bbox 554 3344 610 3395; x_wconf 88' lang='lat' dir='ltr'><strong>et</strong></span> <span class='ocrx_word' id='word_1_274' title='bbox 657 3340 877 3397; x_wconf 88' lang='lat' dir='ltr'><strong>nemini</strong></span> <span class='ocrx_word' id='word_1_275' title='bbox 924 3357 1179 3413; x_wconf 88' lang='lat' dir='ltr'><strong>unquam</strong></span> <span class='ocrx_word' id='word_1_276' title='bbox 1222 3341 1638 3415; x_wconf 85' lang='lat' dir='ltr'><strong>publicandum</strong></span> <span class='ocrx_word' id='word_1_277' title='bbox 1669 3347 1931 3419; x_wconf 90' lang='lat' dir='ltr'><strong>compri-</strong></span> 
     </span>
     <span class='ocr_line' id='line_1_36' title="bbox 284 3428 1931 3506; baseline 0.004 -20"><span class='ocrx_word' id='word_1_278' title='bbox 284 3433 530 3487; x_wconf 81' lang='lat' dir='ltr'><strong>mentes.</strong></span> <span class='ocrx_word' id='word_1_279' title='bbox 561 3428 729 3485; x_wconf 84' lang='lat' dir='ltr'><strong>Solus</strong></span> <span class='ocrx_word' id='word_1_280' title='bbox 759 3444 891 3487; x_wconf 84' lang='lat' dir='ltr'><strong>vero</strong></span> <span class='ocrx_word' id='word_1_281' title='bbox 919 3429 1247 3487; x_wconf 78' lang='lat' dir='ltr'><strong>Tolosanus</strong></span> <span class='ocrx_word' id='word_1_282' title='bbox 1272 3434 1557 3506; x_wconf 72' lang='lat' dir='ltr'><strong>comesjin</strong></span> <span class='ocrx_word' id='word_1_283' title='bbox 1578 3450 1644 3492; x_wconf 88' lang='lat' dir='ltr'><strong>eo</strong></span> <span class='ocrx_word' id='word_1_284' title='bbox 1695 3434 1767 3491; x_wconf 91' lang='lat' dir='ltr'><strong>ab</strong></span> <span class='ocrx_word' id='word_1_285' title='bbox 1798 3435 1931 3492; x_wconf 90' lang='lat' dir='ltr'><strong>aliis</strong></span> 
     </span>
     <span class='ocr_line' id='line_1_37' title="bbox 285 3518 1927 3596; baseline 0.003 -20"><span class='ocrx_word' id='word_1_286' title='bbox 285 3522 409 3576; x_wconf 88' lang='lat' dir='ltr'><strong>erat</strong></span> <span class='ocrx_word' id='word_1_287' title='bbox 433 3518 730 3575; x_wconf 85' lang='lat' dir='ltr'><strong>dissonus.</strong></span> <span class='ocrx_word' id='word_1_288' title='bbox 765 3519 930 3576; x_wconf 88' lang='lat' dir='ltr'><strong>Unde</strong></span> <span class='ocrx_word' id='word_1_289' title='bbox 961 3520 1177 3577; x_wconf 79' lang='lat' dir='ltr'><strong>factum</strong></span> <span class='ocrx_word' id='word_1_290' title='bbox 1199 3524 1289 3577; x_wconf 90' lang='lat' dir='ltr'><strong>est</strong></span> <span class='ocrx_word' id='word_1_291' title='bbox 1320 3522 1474 3593; x_wconf 90' lang='lat' dir='ltr'><strong>quod</strong></span> <span class='ocrx_word' id='word_1_292' title='bbox 1501 3523 1676 3579; x_wconf 90' lang='lat' dir='ltr'><strong>resin</strong></span> <span class='ocrx_word' id='word_1_293' title='bbox 1709 3525 1927 3596; x_wconf 88' lang='lat' dir='ltr'><strong>pericu-</strong></span> 
     </span>
     <span class='ocr_line' id='line_1_38' title="bbox 287 3607 1929 3682; baseline 0.003 -17"><span class='ocrx_word' id='word_1_294' title='bbox 287 3607 472 3665; x_wconf 86' lang='lat' dir='ltr'><strong>losam</strong></span> <span class='ocrx_word' id='word_1_295' title='bbox 505 3624 650 3680; x_wconf 87' lang='lat' dir='ltr'><strong>pene</strong></span> <span class='ocrx_word' id='word_1_296' title='bbox 701 3610 1006 3665; x_wconf 87' lang='lat' dir='ltr'><strong>descendit</strong></span> <span class='ocrx_word' id='word_1_297' title='bbox 1038 3609 1378 3667; x_wconf 84' lang='lat' dir='ltr'><strong>dilationem</strong></span> <span class='ocrx_word' id='word_1_298' title='bbox 1405 3630 1421 3682; x_wconf 76' lang='grc' dir='ltr'>ς</span> <span class='ocrx_word' id='word_1_299' title='bbox 1471 3628 1609 3669; x_wconf 89' lang='lat' dir='ltr'><strong>nam</strong></span> <span class='ocrx_word' id='word_1_300' title='bbox 1656 3628 1764 3670; x_wconf 89' lang='lat' dir='ltr'><strong>uec</strong></span> <span class='ocrx_word' id='word_1_301' title='bbox 1808 3613 1929 3682; x_wconf 88' lang='lat' dir='ltr'><strong>ille,</strong></span> 
     </span>
     <span class='ocr_line' id='line_1_39' title="bbox 281 3698 1932 3768; baseline 0.004 -13"><span class='ocrx_word' id='word_1_302' title='bbox 281 3698 502 3755; x_wconf 88' lang='lat' dir='ltr'><strong>domini</strong></span> <span class='ocrx_word' id='word_1_303' title='bbox 534 3699 855 3756; x_wconf 87' lang='lat' dir='ltr'><strong>Boamundi</strong></span> <span class='ocrx_word' id='word_1_304' title='bbox 880 3700 1212 3768; x_wconf 78' lang='lat' dir='ltr'><strong>familiaris,</strong></span> <span class='ocrx_word' id='word_1_305' title='bbox 1245 3705 1474 3759; x_wconf 89' lang='lat' dir='ltr'><strong>tantum</strong></span> <span class='ocrx_word' id='word_1_306' title='bbox 1515 3703 1628 3760; x_wconf 90' lang='lat' dir='ltr'><strong>sibi</strong></span> <span class='ocrx_word' id='word_1_307' title='bbox 1683 3704 1932 3761; x_wconf 88' lang='lat' dir='ltr'><strong>aliorum</strong></span> 
     </span>
     <span class='ocr_line' id='line_1_40' title="bbox 281 3787 1929 3863; baseline 0.004 -19"><span class='ocrx_word' id='word_1_308' title='bbox 281 3788 474 3863; x_wconf 87' lang='lat' dir='ltr'><strong>gratia</strong></span> <span class='ocrx_word' id='word_1_309' title='bbox 514 3787 772 3846; x_wconf 87' lang='lat' dir='ltr'><strong>laborem</strong></span> <span class='ocrx_word' id='word_1_310' title='bbox 829 3788 1062 3846; x_wconf 85' lang='lat' dir='ltr'><strong>volebat</strong></span> <span class='ocrx_word' id='word_1_311' title='bbox 1111 3807 1428 3861; x_wconf 78' lang='lat' dir='ltr'><strong>assumere,</strong></span> <span class='ocrx_word' id='word_1_312' title='bbox 1485 3809 1590 3851; x_wconf 86' lang='lat' dir='ltr'><strong>nec</strong></span> <span class='ocrx_word' id='word_1_313' title='bbox 1638 3793 1817 3851; x_wconf 86' lang='lat' dir='ltr'><strong>tantis</strong></span> <span class='ocrx_word' id='word_1_314' title='bbox 1864 3810 1929 3851; x_wconf 90' lang='lat' dir='ltr'><strong>se</strong></span> 
     </span>
     <span class='ocr_line' id='line_1_41' title="bbox 284 3877 1933 3953; baseline 0.002 -15"><span class='ocrx_word' id='word_1_315' title='bbox 284 3877 623 3951; x_wconf 84' lang='lat' dir='ltr'><strong>mancipare</strong></span> <span class='ocrx_word' id='word_1_316' title='bbox 638 3878 914 3951; x_wconf 89' lang='lat' dir='ltr'><strong>periculis</strong></span> <span class='ocrx_word' id='word_1_317' title='bbox 936 3899 951 3949; x_wconf 73' lang='grc' dir='ltr'>ς</span> <span class='ocrx_word' id='word_1_318' title='bbox 977 3895 1082 3937; x_wconf 90' lang='lat' dir='ltr'><strong>uec</strong></span> <span class='ocrx_word' id='word_1_319' title='bbox 1104 3880 1226 3953; x_wconf 89' lang='lat' dir='ltr'><strong>ipse</strong></span> <span class='ocrx_word' id='word_1_320' title='bbox 1248 3881 1525 3943; x_wconf 84' lang='lat' dir='ltr'><strong>dominus</strong></span> <span class='ocrx_word' id='word_1_321' title='bbox 1552 3883 1933 3942; x_wconf 89' lang='lat' dir='ltr'><strong>Boamuudus</strong></span> 
     </span>
     <span class='ocr_line' id='line_1_42' title="bbox 284 3968 1936 4045; baseline 0.004 -22"><span class='ocrx_word' id='word_1_322' title='bbox 284 3970 447 4024; x_wconf 84' lang='lat' dir='ltr'><strong>tenta</strong></span> <span class='ocrx_word' id='word_1_323' title='bbox 477 3983 577 4039; x_wconf 90' lang='lat' dir='ltr'><strong>pro</strong></span> <span class='ocrx_word' id='word_1_324' title='bbox 608 3968 855 4024; x_wconf 88' lang='lat' dir='ltr'><strong>utilitate</strong></span> <span class='ocrx_word' id='word_1_325' title='bbox 886 3970 1204 4041; x_wconf 88' lang='lat' dir='ltr'><strong>communi,</strong></span> <span class='ocrx_word' id='word_1_326' title='bbox 1229 3976 1446 4044; x_wconf 84' lang='lat' dir='ltr'><strong>quanta</strong></span> <span class='ocrx_word' id='word_1_327' title='bbox 1478 3989 1580 4045; x_wconf 90' lang='lat' dir='ltr'><strong>pro</strong></span> <span class='ocrx_word' id='word_1_328' title='bbox 1611 3973 1936 4031; x_wconf 87' lang='lat' dir='ltr'><strong>domestica</strong></span> 
     </span>
    </p>
   </div>
   <div class='ocr_carea' id='block_1_4' title="bbox 2004 835 3677 1717">
    <p class='ocr_par' dir='ltr' id='par_1_5' title="bbox 2004 835 3677 1717">
     <span class='ocr_line' id='line_1_43' title="bbox 2007 835 3666 915; baseline 0.006 -26"><span class='ocrx_word' id='word_1_329' title='bbox 2007 836 2122 902; x_wconf 86' lang='lat' dir='ltr'><strong>tus,</strong></span> <span class='ocrx_word' id='word_1_330' title='bbox 2144 835 2244 907; x_wconf 91' lang='lat' dir='ltr'><strong>qui</strong></span> <span class='ocrx_word' id='word_1_331' title='bbox 2276 850 2481 892; x_wconf 86' lang='lat' dir='ltr'><strong>omnes</strong></span> <span class='ocrx_word' id='word_1_332' title='bbox 2502 837 2629 907; x_wconf 84' lang='lat' dir='ltr'><strong>ejus</strong></span> <span class='ocrx_word' id='word_1_333' title='bbox 2652 839 2711 893; x_wconf 84' lang='lat' dir='ltr'><strong>et</strong></span> <span class='ocrx_word' id='word_1_334' title='bbox 2731 847 2998 910; x_wconf 82' lang='lat' dir='ltr'><strong>parerent</strong></span> <span class='ocrx_word' id='word_1_335' title='bbox 3016 843 3077 895; x_wconf 90' lang='lat' dir='ltr'><strong>et</strong></span> <span class='ocrx_word' id='word_1_336' title='bbox 3096 845 3437 912; x_wconf 85' lang='lat' dir='ltr'><strong>regerentur-</strong></span> <span class='ocrx_word' id='word_1_337' title='bbox 3474 842 3666 915; x_wconf 88' lang='lat' dir='ltr'><strong>impe-</strong></span> 
     </span>
     <span class='ocr_line' id='line_1_44' title="bbox 2010 925 3664 1001; baseline 0.005 -18"><span class='ocrx_word' id='word_1_338' title='bbox 2010 925 2117 983; x_wconf 86' lang='lat' dir='ltr'><strong>rio.</strong></span> <span class='ocrx_word' id='word_1_339' title='bbox 2165 927 2450 999; x_wconf 76' lang='lat' dir='ltr'><strong>Epistulas</strong></span> <span class='ocrx_word' id='word_1_340' title='bbox 2483 931 2759 1001; x_wconf 62' lang='lat' dir='ltr'><strong>praeterea</strong></span> <span class='ocrx_word' id='word_1_341' title='bbox 2804 929 2881 985; x_wconf 89' lang='lat' dir='ltr'><strong>ad</strong></span> <span class='ocrx_word' id='word_1_342' title='bbox 2925 929 3328 990; x_wconf 87' lang='lat' dir='ltr'><strong>universarum</strong></span> <span class='ocrx_word' id='word_1_343' title='bbox 3375 933 3494 990; x_wconf 84' lang='lat' dir='ltr'><strong>sibi</strong></span> <span class='ocrx_word' id='word_1_344' title='bbox 3521 934 3664 992; x_wconf 85' lang='lat' dir='ltr'><strong>sub·</strong></span> 
     </span>
     <span class='ocr_line' id='line_1_45' title="bbox 2004 1016 3658 1094; baseline 0.005 -22"><span class='ocrx_word' id='word_1_345' title='bbox 2004 1016 2294 1089; x_wconf 87' lang='lat' dir='ltr'><strong>jectarum</strong></span> <span class='ocrx_word' id='word_1_346' title='bbox 2320 1017 2596 1088; x_wconf 62' lang='lat' dir='ltr'><strong>praesides</strong></span> <span class='ocrx_word' id='word_1_347' title='bbox 2627 1018 2954 1090; x_wconf 89' lang='lat' dir='ltr'><strong>regionum,</strong></span> <span class='ocrx_word' id='word_1_348' title='bbox 2983 1020 3097 1076; x_wconf 86' lang='lat' dir='ltr'><strong>vim</strong></span> <span class='ocrx_word' id='word_1_349' title='bbox 3130 1019 3275 1093; x_wconf 90' lang='lat' dir='ltr'><strong>legis</strong></span> <span class='ocrx_word' id='word_1_350' title='bbox 3301 1023 3658 1094; x_wconf 83' lang='lat' dir='ltr'><strong>obtinentes,</strong></span> 
     </span>
     <span class='ocr_line' id='line_1_46' title="bbox 2011 1102 3664 1181; baseline 0.004 -20"><span class='ocrx_word' id='word_1_351' title='bbox 2011 1104 2060 1161; x_wconf 90' lang='lat' dir='ltr'><strong>ei</strong></span> <span class='ocrx_word' id='word_1_352' title='bbox 2092 1102 2318 1174; x_wconf 79' lang='lat' dir='ltr'><strong>delegat</strong></span> <span class='ocrx_word' id='word_1_353' title='bbox 2351 1104 2697 1177; x_wconf 82' lang='lat' dir='ltr'><strong>praecipiens</strong></span> <span class='ocrx_word' id='word_1_354' title='bbox 2730 1107 2962 1179; x_wconf 88' lang='lat' dir='ltr'><strong>populis</strong></span> <span class='ocrx_word' id='word_1_355' title='bbox 2993 1111 3052 1163; x_wconf 90' lang='lat' dir='ltr'><strong>et</strong></span> <span class='ocrx_word' id='word_1_356' title='bbox 3083 1107 3439 1181; x_wconf 87' lang='lat' dir='ltr'><strong>nationibus,</strong></span> <span class='ocrx_word' id='word_1_357' title='bbox 3470 1110 3664 1167; x_wconf 89' lang='lat' dir='ltr'><strong>tribu-</strong></span> 
     </span>
     <span class='ocr_line' id='line_1_47' title="bbox 2012 1192 3668 1266; baseline 0.004 -16"><span class='ocrx_word' id='word_1_358' title='bbox 2012 1193 2124 1250; x_wconf 85' lang='lat' dir='ltr'><strong>bus</strong></span> <span class='ocrx_word' id='word_1_359' title='bbox 2154 1196 2212 1248; x_wconf 91' lang='lat' dir='ltr'><strong>et</strong></span> <span class='ocrx_word' id='word_1_360' title='bbox 2238 1192 2479 1266; x_wconf 89' lang='lat' dir='ltr'><strong>linguis,</strong></span> <span class='ocrx_word' id='word_1_361' title='bbox 2510 1197 2572 1249; x_wconf 88' lang='lat' dir='ltr'><strong>ut</strong></span> <span class='ocrx_word' id='word_1_362' title='bbox 2600 1210 2787 1251; x_wconf 87' lang='lat' dir='ltr'><strong>omnes</strong></span> <span class='ocrx_word' id='word_1_363' title='bbox 2813 1195 2938 1252; x_wconf 86' lang='lat' dir='ltr'><strong>sine</strong></span> <span class='ocrx_word' id='word_1_364' title='bbox 2980 1200 3330 1256; x_wconf 80' lang='lat' dir='ltr'><strong>excusatione</strong></span> <span class='ocrx_word' id='word_1_365' title='bbox 3402 1198 3668 1257; x_wconf 84' lang='lat' dir='ltr'><strong>dilectum</strong></span> 
     </span>
     <span class='ocr_line' id='line_1_48' title="bbox 2014 1283 3673 1357; baseline 0.005 -19"><span class='ocrx_word' id='word_1_366' title='bbox 2014 1283 2192 1354; x_wconf 77' lang='lat' dir='ltr'><strong>filium</strong></span> <span class='ocrx_word' id='word_1_367' title='bbox 2229 1300 2388 1339; x_wconf 87' lang='lat' dir='ltr'><strong>suum</strong></span> <span class='ocrx_word' id='word_1_368' title='bbox 2440 1285 2769 1355; x_wconf 65' lang='lat' dir='ltr'><strong>corbagath,</strong></span> <span class='ocrx_word' id='word_1_369' title='bbox 2828 1301 2985 1357; x_wconf 82' lang='lat' dir='ltr'><strong>quem</strong></span> <span class='ocrx_word' id='word_1_370' title='bbox 3047 1288 3382 1346; x_wconf 81' lang='lat' dir='ltr'><strong>exercitibus</strong></span> <span class='ocrx_word' id='word_1_371' title='bbox 3427 1290 3545 1346; x_wconf 86' lang='lat' dir='ltr'><strong>suis</strong></span> <span class='ocrx_word' id='word_1_372' title='bbox 3602 1289 3673 1347; x_wconf 84' lang='lat' dir='ltr'><strong>de</strong></span> 
     </span>
     <span class='ocr_line' id='line_1_49' title="bbox 2019 1373 3676 1450; baseline 0.005 -23"><span class='ocrx_word' id='word_1_373' title='bbox 2019 1375 2204 1429; x_wconf 83' lang='lat' dir='ltr'><strong>meriti</strong></span> <span class='ocrx_word' id='word_1_374' title='bbox 2229 1373 2491 1430; x_wconf 81' lang='lat' dir='ltr'><strong>electione</strong></span> <span class='ocrx_word' id='word_1_375' title='bbox 2534 1373 2858 1446; x_wconf 80' lang='lat' dir='ltr'><strong>praesecerat</strong></span> <span class='ocrx_word' id='word_1_376' title='bbox 2899 1385 3239 1448; x_wconf 77' lang='lat' dir='ltr'><strong>sequantur:</strong></span> <span class='ocrx_word' id='word_1_377' title='bbox 3289 1381 3341 1435; x_wconf 87' lang='lat' dir='ltr'><strong>et</strong></span> <span class='ocrx_word' id='word_1_378' title='bbox 3387 1379 3508 1450; x_wconf 78' lang='lat' dir='ltr'><strong>eius</strong></span> <span class='ocrx_word' id='word_1_379' title='bbox 3556 1393 3676 1434; x_wconf 86' lang='lat' dir='ltr'><strong>om-</strong></span> 
     </span>
     <span class='ocr_line' id='line_1_50' title="bbox 2017 1461 3672 1540; baseline 0.004 -21"><span class='ocrx_word' id='word_1_380' title='bbox 2017 1477 2111 1520; x_wconf 85' lang='lat' dir='ltr'><strong>nes</strong></span> <span class='ocrx_word' id='word_1_381' title='bbox 2128 1461 2495 1534; x_wconf 79' lang='lat' dir='ltr'><strong>subjiciantur</strong></span> <span class='ocrx_word' id='word_1_382' title='bbox 2523 1464 2799 1534; x_wconf 81' lang='lat' dir='ltr'><strong>potestati,</strong></span> <span class='ocrx_word' id='word_1_383' title='bbox 2829 1472 3081 1537; x_wconf 84' lang='lat' dir='ltr'><strong>parentes</strong></span> <span class='ocrx_word' id='word_1_384' title='bbox 3109 1464 3172 1523; x_wconf 88' lang='lat' dir='ltr'><strong>in</strong></span> <span class='ocrx_word' id='word_1_385' title='bbox 3212 1466 3468 1525; x_wconf 81' lang='lat' dir='ltr'><strong>omnibus</strong></span> <span class='ocrx_word' id='word_1_386' title='bbox 3507 1482 3672 1540; x_wconf 61' lang='grc' dir='ltr'><strong><em>(μικ-</em></strong></span> 
     </span>
     <span class='ocr_line' id='line_1_51' title="bbox 2019 1550 3674 1629; baseline 0.002 -21"><span class='ocrx_word' id='word_1_387' title='bbox 2019 1568 2236 1626; x_wconf 83' lang='lat' dir='ltr'><strong>cunque</strong></span> <span class='ocrx_word' id='word_1_388' title='bbox 2260 1568 2359 1624; x_wconf 86' lang='lat' dir='ltr'><strong>pro</strong></span> <span class='ocrx_word' id='word_1_389' title='bbox 2380 1550 2579 1611; x_wconf 80' lang='lat' dir='ltr'><strong>liberae</strong></span> <span class='ocrx_word' id='word_1_390' title='bbox 2602 1554 2900 1611; x_wconf 87' lang='lat' dir='ltr'><strong>voluntatis</strong></span> <span class='ocrx_word' id='word_1_391' title='bbox 2944 1555 3175 1614; x_wconf 88' lang='lat' dir='ltr'><strong>arbitrio</strong></span> <span class='ocrx_word' id='word_1_392' title='bbox 3225 1558 3343 1629; x_wconf 85' lang='lat' dir='ltr'><strong>ipse</strong></span> <span class='ocrx_word' id='word_1_393' title='bbox 3389 1559 3674 1629; x_wconf 83' lang='lat' dir='ltr'><strong>imperare</strong></span> 
     </span>
     <span class='ocr_line' id='line_1_52' title="bbox 2018 1641 3677 1717; baseline 0.003 -20"><span class='ocrx_word' id='word_1_394' title='bbox 2018 1641 2355 1699; x_wconf 84' lang='lat' dir='ltr'><strong>decrevisset.</strong></span> <span class='ocrx_word' id='word_1_395' title='bbox 2401 1642 2731 1715; x_wconf 80' lang='lat' dir='ltr'><strong>Assumptis</strong></span> <span class='ocrx_word' id='word_1_396' title='bbox 2777 1644 2958 1717; x_wconf 87' lang='lat' dir='ltr'><strong>igitur</strong></span> <span class='ocrx_word' id='word_1_397' title='bbox 3004 1645 3077 1701; x_wconf 93' lang='lat' dir='ltr'><strong>de</strong></span> <span class='ocrx_word' id='word_1_398' title='bbox 3117 1645 3393 1703; x_wconf 84' lang='lat' dir='ltr'><strong>mandato</strong></span> <span class='ocrx_word' id='word_1_399' title='bbox 3445 1646 3677 1703; x_wconf 89' lang='lat' dir='ltr'><strong>domini</strong></span> 
     </span>
    </p>
   </div>
   <div class='ocr_carea' id='block_1_5' title="bbox 1943 1730 3679 1813">
    <p class='ocr_par' dir='ltr' id='par_1_6' title="bbox 1943 1730 3679 1813">
     <span class='ocr_line' id='line_1_53' title="bbox 1943 1730 3679 1813; baseline 0.003 -27"><span class='ocrx_word' id='word_1_400' title='bbox 1943 1749 1990 1813; x_wconf 75' lang='lat' dir='ltr'>B</span> <span class='ocrx_word' id='word_1_401' title='bbox 2020 1730 2307 1802; x_wconf 81' lang='lat' dir='ltr'><strong>praedictis</strong></span> <span class='ocrx_word' id='word_1_402' title='bbox 2338 1731 2664 1803; x_wconf 84' lang='lat' dir='ltr'><strong>legionibus</strong></span> <span class='ocrx_word' id='word_1_403' title='bbox 2707 1735 2762 1790; x_wconf 86' lang='lat' dir='ltr'><strong>et</strong></span> <span class='ocrx_word' id='word_1_404' title='bbox 2801 1748 2925 1804; x_wconf 65' lang='lat' dir='ltr'><strong>quas</strong></span> <span class='ocrx_word' id='word_1_405' title='bbox 2984 1737 3106 1792; x_wconf 90' lang='lat' dir='ltr'><strong>toto</strong></span> <span class='ocrx_word' id='word_1_406' title='bbox 3155 1734 3363 1792; x_wconf 87' lang='lat' dir='ltr'><strong>itinere</strong></span> <span class='ocrx_word' id='word_1_407' title='bbox 3407 1751 3679 1793; x_wconf 89' lang='lat' dir='ltr'><strong>oecurre-</strong></span> 
     </span>
    </p>
   </div>
   <div class='ocr_carea' id='block_1_6' title="bbox 2016 1820 3691 3229">
    <p class='ocr_par' dir='ltr' id='par_1_7' title="bbox 2016 1820 3691 3229">
     <span class='ocr_line' id='line_1_54' title="bbox 2016 1820 3676 1898; baseline 0.004 -22"><span class='ocrx_word' id='word_1_408' title='bbox 2016 1820 2181 1890; x_wconf 89' lang='lat' dir='ltr'><strong>bant,</strong></span> <span class='ocrx_word' id='word_1_409' title='bbox 2202 1836 2337 1876; x_wconf 89' lang='lat' dir='ltr'><strong>cum</strong></span> <span class='ocrx_word' id='word_1_410' title='bbox 2355 1820 2623 1878; x_wconf 84' lang='lat' dir='ltr'><strong>ducentis</strong></span> <span class='ocrx_word' id='word_1_411' title='bbox 2647 1821 2907 1880; x_wconf 87' lang='lat' dir='ltr'><strong>millibus</strong></span> <span class='ocrx_word' id='word_1_412' title='bbox 2940 1823 3424 1897; x_wconf 82' lang='lat' dir='ltr'><strong>Mesopotamiam</strong></span> <span class='ocrx_word' id='word_1_413' title='bbox 3448 1826 3676 1898; x_wconf 87' lang='lat' dir='ltr'><strong>ingres-</strong></span> 
     </span>
     <span class='ocr_line' id='line_1_55' title="bbox 2017 1907 3683 1982; baseline 0.004 -17"><span class='ocrx_word' id='word_1_414' title='bbox 2017 1925 2144 1977; x_wconf 86' lang='lat' dir='ltr'><strong>sus,</strong></span> <span class='ocrx_word' id='word_1_415' title='bbox 2178 1907 2443 1981; x_wconf 86' lang='lat' dir='ltr'><strong>circaque</strong></span> <span class='ocrx_word' id='word_1_416' title='bbox 2491 1915 2685 1982; x_wconf 87' lang='lat' dir='ltr'><strong>partes</strong></span> <span class='ocrx_word' id='word_1_417' title='bbox 2731 1912 3165 1971; x_wconf 80' lang='lat' dir='ltr'><strong>Edessanorum</strong></span> <span class='ocrx_word' id='word_1_418' title='bbox 3222 1919 3683 1973; x_wconf 87' lang='lat' dir='ltr'><strong>castrametatus</strong></span> 
     </span>
     <span class='ocr_line' id='line_1_56' title="bbox 2016 1997 3684 2078; baseline 0.004 -24"><span class='ocrx_word' id='word_1_419' title='bbox 2016 2002 2124 2054; x_wconf 90' lang='lat' dir='ltr'><strong>est.</strong></span> <span class='ocrx_word' id='word_1_420' title='bbox 2155 1997 2259 2055; x_wconf 87' lang='lat' dir='ltr'><strong>Hic</strong></span> <span class='ocrx_word' id='word_1_421' title='bbox 2296 2013 2429 2055; x_wconf 88' lang='lat' dir='ltr'><strong>cum</strong></span> <span class='ocrx_word' id='word_1_422' title='bbox 2462 1999 2649 2055; x_wconf 89' lang='lat' dir='ltr'><strong>eidem</strong></span> <span class='ocrx_word' id='word_1_423' title='bbox 2684 2001 3001 2058; x_wconf 90' lang='lat' dir='ltr'><strong>multorum</strong></span> <span class='ocrx_word' id='word_1_424' title='bbox 3035 2001 3317 2061; x_wconf 77' lang='lat' dir='ltr'><strong>relatione</strong></span> <span class='ocrx_word' id='word_1_425' title='bbox 3374 2003 3684 2078; x_wconf 86' lang='lat' dir='ltr'><strong>cognitum</strong></span> 
     </span>
     <span class='ocr_line' id='line_1_57' title="bbox 2021 2086 3687 2165; baseline 0.004 -22"><span class='ocrx_word' id='word_1_426' title='bbox 2021 2096 2197 2156; x_wconf 87' lang='lat' dir='ltr'><strong>esset,</strong></span> <span class='ocrx_word' id='word_1_427' title='bbox 2228 2086 2385 2159; x_wconf 88' lang='lat' dir='ltr'><strong>quod</strong></span> <span class='ocrx_word' id='word_1_428' title='bbox 2417 2104 2571 2145; x_wconf 87' lang='lat' dir='ltr'><strong>unus</strong></span> <span class='ocrx_word' id='word_1_429' title='bbox 2597 2089 2671 2145; x_wconf 91' lang='lat' dir='ltr'><strong>de</strong></span> <span class='ocrx_word' id='word_1_430' title='bbox 2698 2089 3054 2149; x_wconf 78' lang='lat' dir='ltr'><strong>Francorum</strong></span> <span class='ocrx_word' id='word_1_431' title='bbox 3107 2092 3500 2165; x_wconf 86' lang='lat' dir='ltr'><strong>principibus,</strong></span> <span class='ocrx_word' id='word_1_432' title='bbox 3535 2109 3687 2149; x_wconf 90' lang='lat' dir='ltr'><strong>oon-</strong></span> 
     </span>
     <span class='ocr_line' id='line_1_58' title="bbox 2022 2177 3673 2255; baseline 0.003 -23"><span class='ocrx_word' id='word_1_433' title='bbox 2022 2180 2109 2232; x_wconf 89' lang='lat' dir='ltr'><strong>tra</strong></span> <span class='ocrx_word' id='word_1_434' title='bbox 2129 2192 2276 2249; x_wconf 88' lang='lat' dir='ltr'><strong>quos</strong></span> <span class='ocrx_word' id='word_1_435' title='bbox 2305 2177 2681 2249; x_wconf 79' lang='lat' dir='ltr'><strong>dirigebatur,</strong></span> <span class='ocrx_word' id='word_1_436' title='bbox 2704 2182 2821 2235; x_wconf 91' lang='lat' dir='ltr'><strong>tam</strong></span> <span class='ocrx_word' id='word_1_437' title='bbox 2870 2180 3163 2238; x_wconf 87' lang='lat' dir='ltr'><strong>civitatem</strong></span> <span class='ocrx_word' id='word_1_438' title='bbox 3193 2197 3373 2255; x_wconf 89' lang='lat' dir='ltr'><strong>quam</strong></span> <span class='ocrx_word' id='word_1_439' title='bbox 3424 2182 3673 2239; x_wconf 83' lang='lat' dir='ltr'><strong>univer-</strong></span> 
     </span>
     <span class='ocr_line' id='line_1_59' title="bbox 2023 2266 3687 2344; baseline 0.004 -22"><span class='ocrx_word' id='word_1_440' title='bbox 2023 2281 2150 2322; x_wconf 86' lang='lat' dir='ltr'><strong>sam</strong></span> <span class='ocrx_word' id='word_1_441' title='bbox 2209 2266 2571 2337; x_wconf 85' lang='lat' dir='ltr'><strong>adjacentem</strong></span> <span class='ocrx_word' id='word_1_442' title='bbox 2629 2268 2920 2325; x_wconf 87' lang='lat' dir='ltr'><strong>obtineret</strong></span> <span class='ocrx_word' id='word_1_443' title='bbox 2985 2270 3360 2344; x_wconf 82' lang='lat' dir='ltr'><strong>provinciam,</strong></span> <span class='ocrx_word' id='word_1_444' title='bbox 3422 2271 3687 2329; x_wconf 83' lang='lat' dir='ltr'><strong>decrevit</strong></span> 
     </span>
     <span class='ocr_line' id='line_1_60' title="bbox 2024 2356 3691 2433; baseline 0.002 -19"><span class='ocrx_word' id='word_1_445' title='bbox 2024 2359 2336 2427; x_wconf 82' lang='lat' dir='ltr'><strong>antequam</strong></span> <span class='ocrx_word' id='word_1_446' title='bbox 2368 2356 2697 2429; x_wconf 80' lang='lat' dir='ltr'><strong>Euphraten</strong></span> <span class='ocrx_word' id='word_1_447' title='bbox 2728 2359 3136 2432; x_wconf 80' lang='lat' dir='ltr'><strong>pertransiret,</strong></span> <span class='ocrx_word' id='word_1_448' title='bbox 3174 2361 3517 2433; x_wconf 77' lang='lat' dir='ltr'><strong>praedictam</strong></span> <span class='ocrx_word' id='word_1_449' title='bbox 3571 2361 3691 2418; x_wconf 88' lang='lat' dir='ltr'><strong>im-</strong></span> 
     </span>
     <span class='ocr_line' id='line_1_61' title="bbox 2026 2443 3685 2518; baseline 0.004 -18"><span class='ocrx_word' id='word_1_450' title='bbox 2026 2459 2289 2516; x_wconf 85' lang='lat' dir='ltr'><strong>pugnare</strong></span> <span class='ocrx_word' id='word_1_451' title='bbox 2316 2447 2374 2500; x_wconf 83' lang='lat' dir='ltr'><strong>et</strong></span> <span class='ocrx_word' id='word_1_452' title='bbox 2403 2443 2686 2501; x_wconf 88' lang='lat' dir='ltr'><strong>violenter</strong></span> <span class='ocrx_word' id='word_1_453' title='bbox 2717 2461 3011 2518; x_wconf 88' lang='lat' dir='ltr'><strong>occupare</strong></span> <span class='ocrx_word' id='word_1_454' title='bbox 3039 2447 3356 2505; x_wconf 85' lang='lat' dir='ltr'><strong>civitatem.</strong></span> <span class='ocrx_word' id='word_1_455' title='bbox 3389 2450 3685 2506; x_wconf 81' lang='lat' dir='ltr'><strong>Dominus</strong></span> 
     </span>
     <span class='ocr_line' id='line_1_62' title="bbox 2022 2533 3680 2608; baseline 0.005 -20"><span class='ocrx_word' id='word_1_456' title='bbox 2022 2536 2219 2588; x_wconf 85' lang='lat' dir='ltr'><strong>autem</strong></span> <span class='ocrx_word' id='word_1_457' title='bbox 2241 2533 2585 2602; x_wconf 85' lang='lat' dir='ltr'><strong>Balduinus,</strong></span> <span class='ocrx_word' id='word_1_458' title='bbox 2621 2537 2965 2607; x_wconf 60' lang='lat' dir='ltr'><strong>praecognito</strong></span> <span class='ocrx_word' id='word_1_459' title='bbox 2996 2537 3121 2607; x_wconf 87' lang='lat' dir='ltr'><strong>ejus</strong></span> <span class='ocrx_word' id='word_1_460' title='bbox 3169 2538 3442 2608; x_wconf 87' lang='lat' dir='ltr'><strong>adventu,</strong></span> <span class='ocrx_word' id='word_1_461' title='bbox 3466 2539 3680 2595; x_wconf 89' lang='lat' dir='ltr'><strong>urbem</strong></span> 
     </span>
     <span class='ocr_line' id='line_1_63' title="bbox 2023 2621 3684 2701; baseline 0.005 -24"><span class='ocrx_word' id='word_1_462' title='bbox 2023 2638 2187 2678; x_wconf 89' lang='lat' dir='ltr'><strong>suam</strong></span> <span class='ocrx_word' id='word_1_463' title='bbox 2218 2621 2595 2689; x_wconf 85' lang='lat' dir='ltr'><strong>victualibus,</strong></span> <span class='ocrx_word' id='word_1_464' title='bbox 2636 2624 2816 2680; x_wconf 87' lang='lat' dir='ltr'><strong>armis</strong></span> <span class='ocrx_word' id='word_1_465' title='bbox 2837 2629 2894 2680; x_wconf 88' lang='lat' dir='ltr'><strong>et</strong></span> <span class='ocrx_word' id='word_1_466' title='bbox 2931 2624 3070 2682; x_wconf 80' lang='lat' dir='ltr'><strong>viris</strong></span> <span class='ocrx_word' id='word_1_467' title='bbox 3109 2627 3365 2684; x_wconf 79' lang='lat' dir='ltr'><strong>strenuis</strong></span> <span class='ocrx_word' id='word_1_468' title='bbox 3416 2627 3684 2701; x_wconf 90' lang='lat' dir='ltr'><strong>undique</strong></span> 
     </span>
     <span class='ocr_line' id='line_1_64' title="bbox 2026 2709 3686 2787; baseline 0.003 -19"><span class='ocrx_word' id='word_1_469' title='bbox 2026 2710 2367 2782; x_wconf 87' lang='lat' dir='ltr'><strong>corrogatis,</strong></span> <span class='ocrx_word' id='word_1_470' title='bbox 2413 2709 2725 2783; x_wconf 86' lang='lat' dir='ltr'><strong>diligenter</strong></span> <span class='ocrx_word' id='word_1_471' title='bbox 2770 2713 3217 2785; x_wconf 86' lang='lat' dir='ltr'><strong>communierat,</strong></span> <span class='ocrx_word' id='word_1_472' title='bbox 3248 2715 3332 2771; x_wconf 91' lang='lat' dir='ltr'><strong>ita</strong></span> <span class='ocrx_word' id='word_1_473' title='bbox 3392 2715 3550 2787; x_wconf 87' lang='lat' dir='ltr'><strong>quod</strong></span> <span class='ocrx_word' id='word_1_474' title='bbox 3609 2717 3686 2774; x_wconf 92' lang='lat' dir='ltr'><strong>de</strong></span> 
     </span>
     <span class='ocr_line' id='line_1_65' title="bbox 2026 2800 3686 2876; baseline 0.004 -20"><span class='ocrx_word' id='word_1_475' title='bbox 2026 2802 2155 2872; x_wconf 74' lang='lat' dir='ltr'><strong>eJus</strong></span> <span class='ocrx_word' id='word_1_476' title='bbox 2186 2800 2364 2856; x_wconf 87' lang='lat' dir='ltr'><strong>minis</strong></span> <span class='ocrx_word' id='word_1_477' title='bbox 2392 2806 2449 2857; x_wconf 89' lang='lat' dir='ltr'><strong>et</strong></span> <span class='ocrx_word' id='word_1_478' title='bbox 2473 2800 2791 2859; x_wconf 79' lang='lat' dir='ltr'><strong>terroribus</strong></span> <span class='ocrx_word' id='word_1_479' title='bbox 2824 2803 3114 2859; x_wconf 89' lang='lat' dir='ltr'><strong>modicum</strong></span> <span class='ocrx_word' id='word_1_480' title='bbox 3146 2804 3284 2876; x_wconf 88' lang='lat' dir='ltr'><strong>quid</strong></span> <span class='ocrx_word' id='word_1_481' title='bbox 3319 2808 3446 2862; x_wconf 90' lang='lat' dir='ltr'><strong>erat</strong></span> <span class='ocrx_word' id='word_1_482' title='bbox 3462 2804 3686 2863; x_wconf 88' lang='lat' dir='ltr'><strong>sollici-</strong></span> 
     </span>
     <span class='ocr_line' id='line_1_66' title="bbox 2027 2892 3687 2965; baseline 0.004 -20"><span class='ocrx_word' id='word_1_483' title='bbox 2027 2893 2419 2962; x_wconf 85' lang='lat' dir='ltr'><strong>tus.Cumque</strong></span> <span class='ocrx_word' id='word_1_484' title='bbox 2440 2905 2575 2946; x_wconf 90' lang='lat' dir='ltr'><strong>voce</strong></span> <span class='ocrx_word' id='word_1_485' title='bbox 2599 2892 2883 2963; x_wconf 82' lang='lat' dir='ltr'><strong>praeconia</strong></span> <span class='ocrx_word' id='word_1_486' title='bbox 2903 2892 3136 2965; x_wconf 87' lang='lat' dir='ltr'><strong>publice</strong></span> <span class='ocrx_word' id='word_1_487' title='bbox 3159 2894 3503 2952; x_wconf 86' lang='lat' dir='ltr'><strong>mandatum</strong></span> <span class='ocrx_word' id='word_1_488' title='bbox 3522 2899 3687 2953; x_wconf 88' lang='lat' dir='ltr'><strong>esset</strong></span> 
     </span>
     <span class='ocr_line' id='line_1_67' title="bbox 2027 2978 3685 3043; baseline 0.004 -7"><span class='ocrx_word' id='word_1_489' title='bbox 2027 2978 2368 3037; x_wconf 86' lang='lat' dir='ltr'><strong>cohortibus</strong></span> <span class='ocrx_word' id='word_1_490' title='bbox 2392 2984 2455 3037; x_wconf 92' lang='lat' dir='ltr'><strong>ut</strong></span> <span class='ocrx_word' id='word_1_491' title='bbox 2496 2980 2696 3038; x_wconf 89' lang='lat' dir='ltr'><strong>urbem</strong></span> <span class='ocrx_word' id='word_1_492' title='bbox 2727 2981 3031 3040; x_wconf 85' lang='lat' dir='ltr'><strong>obsidione</strong></span> <span class='ocrx_word' id='word_1_493' title='bbox 3062 2982 3341 3041; x_wconf 79' lang='lat' dir='ltr'><strong>vallarent</strong></span> <span class='ocrx_word' id='word_1_494' title='bbox 3369 2989 3427 3042; x_wconf 89' lang='lat' dir='ltr'><strong>et</strong></span> <span class='ocrx_word' id='word_1_495' title='bbox 3476 2985 3685 3043; x_wconf 85' lang='lat' dir='ltr'><strong>obses-</strong></span> 
     </span>
     <span class='ocr_line' id='line_1_68' title="bbox 2034 3068 3684 3148; baseline 0.004 -23"><span class='ocrx_word' id='word_1_496' title='bbox 2034 3085 2160 3125; x_wconf 86' lang='lat' dir='ltr'><strong>sam</strong></span> <span class='ocrx_word' id='word_1_497' title='bbox 2206 3073 2323 3125; x_wconf 89' lang='lat' dir='ltr'><strong>tota</strong></span> <span class='ocrx_word' id='word_1_498' title='bbox 2368 3068 2785 3143; x_wconf 88' lang='lat' dir='ltr'><strong>impugnarent</strong></span> <span class='ocrx_word' id='word_1_499' title='bbox 2834 3071 3131 3140; x_wconf 85' lang='lat' dir='ltr'><strong>instantia,</strong></span> <span class='ocrx_word' id='word_1_500' title='bbox 3188 3075 3452 3132; x_wconf 82' lang='lat' dir='ltr'><strong>videntes</strong></span> <span class='ocrx_word' id='word_1_501' title='bbox 3500 3076 3684 3148; x_wconf 90' lang='lat' dir='ltr'><strong>quod,</strong></span> 
     </span>
     <span class='ocr_line' id='line_1_69' title="bbox 2035 3159 3687 3229; baseline 0.005 -16"><span class='ocrx_word' id='word_1_502' title='bbox 2035 3159 2443 3216; x_wconf 85' lang='lat' dir='ltr'><strong>resistentibus</strong></span> <span class='ocrx_word' id='word_1_503' title='bbox 2475 3164 2709 3216; x_wconf 85' lang='lat' dir='ltr'><strong>strenue</strong></span> <span class='ocrx_word' id='word_1_504' title='bbox 2744 3159 2988 3229; x_wconf 87' lang='lat' dir='ltr'><strong>civibus,</strong></span> <span class='ocrx_word' id='word_1_505' title='bbox 3023 3177 3139 3218; x_wconf 88' lang='lat' dir='ltr'><strong>non</strong></span> <span class='ocrx_word' id='word_1_506' title='bbox 3199 3165 3452 3221; x_wconf 89' lang='lat' dir='ltr'><strong>multum</strong></span> <span class='ocrx_word' id='word_1_507' title='bbox 3504 3163 3566 3221; x_wconf 89' lang='lat' dir='ltr'><strong>in</strong></span> <span class='ocrx_word' id='word_1_508' title='bbox 3617 3180 3687 3222; x_wconf 88' lang='lat' dir='ltr'><strong>eo</strong></span> 
     </span>
    </p>
   </div>
   <div class='ocr_carea' id='block_1_7' title="bbox 2036 3248 3689 3410">
    <p class='ocr_par' dir='ltr' id='par_1_8' title="bbox 2036 3248 3689 3410">
     <span class='ocr_line' id='line_1_70' title="bbox 2036 3248 3689 3327; baseline 0.005 -24"><span class='ocrx_word' id='word_1_509' title='bbox 2036 3248 2187 3305; x_wconf 78' lang='lat' dir='ltr'><strong>facto</strong></span> <span class='ocrx_word' id='word_1_510' title='bbox 2211 3253 2453 3320; x_wconf 88' lang='lat' dir='ltr'><strong>possent</strong></span> <span class='ocrx_word' id='word_1_511' title='bbox 2481 3250 2780 3320; x_wconf 76' lang='lat' dir='ltr'><strong>proficere,</strong></span> <span class='ocrx_word' id='word_1_512' title='bbox 2813 3251 2914 3322; x_wconf 88' lang='lat' dir='ltr'><strong>qui</strong></span> <span class='ocrx_word' id='word_1_513' title='bbox 2933 3267 3147 3309; x_wconf 87' lang='lat' dir='ltr'><strong>sensus</strong></span> <span class='ocrx_word' id='word_1_514' title='bbox 3180 3251 3469 3310; x_wconf 87' lang='lat' dir='ltr'><strong>habebant</strong></span> <span class='ocrx_word' id='word_1_515' title='bbox 3491 3255 3689 3327; x_wconf 89' lang='lat' dir='ltr'><strong>magis</strong></span> 
     </span>
     <span class='ocr_line' id='line_1_71' title="bbox 2037 3331 3686 3410; baseline 0.005 -22"><span class='ocrx_word' id='word_1_516' title='bbox 2037 3333 2404 3399; x_wconf 86' lang='lat' dir='ltr'><strong>exercitatos,</strong></span> <span class='ocrx_word' id='word_1_517' title='bbox 2438 3334 2510 3389; x_wconf 90' lang='lat' dir='ltr'><strong>ad</strong></span> <span class='ocrx_word' id='word_1_518' title='bbox 2543 3331 2709 3390; x_wconf 87' lang='lat' dir='ltr'><strong>illum</strong></span> <span class='ocrx_word' id='word_1_519' title='bbox 2740 3335 3077 3392; x_wconf 88' lang='lat' dir='ltr'><strong>accedentes</strong></span> <span class='ocrx_word' id='word_1_520' title='bbox 3107 3336 3433 3410; x_wconf 85' lang='lat' dir='ltr'><strong>prinoipem</strong></span> <span class='ocrx_word' id='word_1_521' title='bbox 3478 3355 3686 3405; x_wconf 89' lang='lat' dir='ltr'><strong>suum,</strong></span> 
     </span>
    </p>
   </div>
   <div class='ocr_carea' id='block_1_8' title="bbox 2036 3422 3688 4038">
    <p class='ocr_par' dir='ltr' id='par_1_9' title="bbox 2036 3422 3688 4038">
     <span class='ocr_line' id='line_1_72' title="bbox 2037 3422 3688 3495; baseline 0.004 -16"><span class='ocrx_word' id='word_1_522' title='bbox 2037 3428 2168 3495; x_wconf 87' lang='lat' dir='ltr'><strong>post</strong></span> <span class='ocrx_word' id='word_1_523' title='bbox 2200 3422 2384 3478; x_wconf 88' lang='lat' dir='ltr'><strong>multa</strong></span> <span class='ocrx_word' id='word_1_524' title='bbox 2411 3423 2646 3479; x_wconf 87' lang='lat' dir='ltr'><strong>tandem</strong></span> <span class='ocrx_word' id='word_1_525' title='bbox 2679 3429 3098 3495; x_wconf 86' lang='lat' dir='ltr'><strong>persuaserunt</strong></span> <span class='ocrx_word' id='word_1_526' title='bbox 3127 3432 3211 3494; x_wconf 90' lang='lat' dir='ltr'><strong>ut,</strong></span> <span class='ocrx_word' id='word_1_527' title='bbox 3261 3426 3479 3485; x_wconf 87' lang='lat' dir='ltr'><strong>relictis</strong></span> <span class='ocrx_word' id='word_1_528' title='bbox 3530 3428 3688 3485; x_wconf 85' lang='lat' dir='ltr'><strong>inei-</strong></span> 
     </span>
     <span class='ocr_line' id='line_1_73' title="bbox 2036 3510 3687 3590; baseline 0.005 -23"><span class='ocrx_word' id='word_1_529' title='bbox 2036 3512 2309 3568; x_wconf 86' lang='lat' dir='ltr'><strong>dentibus</strong></span> <span class='ocrx_word' id='word_1_530' title='bbox 2338 3510 2549 3579; x_wconf 87' lang='lat' dir='ltr'><strong>causis,</strong></span> <span class='ocrx_word' id='word_1_531' title='bbox 2584 3511 2897 3585; x_wconf 85' lang='lat' dir='ltr'><strong>principale</strong></span> <span class='ocrx_word' id='word_1_532' title='bbox 2928 3514 3292 3586; x_wconf 88' lang='lat' dir='ltr'><strong>propositum</strong></span> <span class='ocrx_word' id='word_1_533' title='bbox 3325 3533 3687 3590; x_wconf 83' lang='lat' dir='ltr'><strong>exsequere-</strong></span> 
     </span>
     <span class='ocr_line' id='line_1_74' title="bbox 2037 3600 3687 3681; baseline 0.004 -23"><span class='ocrx_word' id='word_1_534' title='bbox 2037 3609 2158 3671; x_wconf 87' lang='lat' dir='ltr'><strong>tur;</strong></span> <span class='ocrx_word' id='word_1_535' title='bbox 2177 3606 2253 3670; x_wconf 88' lang='lat' dir='ltr'><strong>et,</strong></span> <span class='ocrx_word' id='word_1_536' title='bbox 2283 3600 2573 3673; x_wconf 84' lang='lat' dir='ltr'><strong>Euphrate</strong></span> <span class='ocrx_word' id='word_1_537' title='bbox 2587 3603 2955 3674; x_wconf 87' lang='lat' dir='ltr'><strong>transmisso,</strong></span> <span class='ocrx_word' id='word_1_538' title='bbox 2977 3602 3367 3675; x_wconf 79' lang='lat' dir='ltr'><strong>Antiochiam,</strong></span> <span class='ocrx_word' id='word_1_539' title='bbox 3391 3623 3505 3679; x_wconf 87' lang='lat' dir='ltr'><strong>quo</strong></span> <span class='ocrx_word' id='word_1_540' title='bbox 3525 3608 3687 3681; x_wconf 88' lang='lat' dir='ltr'><strong>prin·</strong></span> 
     </span>
     <span class='ocr_line' id='line_1_75' title="bbox 2037 3690 3685 3765; baseline 0.005 -17"><span class='ocrx_word' id='word_1_541' title='bbox 2037 3691 2300 3765; x_wconf 84' lang='lat' dir='ltr'><strong>cipaliter</strong></span> <span class='ocrx_word' id='word_1_542' title='bbox 2328 3690 2704 3763; x_wconf 89' lang='lat' dir='ltr'><strong>dirigebatur,</strong></span> <span class='ocrx_word' id='word_1_543' title='bbox 2727 3692 3088 3751; x_wconf 88' lang='lat' dir='ltr'><strong>obsidionem</strong></span> <span class='ocrx_word' id='word_1_544' title='bbox 3130 3694 3527 3756; x_wconf 84' lang='lat' dir='ltr'><strong>dissoluturus</strong></span> <span class='ocrx_word' id='word_1_545' title='bbox 3562 3715 3685 3756; x_wconf 91' lang='lat' dir='ltr'><strong>ma·</strong></span> 
     </span>
     <span class='ocr_line' id='line_1_76' title="bbox 2039 3780 3685 3857; baseline 0.005 -20"><span class='ocrx_word' id='word_1_546' title='bbox 2039 3784 2279 3837; x_wconf 86' lang='lat' dir='ltr'><strong>turaret.</strong></span> <span class='ocrx_word' id='word_1_547' title='bbox 2308 3780 2448 3837; x_wconf 90' lang='lat' dir='ltr'><strong>Nam</strong></span> <span class='ocrx_word' id='word_1_548' title='bbox 2485 3780 2543 3837; x_wconf 91' lang='lat' dir='ltr'><strong>in</strong></span> <span class='ocrx_word' id='word_1_549' title='bbox 2593 3782 2787 3838; x_wconf 88' lang='lat' dir='ltr'><strong>reditu</strong></span> <span class='ocrx_word' id='word_1_550' title='bbox 2827 3798 2955 3845; x_wconf 80' lang='lat' dir='ltr'><strong>suo,</strong></span> <span class='ocrx_word' id='word_1_551' title='bbox 3004 3784 3239 3842; x_wconf 89' lang='lat' dir='ltr'><strong>obtenta</strong></span> <span class='ocrx_word' id='word_1_552' title='bbox 3293 3785 3553 3857; x_wconf 83' lang='lat' dir='ltr'><strong>victoria,</strong></span> <span class='ocrx_word' id='word_1_553' title='bbox 3591 3789 3685 3845; x_wconf 77' lang='lat' dir='ltr'><strong>vix</strong></span> 
     </span>
     <span class='ocr_line' id='line_1_77' title="bbox 2040 3868 3685 3947; baseline 0.005 -21"><span class='ocrx_word' id='word_1_554' title='bbox 2040 3868 2215 3926; x_wconf 87' lang='lat' dir='ltr'><strong>unius</strong></span> <span class='ocrx_word' id='word_1_555' title='bbox 2243 3884 2392 3941; x_wconf 82' lang='lat' dir='ltr'><strong>opus</strong></span> <span class='ocrx_word' id='word_1_556' title='bbox 2422 3875 2573 3925; x_wconf 86' lang='lat' dir='ltr'><strong>esset</strong></span> <span class='ocrx_word' id='word_1_557' title='bbox 2603 3868 2738 3938; x_wconf 88' lang='lat' dir='ltr'><strong>diei,</strong></span> <span class='ocrx_word' id='word_1_558' title='bbox 2769 3873 2828 3926; x_wconf 90' lang='lat' dir='ltr'><strong>et</strong></span> <span class='ocrx_word' id='word_1_559' title='bbox 2856 3872 3189 3942; x_wconf 80' lang='lat' dir='ltr'><strong>praedictam</strong></span> <span class='ocrx_word' id='word_1_560' title='bbox 3220 3890 3503 3947; x_wconf 86' lang='lat' dir='ltr'><strong>occupare</strong></span> <span class='ocrx_word' id='word_1_561' title='bbox 3546 3877 3685 3934; x_wconf 90' lang='lat' dir='ltr'><strong>civi·</strong></span> 
     </span>
     <span class='ocr_line' id='line_1_78' title="bbox 2040 3957 3687 4038; baseline 0.004 -21"><span class='ocrx_word' id='word_1_562' title='bbox 2040 3962 2244 4026; x_wconf 86' lang='lat' dir='ltr'><strong>tatem,</strong></span> <span class='ocrx_word' id='word_1_563' title='bbox 2274 3962 2332 4015; x_wconf 88' lang='lat' dir='ltr'><strong>et</strong></span> <span class='ocrx_word' id='word_1_564' title='bbox 2353 3957 2705 4015; x_wconf 88' lang='lat' dir='ltr'><strong>Balduiuum</strong></span> <span class='ocrx_word' id='word_1_565' title='bbox 2728 3958 2978 4017; x_wconf 88' lang='lat' dir='ltr'><strong>vinculis</strong></span> <span class='ocrx_word' id='word_1_566' title='bbox 3024 3963 3379 4035; x_wconf 85' lang='lat' dir='ltr'><strong>mancipare.</strong></span> <span class='ocrx_word' id='word_1_567' title='bbox 3417 3966 3687 4038; x_wconf 86' lang='lat' dir='ltr'><strong>Cumque</strong></span> 
     </span>
    </p>
   </div>
   <div class='ocr_carea' id='block_1_9' title="bbox 284 4048 3688 4129">
    <p class='ocr_par' dir='ltr' id='par_1_10' title="bbox 284 4048 3688 4129">
     <span class='ocr_line' id='line_1_79' title="bbox 284 4048 3688 4129; baseline 0.004 -17"><span class='ocrx_word' id='word_1_568' title='bbox 284 4058 344 4113; x_wconf 88' lang='lat' dir='ltr'><strong>et</strong></span> <span class='ocrx_word' id='word_1_569' title='bbox 373 4054 639 4111; x_wconf 73' lang='lat' dir='ltr'><strong>familiari</strong></span> <span class='ocrx_word' id='word_1_570' title='bbox 662 4055 958 4113; x_wconf 87' lang='lat' dir='ltr'><strong>laborabat</strong></span> <span class='ocrx_word' id='word_1_571' title='bbox 986 4058 1296 4129; x_wconf 87' lang='lat' dir='ltr'><strong>instantia;</strong></span> <span class='ocrx_word' id='word_1_572' title='bbox 1340 4060 1791 4119; x_wconf 78' lang='lat' dir='ltr'><strong>familiaritatem</strong></span> <span class='ocrx_word' id='word_1_573' title='bbox 1837 4065 1938 4118; x_wconf 85' lang='lat' dir='ltr'><strong>ta-</strong></span> <span class='ocrx_word' id='word_1_574' title='bbox 2043 4065 2143 4122; x_wconf 65' lang='lat'><strong>1²0?</strong></span> <span class='ocrx_word' id='word_1_575' title='bbox 2171 4053 2291 4105; x_wconf 54' lang='lat'><strong>“0⁸</strong></span> <span class='ocrx_word' id='word_1_576' title='bbox 2312 4048 2674 4120; x_wconf 52' lang='grc' dir='ltr'><strong>δθὶπῑῑὶἱωὲ18</strong></span> <span class='ocrx_word' id='word_1_577' title='bbox 2704 4050 3013 4109; x_wconf 66' lang='grc' dir='ltr'><strong>ὓθῡῑῖῦὓᾶὓ</strong></span> <span class='ocrx_word' id='word_1_578' title='bbox 3041 4051 3123 4107; x_wconf 69' lang='lat' dir='ltr'><strong>ibi</strong></span> <span class='ocrx_word' id='word_1_579' title='bbox 3153 4068 3387 4125; x_wconf 68' lang='lat' dir='ltr'><strong>090r⁸m</strong></span> <span class='ocrx_word' id='word_1_580' title='bbox 3421 4070 3688 4113; x_wconf 67' lang='lat' dir='ltr'><strong>Consum·</strong></span> 
     </span>
    </p>
   </div>
   <div class='ocr_carea' id='block_1_10' title="bbox 286 4143 1937 4398">
    <p class='ocr_par' dir='ltr' id='par_1_11' title="bbox 286 4143 1937 4398">
     <span class='ocr_line' id='line_1_80' title="bbox 288 4143 1937 4223; baseline 0.004 -23"><span class='ocrx_word' id='word_1_581' title='bbox 288 4158 423 4200; x_wconf 86' lang='lat' dir='ltr'><strong>men</strong></span> <span class='ocrx_word' id='word_1_582' title='bbox 454 4158 587 4200; x_wconf 88' lang='lat' dir='ltr'><strong>cum</strong></span> <span class='ocrx_word' id='word_1_583' title='bbox 626 4143 749 4200; x_wconf 86' lang='lat' dir='ltr'><strong>viro</strong></span> <span class='ocrx_word' id='word_1_584' title='bbox 780 4143 1076 4216; x_wconf 82' lang='lat' dir='ltr'><strong>praedicto,</strong></span> <span class='ocrx_word' id='word_1_585' title='bbox 1118 4148 1460 4205; x_wconf 83' lang='lat' dir='ltr'><strong>muneribus</strong></span> <span class='ocrx_word' id='word_1_586' title='bbox 1526 4155 1583 4206; x_wconf 89' lang='lat' dir='ltr'><strong>et</strong></span> <span class='ocrx_word' id='word_1_587' title='bbox 1637 4150 1937 4223; x_wconf 86' lang='lat' dir='ltr'><strong>obsequiis</strong></span> 
     </span>
     <span class='ocr_line' id='line_1_81' title="bbox 286 4231 1932 4309; baseline 0.005 -21"><span class='ocrx_word' id='word_1_588' title='bbox 286 4231 771 4304; x_wconf 83' lang='lat' dir='ltr'><strong>prosequebatur,</strong></span> <span class='ocrx_word' id='word_1_589' title='bbox 801 4231 1023 4304; x_wconf 85' lang='lat' dir='ltr'><strong>legibui</strong></span> <span class='ocrx_word' id='word_1_590' title='bbox 1054 4234 1292 4292; x_wconf 67' lang='lat' dir='ltr'><strong>sinceras</strong></span> <span class='ocrx_word' id='word_1_591' title='bbox 1313 4236 1571 4309; x_wconf 84' lang='lat' dir='ltr'><strong>impletis</strong></span> <span class='ocrx_word' id='word_1_592' title='bbox 1611 4239 1881 4296; x_wconf 61' lang='lat' dir='ltr'><strong>amicitiae</strong></span> <span class='ocrx_word' id='word_1_593' title='bbox 1917 4258 1932 4309; x_wconf 87' lang='grc'><strong>;</strong></span> 
     </span>
     <span class='ocr_line' id='line_1_82' title="bbox 290 4318 1935 4398; baseline 0.007 -24"><span class='ocrx_word' id='word_1_594' title='bbox 290 4318 605 4390; x_wconf 86' lang='lat' dir='ltr'><strong>missisque</strong></span> <span class='ocrx_word' id='word_1_595' title='bbox 633 4319 1032 4391; x_wconf 74' lang='lat' dir='ltr'><strong>frequentibus</strong></span> <span class='ocrx_word' id='word_1_596' title='bbox 1063 4326 1121 4380; x_wconf 79' lang='lat' dir='ltr'><strong>et</strong></span> <span class='ocrx_word' id='word_1_597' title='bbox 1146 4326 1390 4397; x_wconf 87' lang='lat' dir='ltr'><strong>receptis</strong></span> <span class='ocrx_word' id='word_1_598' title='bbox 1440 4327 1661 4397; x_wconf 87' lang='lat' dir='ltr'><strong>pariter</strong></span> <span class='ocrx_word' id='word_1_599' title='bbox 1691 4330 1935 4398; x_wconf 88' lang='lat' dir='ltr'><strong>nuntiis,</strong></span> 
     </span>
    </p>
   </div>
   <div class='ocr_carea' id='block_1_11' title="bbox 289 4406 1935 4554">
    <p class='ocr_par' dir='ltr' id='par_1_12' title="bbox 289 4406 1935 4554">
     <span class='ocr_line' id='line_1_83' title="bbox 290 4406 1935 4483; baseline 0.007 -20"><span class='ocrx_word' id='word_1_600' title='bbox 290 4406 566 4478; x_wconf 88' lang='lat' dir='ltr'><strong>utrinque</strong></span> <span class='ocrx_word' id='word_1_601' title='bbox 591 4407 769 4465; x_wconf 87' lang='lat' dir='ltr'><strong>semel</strong></span> <span class='ocrx_word' id='word_1_602' title='bbox 798 4414 1076 4483; x_wconf 88' lang='lat' dir='ltr'><strong>concepto</strong></span> <span class='ocrx_word' id='word_1_603' title='bbox 1101 4413 1249 4469; x_wconf 80' lang='lat' dir='ltr'><strong>vires</strong></span> <span class='ocrx_word' id='word_1_604' title='bbox 1271 4417 1328 4470; x_wconf 90' lang='lat' dir='ltr'><strong>et</strong></span> <span class='ocrx_word' id='word_1_605' title='bbox 1358 4414 1616 4472; x_wconf 79' lang='lat' dir='ltr'><strong>fomitem</strong></span> <span class='ocrx_word' id='word_1_606' title='bbox 1631 4418 1935 4475; x_wconf 87' lang='lat' dir='ltr'><strong>ministra-</strong></span> 
     </span>
     <span class='ocr_line' id='line_1_84' title="bbox 289 4496 669 4554; baseline -0.005 -1"><span class='ocrx_word' id='word_1_607' title='bbox 289 4496 435 4554; x_wconf 87' lang='lat' dir='ltr'><strong>bant</strong></span> <span class='ocrx_word' id='word_1_608' title='bbox 464 4496 669 4554; x_wconf 85' lang='lat' dir='ltr'><strong>amori.</strong></span> 
     </span>
    </p>
   </div>
   <div class='ocr_carea' id='block_1_12' title="bbox 898 4604 1325 4665">
    <p class='ocr_par' dir='ltr' id='par_1_13' title="bbox 898 4604 1325 4665">
     <span class='ocr_line' id='line_1_85' title="bbox 898 4604 1325 4665; baseline 0.007 -3"><span class='ocrx_word' id='word_1_609' title='bbox 898 4605 1136 4664; x_wconf 78' lang='lat' dir='ltr'>CAPUT</span> <span class='ocrx_word' id='word_1_610' title='bbox 1174 4604 1325 4665; x_wconf 76' lang='lat' dir='ltr'><strong>XIV.</strong></span> 
     </span>
    </p>
   </div>
   <div class='ocr_carea' id='block_1_13' title="bbox 291 4693 1939 5205">
    <p class='ocr_par' dir='ltr' id='par_1_14' title="bbox 291 4693 1939 4913">
     <span class='ocr_line' id='line_1_86' title="bbox 291 4693 1939 4771; baseline 0.005 -19"><span class='ocrx_word' id='word_1_611' title='bbox 291 4696 408 4770; x_wconf 82' lang='lat' dir='ltr'><strong>Qui</strong></span> <span class='ocrx_word' id='word_1_612' title='bbox 433 4696 494 4751; x_wconf 81' lang='lat' dir='ltr'><strong>in</strong></span> <span class='ocrx_word' id='word_1_613' title='bbox 522 4693 834 4752; x_wconf 80' lang='lat' dir='ltr'><strong>subsidium</strong></span> <span class='ocrx_word' id='word_1_614' title='bbox 864 4695 1220 4754; x_wconf 79' lang='lat' dir='ltr'><strong>Antiochenis</strong></span> <span class='ocrx_word' id='word_1_615' title='bbox 1242 4700 1635 4771; x_wconf 84' lang='lat' dir='ltr'><strong>properabant,</strong></span> <span class='ocrx_word' id='word_1_616' title='bbox 1678 4701 1939 4760; x_wconf 80' lang='lat' dir='ltr'><strong>Edessam</strong></span> 
     </span>
     <span class='ocr_line' id='line_1_87' title="bbox 361 4766 1935 4843; baseline 0.006 -19"><span class='ocrx_word' id='word_1_617' title='bbox 361 4766 644 4832; x_wconf 75' lang='lat' dir='ltr'><strong>obsident:</strong></span> <span class='ocrx_word' id='word_1_618' title='bbox 671 4767 763 4823; x_wconf 87' lang='lat' dir='ltr'><strong>sed</strong></span> <span class='ocrx_word' id='word_1_619' title='bbox 814 4769 1101 4825; x_wconf 77' lang='lat' dir='ltr'><strong>resistente</strong></span> <span class='ocrx_word' id='word_1_620' title='bbox 1148 4771 1387 4827; x_wconf 82' lang='lat' dir='ltr'><strong>viriliter</strong></span> <span class='ocrx_word' id='word_1_621' title='bbox 1435 4771 1725 4843; x_wconf 85' lang='lat' dir='ltr'><strong>Balduino,</strong></span> <span class='ocrx_word' id='word_1_622' title='bbox 1768 4777 1935 4832; x_wconf 86' lang='lat' dir='ltr'><strong>vacui</strong></span> 
     </span>
     <span class='ocr_line' id='line_1_88' title="bbox 362 4838 1355 4913; baseline 0.004 -18"><span class='ocrx_word' id='word_1_623' title='bbox 362 4839 666 4897; x_wconf 84' lang='lat' dir='ltr'><strong>recedentes</strong></span> <span class='ocrx_word' id='word_1_624' title='bbox 700 4838 1017 4913; x_wconf 75' lang='lat' dir='ltr'><strong>Euphraten</strong></span> <span class='ocrx_word' id='word_1_625' title='bbox 1038 4844 1355 4899; x_wconf 83' lang='lat' dir='ltr'><strong>transeunt.</strong></span> 
     </span>
    </p>

    <p class='ocr_par' dir='ltr' id='par_1_15' title="bbox 293 4946 1937 5205">
     <span class='ocr_line' id='line_1_89' title="bbox 364 4946 1937 5030; baseline 0.008 -29"><span class='ocrx_word' id='word_1_626' title='bbox 364 4946 592 5004; x_wconf 87' lang='lat' dir='ltr'><strong>Interea</strong></span> <span class='ocrx_word' id='word_1_627' title='bbox 611 4948 713 5021; x_wconf 89' lang='lat' dir='ltr'><strong>qui</strong></span> <span class='ocrx_word' id='word_1_628' title='bbox 735 4950 808 5005; x_wconf 90' lang='lat' dir='ltr'><strong>ab</strong></span> <span class='ocrx_word' id='word_1_629' title='bbox 824 4950 1077 5008; x_wconf 82' lang='lat' dir='ltr'><strong>Acxisno</strong></span> <span class='ocrx_word' id='word_1_630' title='bbox 1101 4958 1158 5008; x_wconf 89' lang='lat' dir='ltr'><strong>et</strong></span> <span class='ocrx_word' id='word_1_631' title='bbox 1203 4951 1428 5009; x_wconf 83' lang='lat' dir='ltr'><strong>civibus</strong></span> <span class='ocrx_word' id='word_1_632' title='bbox 1454 4953 1798 5012; x_wconf 82' lang='lat' dir='ltr'><strong>‘subsidium</strong></span> <span class='ocrx_word' id='word_1_633' title='bbox 1830 4972 1937 5030; x_wconf 88' lang='lat' dir='ltr'><strong>po·</strong></span> 
     </span>
     <span class='ocr_line' id='line_1_90' title="bbox 293 5034 1930 5114; baseline 0.005 -20"><span class='ocrx_word' id='word_1_634' title='bbox 293 5034 567 5094; x_wconf 81' lang='lat' dir='ltr'><strong>stulaturl</strong></span> <span class='ocrx_word' id='word_1_635' title='bbox 604 5034 767 5094; x_wconf 85' lang='lat' dir='ltr'><strong>missi</strong></span> <span class='ocrx_word' id='word_1_636' title='bbox 809 5038 1040 5097; x_wconf 77' lang='lat' dir='ltr'><strong>fuerant</strong></span> <span class='ocrx_word' id='word_1_637' title='bbox 1075 5039 1136 5097; x_wconf 90' lang='lat' dir='ltr'><strong>in</strong></span> <span class='ocrx_word' id='word_1_638' title='bbox 1174 5041 1491 5114; x_wconf 85' lang='lat' dir='ltr'><strong>Persidem,</strong></span> <span class='ocrx_word' id='word_1_639' title='bbox 1525 5049 1930 5103; x_wconf 87' lang='lat' dir='ltr'><strong>consummato</strong></span> 
     </span>
     <span class='ocr_line' id='line_1_91' title="bbox 293 5122 1936 5205; baseline 0.006 -24"><span class='ocrx_word' id='word_1_640' title='bbox 293 5139 399 5197; x_wconf 89' lang='lat' dir='ltr'><strong>pro</strong></span> <span class='ocrx_word' id='word_1_641' title='bbox 417 5122 564 5180; x_wconf 80' lang='lat' dir='ltr'><strong>votis</strong></span> <span class='ocrx_word' id='word_1_642' title='bbox 621 5124 848 5195; x_wconf 84' lang='lat' dir='ltr'><strong>negotio</strong></span> <span class='ocrx_word' id='word_1_643' title='bbox 877 5130 935 5182; x_wconf 88' lang='lat' dir='ltr'><strong>et</strong></span> <span class='ocrx_word' id='word_1_644' title='bbox 960 5127 1299 5201; x_wconf 70' lang='lat' dir='ltr'><strong>{impetrata</strong></span> <span class='ocrx_word' id='word_1_645' title='bbox 1341 5130 1726 5204; x_wconf 85' lang='lat' dir='ltr'><strong>postulatione</strong></span> <span class='ocrx_word' id='word_1_646' title='bbox 1756 5150 1936 5205; x_wconf 89' lang='lat' dir='ltr'><strong>quam</strong></span> 
     </span>
    </p>
   </div>
   <div class='ocr_carea' id='block_1_14' title="bbox 293 5213 1943 5299">
    <p class='ocr_par' dir='ltr' id='par_1_16' title="bbox 293 5213 1943 5299">
     <span class='ocr_line' id='line_1_92' title="bbox 293 5213 1943 5299; baseline 0.007 -29"><span class='ocrx_word' id='word_1_647' title='bbox 293 5213 686 5287; x_wconf 69' lang='lat' dir='ltr'><strong>praetulerant,</strong></span> <span class='ocrx_word' id='word_1_648' title='bbox 735 5216 1174 5274; x_wconf 85' lang='lat' dir='ltr'><strong>revertebantur</strong></span> <span class='ocrx_word' id='word_1_649' title='bbox 1237 5219 1311 5276; x_wconf 89' lang='lat' dir='ltr'><strong>ad</strong></span> <span class='ocrx_word' id='word_1_650' title='bbox 1362 5220 1615 5294; x_wconf 88' lang='lat' dir='ltr'><strong>propria.</strong></span> <span class='ocrx_word' id='word_1_651' title='bbox 1662 5222 1943 5299; x_wconf 82' lang='lat' dir='ltr'><strong>Princeps</strong></span> 
     </span>
    </p>
   </div>
   <div class='ocr_carea' id='block_1_15' title="bbox 293 5302 1942 5379">
    <p class='ocr_par' dir='ltr' id='par_1_17' title="bbox 293 5302 1942 5379">
     <span class='ocr_line' id='line_1_93' title="bbox 293 5302 1942 5379; baseline 0.008 -21"><span class='ocrx_word' id='word_1_652' title='bbox 293 5302 451 5359; x_wconf 89' lang='lat' dir='ltr'><strong>enim</strong></span> <span class='ocrx_word' id='word_1_653' title='bbox 507 5302 608 5361; x_wconf 92' lang='lat' dir='ltr'><strong>ille</strong></span> <span class='ocrx_word' id='word_1_654' title='bbox 661 5304 1032 5379; x_wconf 85' lang='lat' dir='ltr'><strong>magnificus.</strong></span> <span class='ocrx_word' id='word_1_655' title='bbox 1100 5308 1591 5368; x_wconf 78' lang='lat' dir='ltr'><strong>Antiochenorum</strong></span> <span class='ocrx_word' id='word_1_656' title='bbox 1652 5311 1942 5371; x_wconf 84' lang='lat' dir='ltr'><strong>molestiis</strong></span> 
     </span>
    </p>
   </div>
   <div class='ocr_carea' id='block_1_16' title="bbox 293 5393 1949 5652">
    <p class='ocr_par' dir='ltr' id='par_1_18' title="bbox 293 5393 1949 5652">
     <span class='ocr_line' id='line_1_94' title="bbox 293 5393 1943 5467; baseline 0.008 -20"><span class='ocrx_word' id='word_1_657' title='bbox 293 5406 439 5463; x_wconf 80' lang='lat' dir='ltr'><strong>quas</strong></span> <span class='ocrx_word' id='word_1_658' title='bbox 461 5393 722 5450; x_wconf 73' lang='lat' dir='ltr'><strong>audierat</strong></span> <span class='ocrx_word' id='word_1_659' title='bbox 740 5395 1119 5467; x_wconf 85' lang='lat' dir='ltr'><strong>compatiens,</strong></span> <span class='ocrx_word' id='word_1_660' title='bbox 1152 5402 1210 5454; x_wconf 89' lang='lat' dir='ltr'><strong>et</strong></span> <span class='ocrx_word' id='word_1_661' title='bbox 1250 5413 1559 5457; x_wconf 87' lang='lat' dir='ltr'><strong>occurrere</strong></span> <span class='ocrx_word' id='word_1_662' title='bbox 1579 5399 1782 5459; x_wconf 85' lang='lat' dir='ltr'><strong>volens</strong></span> <span class='ocrx_word' id='word_1_663' title='bbox 1830 5418 1943 5460; x_wconf 90' lang='lat' dir='ltr'><strong>no·</strong></span> 
     </span>
     <span class='ocr_line' id='line_1_95' title="bbox 295 5480 1948 5563; baseline 0.009 -29"><span class='ocrx_word' id='word_1_664' title='bbox 295 5480 549 5537; x_wconf 75' lang='lat' dir='ltr'><strong>atrorum</strong></span> <span class='ocrx_word' id='word_1_665' title='bbox 578 5483 963 5555; x_wconf 57' lang='lat' dir='ltr'><strong>conatibussset</strong></span> <span class='ocrx_word' id='word_1_666' title='bbox 1000 5485 1147 5543; x_wconf 84' lang='lat' dir='ltr'><strong>vires</strong></span> <span class='ocrx_word' id='word_1_667' title='bbox 1175 5487 1505 5559; x_wconf 65' lang='lat' dir='ltr'><strong>precidere,</strong></span> <span class='ocrx_word' id='word_1_668' title='bbox 1535 5506 1609 5547; x_wconf 93' lang='lat' dir='ltr'><strong>ne</strong></span> <span class='ocrx_word' id='word_1_669' title='bbox 1638 5505 1948 5563; x_wconf 83' lang='lat' dir='ltr'><strong>regnorum</strong></span> 
     </span>
     <span class='ocr_line' id='line_1_96' title="bbox 295 5565 1949 5652; baseline 0.008 -30"><span class='ocrx_word' id='word_1_670' title='bbox 295 5565 424 5639; x_wconf 81' lang='lat' dir='ltr'><strong>ejus</strong></span> <span class='ocrx_word' id='word_1_671' title='bbox 453 5565 680 5640; x_wconf 85' lang='lat' dir='ltr'><strong>aliquas</strong></span> <span class='ocrx_word' id='word_1_672' title='bbox 708 5573 904 5642; x_wconf 86' lang='lat' dir='ltr'><strong>partes</strong></span> <span class='ocrx_word' id='word_1_673' title='bbox 934 5587 1043 5632; x_wconf 86' lang='lat' dir='ltr'><strong>sua</strong></span> <span class='ocrx_word' id='word_1_674' title='bbox 1083 5573 1359 5634; x_wconf 83' lang='lat' dir='ltr'><strong>violentia</strong></span> <span class='ocrx_word' id='word_1_675' title='bbox 1406 5582 1648 5649; x_wconf 86' lang='lat' dir='ltr'><strong>possent</strong></span> <span class='ocrx_word' id='word_1_676' title='bbox 1696 5580 1949 5652; x_wconf 85' lang='lat' dir='ltr'><strong>compri-</strong></span> 
     </span>
    </p>
   </div>
   <div class='ocr_carea' id='block_1_17' title="bbox 2043 4139 3693 4486">
    <p class='ocr_par' dir='ltr' id='par_1_19' title="bbox 2043 4139 3693 4486">
     <span class='ocr_line' id='line_1_97' title="bbox 2043 4139 3689 4216; baseline 0.004 -18"><span class='ocrx_word' id='word_1_677' title='bbox 2043 4140 2260 4214; x_wconf 87' lang='lat' dir='ltr'><strong>psisset</strong></span> <span class='ocrx_word' id='word_1_678' title='bbox 2287 4148 2341 4196; x_wconf 91' lang='lat' dir='ltr'><strong>et</strong></span> <span class='ocrx_word' id='word_1_679' title='bbox 2368 4139 2718 4211; x_wconf 86' lang='lat' dir='ltr'><strong>impensam,</strong></span> <span class='ocrx_word' id='word_1_680' title='bbox 2751 4141 3020 4214; x_wconf 59' lang='lat' dir='ltr'><strong>praecepit</strong></span> <span class='ocrx_word' id='word_1_681' title='bbox 3040 4142 3369 4216; x_wconf 88' lang='lat' dir='ltr'><strong>legionibus</strong></span> <span class='ocrx_word' id='word_1_682' title='bbox 3387 4153 3446 4202; x_wconf 88' lang='lat' dir='ltr'><strong>ut</strong></span> <span class='ocrx_word' id='word_1_683' title='bbox 3466 4148 3689 4203; x_wconf 87' lang='lat' dir='ltr'><strong>transi-</strong></span> 
     </span>
     <span class='ocr_line' id='line_1_98' title="bbox 2044 4227 3685 4310; baseline 0.005 -24"><span class='ocrx_word' id='word_1_684' title='bbox 2044 4234 2173 4286; x_wconf 87' lang='lat' dir='ltr'><strong>rent</strong></span> <span class='ocrx_word' id='word_1_685' title='bbox 2192 4229 2464 4296; x_wconf 77' lang='lat' dir='ltr'><strong>fluvium3</strong></span> <span class='ocrx_word' id='word_1_686' title='bbox 2488 4232 2547 4285; x_wconf 88' lang='lat' dir='ltr'><strong>et</strong></span> <span class='ocrx_word' id='word_1_687' title='bbox 2576 4227 2699 4301; x_wconf 87' lang='lat' dir='ltr'><strong>ipse</strong></span> <span class='ocrx_word' id='word_1_688' title='bbox 2726 4227 3113 4288; x_wconf 88' lang='lat' dir='ltr'><strong>nihilominus</strong></span> <span class='ocrx_word' id='word_1_689' title='bbox 3136 4234 3446 4303; x_wconf 89' lang='lat' dir='ltr'><strong>transiens,</strong></span> <span class='ocrx_word' id='word_1_690' title='bbox 3480 4252 3685 4310; x_wconf 88' lang='lat' dir='ltr'><strong>propo·</strong></span> 
     </span>
     <span class='ocr_line' id='line_1_99' title="bbox 2045 4318 3691 4394; baseline 0.005 -19"><span class='ocrx_word' id='word_1_691' title='bbox 2045 4318 2156 4376; x_wconf 89' lang='lat' dir='ltr'><strong>sito</strong></span> <span class='ocrx_word' id='word_1_692' title='bbox 2186 4319 2361 4390; x_wconf 82' lang='lat' dir='ltr'><strong>coepit</strong></span> <span class='ocrx_word' id='word_1_693' title='bbox 2390 4320 2608 4377; x_wconf 88' lang='lat' dir='ltr'><strong>instare</strong></span> <span class='ocrx_word' id='word_1_694' title='bbox 2638 4320 2983 4392; x_wconf 86' lang='lat' dir='ltr'><strong>diligentius.</strong></span> <span class='ocrx_word' id='word_1_695' title='bbox 3017 4325 3145 4377; x_wconf 81' lang='lat' dir='ltr'><strong>Ilaec</strong></span> <span class='ocrx_word' id='word_1_696' title='bbox 3174 4326 3363 4380; x_wconf 85' lang='lat' dir='ltr'><strong>autem</strong></span> <span class='ocrx_word' id='word_1_697' title='bbox 3383 4324 3515 4394; x_wconf 85' lang='lat' dir='ltr'><strong>ejus</strong></span> <span class='ocrx_word' id='word_1_698' title='bbox 3535 4327 3691 4383; x_wconf 83' lang='lat' dir='ltr'><strong>circa</strong></span> 
     </span>
     <span class='ocr_line' id='line_1_100' title="bbox 2048 4408 3693 4486; baseline 0.005 -23"><span class='ocrx_word' id='word_1_699' title='bbox 2048 4412 2240 4480; x_wconf 88' lang='lat' dir='ltr'><strong>partes</strong></span> <span class='ocrx_word' id='word_1_700' title='bbox 2273 4408 2597 4466; x_wconf 73' lang='lat' dir='ltr'><strong>Edessauas</strong></span> <span class='ocrx_word' id='word_1_701' title='bbox 2627 4426 2791 4467; x_wconf 90' lang='lat' dir='ltr'><strong>mora</strong></span> <span class='ocrx_word' id='word_1_702' title='bbox 2839 4424 3015 4467; x_wconf 87' lang='lat' dir='ltr'><strong>causa</strong></span> <span class='ocrx_word' id='word_1_703' title='bbox 3063 4411 3175 4467; x_wconf 74' lang='lat' dir='ltr'><strong>fuit</strong></span> <span class='ocrx_word' id='word_1_704' title='bbox 3224 4411 3376 4486; x_wconf 86' lang='lat' dir='ltr'><strong>quod</strong></span> <span class='ocrx_word' id='word_1_705' title='bbox 3415 4414 3693 4472; x_wconf 88' lang='lat' dir='ltr'><strong>dominus</strong></span> 
     </span>
    </p>
   </div>
   <div class='ocr_carea' id='block_1_18' title="bbox 1969 4478 3693 4574">
    <p class='ocr_par' dir='ltr' id='par_1_20' title="bbox 1969 4478 3693 4574">
     <span class='ocr_line' id='line_1_101' title="bbox 1969 4478 3693 4574; baseline 0.006 -22"><span class='ocrx_word' id='word_1_706' title='bbox 1969 4478 2016 4543; x_wconf 87' lang='lat' dir='ltr'>D</span> <span class='ocrx_word' id='word_1_707' title='bbox 2048 4496 2366 4555; x_wconf 86' lang='lat' dir='ltr'><strong>Balduiuus</strong></span> <span class='ocrx_word' id='word_1_708' title='bbox 2388 4499 2675 4571; x_wconf 70' lang='lat' dir='ltr'><strong>prodictae</strong></span> <span class='ocrx_word' id='word_1_709' title='bbox 2720 4498 3014 4557; x_wconf 89' lang='lat' dir='ltr'><strong>obsidioni</strong></span> <span class='ocrx_word' id='word_1_710' title='bbox 3050 4515 3114 4557; x_wconf 88' lang='lat' dir='ltr'><strong>se</strong></span> <span class='ocrx_word' id='word_1_711' title='bbox 3160 4505 3510 4574; x_wconf 74' lang='lat' dir='ltr'><strong>praesentem</strong></span> <span class='ocrx_word' id='word_1_712' title='bbox 3555 4505 3693 4562; x_wconf 85' lang='lat' dir='ltr'><strong>dare</strong></span> 
     </span>
    </p>
   </div>
   <div class='ocr_carea' id='block_1_19' title="bbox 2042 4590 3700 5656">
    <p class='ocr_par' dir='ltr' id='par_1_21' title="bbox 2042 4590 3700 5656">
     <span class='ocr_line' id='line_1_102' title="bbox 2051 4590 3690 4661; baseline 0.004 -16"><span class='ocrx_word' id='word_1_713' title='bbox 2051 4605 2167 4646; x_wconf 90' lang='lat' dir='ltr'><strong>non</strong></span> <span class='ocrx_word' id='word_1_714' title='bbox 2200 4591 2425 4661; x_wconf 79' lang='lat' dir='ltr'><strong>potuit:</strong></span> <span class='ocrx_word' id='word_1_715' title='bbox 2457 4605 2639 4647; x_wconf 88' lang='lat' dir='ltr'><strong>causa</strong></span> <span class='ocrx_word' id='word_1_716' title='bbox 2665 4590 2781 4649; x_wconf 74' lang='lat' dir='ltr'><strong>fuit</strong></span> <span class='ocrx_word' id='word_1_717' title='bbox 2803 4590 2977 4649; x_wconf 84' lang='lat' dir='ltr'><strong>etiam</strong></span> <span class='ocrx_word' id='word_1_718' title='bbox 3007 4599 3061 4649; x_wconf 91' lang='lat' dir='ltr'><strong>et</strong></span> <span class='ocrx_word' id='word_1_719' title='bbox 3093 4600 3422 4650; x_wconf 87' lang='lat' dir='ltr'><strong>nostrorum</strong></span> <span class='ocrx_word' id='word_1_720' title='bbox 3460 4596 3690 4653; x_wconf 86' lang='lat' dir='ltr'><strong>salutis.</strong></span> 
     </span>
     <span class='ocr_line' id='line_1_103' title="bbox 2046 4677 3693 4752; baseline 0.003 -18"><span class='ocrx_word' id='word_1_721' title='bbox 2046 4677 2194 4735; x_wconf 90' lang='lat' dir='ltr'><strong>Nam</strong></span> <span class='ocrx_word' id='word_1_722' title='bbox 2224 4678 2272 4735; x_wconf 88' lang='lat' dir='ltr'><strong>si</strong></span> <span class='ocrx_word' id='word_1_723' title='bbox 2306 4679 2522 4736; x_wconf 90' lang='lat' dir='ltr'><strong>directo</strong></span> <span class='ocrx_word' id='word_1_724' title='bbox 2553 4681 2623 4736; x_wconf 91' lang='lat' dir='ltr'><strong>ad</strong></span> <span class='ocrx_word' id='word_1_725' title='bbox 2646 4695 2746 4737; x_wconf 91' lang='lat' dir='ltr'><strong>eos</strong></span> <span class='ocrx_word' id='word_1_726' title='bbox 2775 4680 3132 4751; x_wconf 84' lang='lat' dir='ltr'><strong>pervenisset</strong></span> <span class='ocrx_word' id='word_1_727' title='bbox 3164 4681 3392 4752; x_wconf 83' lang='lat' dir='ltr'><strong>itinere,</strong></span> <span class='ocrx_word' id='word_1_728' title='bbox 3425 4683 3605 4741; x_wconf 89' lang='lat' dir='ltr'><strong>sicuti</strong></span> <span class='ocrx_word' id='word_1_729' title='bbox 3638 4693 3693 4740; x_wconf 87' lang='lat' dir='ltr'><strong>et</strong></span> 
     </span>
     <span class='ocr_line' id='line_1_104' title="bbox 2045 4767 3695 4842; baseline 0.004 -18"><span class='ocrx_word' id='word_1_730' title='bbox 2045 4767 2265 4825; x_wconf 90' lang='lat' dir='ltr'><strong>domini</strong></span> <span class='ocrx_word' id='word_1_731' title='bbox 2295 4767 2627 4825; x_wconf 87' lang='lat' dir='ltr'><strong>Boamundo</strong></span> <span class='ocrx_word' id='word_1_732' title='bbox 2656 4769 2729 4826; x_wconf 89' lang='lat' dir='ltr'><strong>ab</strong></span> <span class='ocrx_word' id='word_1_733' title='bbox 2750 4770 2878 4841; x_wconf 78' lang='lat' dir='ltr'><strong>eJus</strong></span> <span class='ocrx_word' id='word_1_734' title='bbox 2898 4770 3086 4827; x_wconf 87' lang='lat' dir='ltr'><strong>amieo</strong></span> <span class='ocrx_word' id='word_1_735' title='bbox 3108 4770 3447 4842; x_wconf 66' lang='lat' dir='ltr'><strong>predictum</strong></span> <span class='ocrx_word' id='word_1_736' title='bbox 3480 4772 3695 4840; x_wconf 79' lang='lat' dir='ltr'><strong>fuerat,</strong></span> 
     </span>
     <span class='ocr_line' id='line_1_105' title="bbox 2042 4858 3689 4933; baseline 0.005 -20"><span class='ocrx_word' id='word_1_737' title='bbox 2042 4862 2354 4930; x_wconf 87' lang='lat' dir='ltr'><strong>antequam</strong></span> <span class='ocrx_word' id='word_1_738' title='bbox 2384 4858 2590 4916; x_wconf 88' lang='lat' dir='ltr'><strong>urbem</strong></span> <span class='ocrx_word' id='word_1_739' title='bbox 2614 4860 2967 4930; x_wconf 88' lang='lat' dir='ltr'><strong>obtinerent,</strong></span> <span class='ocrx_word' id='word_1_740' title='bbox 3005 4859 3064 4917; x_wconf 94' lang='lat' dir='ltr'><strong>in</strong></span> <span class='ocrx_word' id='word_1_741' title='bbox 3088 4861 3249 4933; x_wconf 84' lang='lat' dir='ltr'><strong>gravi</strong></span> <span class='ocrx_word' id='word_1_742' title='bbox 3280 4866 3436 4919; x_wconf 86' lang='lat' dir='ltr'><strong>esset</strong></span> <span class='ocrx_word' id='word_1_743' title='bbox 3466 4879 3563 4922; x_wconf 89' lang='lat' dir='ltr'><strong>res</strong></span> <span class='ocrx_word' id='word_1_744' title='bbox 3592 4880 3689 4922; x_wconf 90' lang='lat' dir='ltr'><strong>eo·</strong></span> 
     </span>
     <span class='ocr_line' id='line_1_106' title="bbox 2045 4946 3695 5023; baseline 0.004 -22"><span class='ocrx_word' id='word_1_745' title='bbox 2045 4961 2170 5003; x_wconf 87' lang='lat' dir='ltr'><strong>rum</strong></span> <span class='ocrx_word' id='word_1_746' title='bbox 2211 4946 2520 5004; x_wconf 85' lang='lat' dir='ltr'><strong>constituta</strong></span> <span class='ocrx_word' id='word_1_747' title='bbox 2548 4947 2915 5018; x_wconf 84' lang='lat' dir='ltr'><strong>discrimine;</strong></span> <span class='ocrx_word' id='word_1_748' title='bbox 2948 4965 3083 5007; x_wconf 91' lang='lat' dir='ltr'><strong>nam</strong></span> <span class='ocrx_word' id='word_1_749' title='bbox 3122 4949 3326 5016; x_wconf 85' lang='lat' dir='ltr'><strong>etiam,</strong></span> <span class='ocrx_word' id='word_1_750' title='bbox 3358 4950 3507 5008; x_wconf 88' lang='lat' dir='ltr'><strong>urbe</strong></span> <span class='ocrx_word' id='word_1_751' title='bbox 3529 4952 3695 5023; x_wconf 87' lang='lat' dir='ltr'><strong>prius</strong></span> 
     </span>
     <span class='ocr_line' id='line_1_107' title="bbox 2046 5036 3694 5113; baseline 0.003 -19"><span class='ocrx_word' id='word_1_752' title='bbox 2046 5054 2147 5113; x_wconf 89' lang='lat' dir='ltr'><strong>per</strong></span> <span class='ocrx_word' id='word_1_753' title='bbox 2174 5036 2277 5095; x_wconf 87' lang='lat' dir='ltr'><strong>Dei</strong></span> <span class='ocrx_word' id='word_1_754' title='bbox 2304 5037 2549 5111; x_wconf 85' lang='lat' dir='ltr'><strong>gratiam</strong></span> <span class='ocrx_word' id='word_1_755' title='bbox 2579 5038 2833 5107; x_wconf 85' lang='lat' dir='ltr'><strong>obtenta,</strong></span> <span class='ocrx_word' id='word_1_756' title='bbox 2863 5038 2958 5096; x_wconf 78' lang='lat' dir='ltr'><strong>vix</strong></span> <span class='ocrx_word' id='word_1_757' title='bbox 2984 5041 3113 5112; x_wconf 72' lang='lat' dir='ltr'><strong>elus</strong></span> <span class='ocrx_word' id='word_1_758' title='bbox 3144 5043 3461 5113; x_wconf 86' lang='lat' dir='ltr'><strong>potuerunt</strong></span> <span class='ocrx_word' id='word_1_759' title='bbox 3479 5040 3694 5099; x_wconf 78' lang='lat' dir='ltr'><strong>adven·</strong></span> 
     </span>
     <span class='ocr_line' id='line_1_108' title="bbox 2051 5128 2515 5187; baseline -0.009 0"><span class='ocrx_word' id='word_1_760' title='bbox 2051 5132 2179 5187; x_wconf 89' lang='lat' dir='ltr'><strong>tum</strong></span> <span class='ocrx_word' id='word_1_761' title='bbox 2202 5128 2515 5186; x_wconf 84' lang='lat' dir='ltr'><strong>sustinere.</strong></span> 
     </span>
     <span class='ocr_line' id='line_1_109' title="bbox 2679 5220 3066 5280; baseline -0.005 -3"><span class='ocrx_word' id='word_1_762' title='bbox 2679 5220 2913 5280; x_wconf 77' lang='lat' dir='ltr'>CAPUT</span> <span class='ocrx_word' id='word_1_763' title='bbox 2948 5221 3066 5280; x_wconf 84' lang='lat' dir='ltr'><strong>XV.</strong></span> 
     </span>
     <span class='ocr_line' id='line_1_110' title="bbox 2051 5308 3695 5383; baseline 0.001 -14"><span class='ocrx_word' id='word_1_764' title='bbox 2051 5308 2236 5369; x_wconf 84' lang='lat' dir='ltr'><strong>Nostri</strong></span> <span class='ocrx_word' id='word_1_765' title='bbox 2287 5311 2660 5382; x_wconf 71' lang='lat' dir='ltr'><strong>exploratores</strong></span> <span class='ocrx_word' id='word_1_766' title='bbox 2710 5310 2964 5383; x_wconf 61' lang='lat' dir='ltr'><strong>dirigunt</strong></span> <span class='ocrx_word' id='word_1_767' title='bbox 3016 5311 3082 5369; x_wconf 83' lang='lat' dir='ltr'><strong>de</strong></span> <span class='ocrx_word' id='word_1_768' title='bbox 3135 5312 3375 5371; x_wconf 72' lang='lat' dir='ltr'><strong>advenm</strong></span> <span class='ocrx_word' id='word_1_769' title='bbox 3445 5312 3695 5371; x_wconf 68' lang='lat' dir='ltr'><strong>hostium</strong></span> 
     </span>
     <span class='ocr_line' id='line_1_111' title="bbox 2750 5399 3684 5458; baseline 0.003 0"><span class='ocrx_word' id='word_1_770' title='bbox 2750 5399 2998 5458; x_wconf 78' lang='lat' dir='ltr'><strong>solliciti.</strong></span> <span class='ocrx_word' id='word_1_771' title='bbox 3677 5423 3684 5428; x_wconf 96' lang='lat'>·</span> 
     </span>
     <span class='ocr_line' id='line_1_112' title="bbox 2129 5489 3692 5550; baseline 0.002 -3"><span class='ocrx_word' id='word_1_772' title='bbox 2129 5490 2344 5548; x_wconf 83' lang='lat' dir='ltr'><strong>Rumor</strong></span> <span class='ocrx_word' id='word_1_773' title='bbox 2372 5490 2592 5548; x_wconf 90' lang='lat' dir='ltr'><strong>interea</strong></span> <span class='ocrx_word' id='word_1_774' title='bbox 2620 5489 2930 5548; x_wconf 82' lang='lat' dir='ltr'><strong>adventum</strong></span> <span class='ocrx_word' id='word_1_775' title='bbox 2977 5493 3279 5550; x_wconf 80' lang='lat' dir='ltr'><strong>tantorum</strong></span> <span class='ocrx_word' id='word_1_776' title='bbox 3326 5491 3692 5550; x_wconf 84' lang='lat' dir='ltr'><strong>exercituum</strong></span> 
     </span>
     <span class='ocr_line' id='line_1_113' title="bbox 2058 5580 3700 5656; baseline 0.001 -20"><span class='ocrx_word' id='word_1_777' title='bbox 2058 5595 2418 5653; x_wconf 76' lang='lat' dir='ltr'><strong>praecurreus</strong></span> <span class='ocrx_word' id='word_1_778' title='bbox 2447 5583 2640 5640; x_wconf 86' lang='lat' dir='ltr'><strong>castra</strong></span> <span class='ocrx_word' id='word_1_779' title='bbox 2667 5580 2988 5655; x_wconf 79' lang='lat' dir='ltr'><strong>repleverat</strong></span> <span class='ocrx_word' id='word_1_780' title='bbox 3032 5585 3091 5640; x_wconf 91' lang='lat' dir='ltr'><strong>et</strong></span> <span class='ocrx_word' id='word_1_781' title='bbox 3135 5580 3340 5640; x_wconf 83' lang='lat' dir='ltr'><strong>multis</strong></span> <span class='ocrx_word' id='word_1_782' title='bbox 3396 5581 3456 5639; x_wconf 90' lang='lat' dir='ltr'><strong>id</strong></span> <span class='ocrx_word' id='word_1_783' title='bbox 3501 5581 3700 5656; x_wconf 80' lang='lat' dir='ltr'><strong>ipsum</strong></span> 
     </span>
    </p>
   </div>
  </div>
 </body>
</html>
