3784 6000
173 275 288 336 559

1248 262 1661 325 GUILLELMI
1709 263 2094 325 TYRENSIS
2136 262 2503 326 ARCHIEP.

178 426 334 464 unus
363 409 434 463 de
480 403 824 471 vernaculis,
855 400 1128 457 obediens
1156 414 1387 468 semper
1405 397 1644 461 exstitit,
1669 403 1725 451 et
1745 397 1812 451 ad
1845 403 1896 466 Λ
1931 399 2182 453 mentius
2214 391 2723 463 laborantes,alias
2751 390 3168 462 ingrediuntur
3187 387 3351 456 vias;
3371 389 3437 443 et
3457 385 3574 456 jnm

174 498 409 568 publica
435 495 666 565 negotia
695 489 996 547 humiliter
1017 489 1323 559 expeditus
1344 487 1417 542 ob
1442 486 1819 541 reverentiam

172 584 394 641 domini
428 583 680 647 comitis,
715 582 813 652 qui
844 594 967 634 eam
1020 577 1291 631 miserata
1348 583 1397 630 et
1435 579 1603 629 tantoe
1660 572 1821 645 lega-

170 675 346 731 tionis
376 671 743 743 dignitatem,
772 670 842 725 ad
867 672 1198 739 equestrem
1225 665 1510 736 promovit
1531 663 1818 731 ordinem,

171 779 335 819 arma
363 762 413 817 ei
442 761 748 816 conserens
779 757 1035 813 militari.
1079 757 1209 810 Haec
1256 763 1568 826 postquam
1602 753 1820 809 nostris

170 851 267 923 qui
300 851 358 906 in
390 849 761 921 expeditione
782 853 970 914 erant,
1005 850 1302 915 comperta
1334 848 1487 911 sunt,
1521 841 1726 897 erectis
1759 842 1817 897 in

170 941 383 995 coelum
421 938 716 1003 manibus,
750 940 1050 1006 coeperuut
1108 932 1362 995 laudare,
1400 931 1732 986 benedicere
1764 934 1821 987 et

167 1030 495 1101 glorificare
528 1029 717 1090 Deum,
749 1025 847 1096 qui
877 1023 1145 1085 terribilis
1173 1030 1253 1078 est
1287 1026 1344 1076 in
1382 1020 1627 1077 consiliis
1655 1037 1820 1092 super

165 1118 310 1186 filios
343 1118 631 1171 hominum
679 1115 861 1185 (Psal.
902 1129 1027 1178 bxv,
1063 1113 1136 1182 4).
1168 1112 1330 1167 Tunc
1388 1112 1627 1165 demum
1696 1109 1817 1164 zelo

170 1207 387 1275 majore
427 1220 708 1259 accensus
751 1208 946 1256 noster
1004 1201 1311 1267 exercitus,
1344 1202 1507 1270 quasi
1542 1199 1819 1268 reparatis

167 1294 411 1357 viribus,
432 1289 1303 1362 receptoquedenuospiritu,ad
1337 1304 1486 1357 opus
1520 1288 1816 1354 inceptum

168 1381 489 1436 ferventius
542 1377 883 1448 aecingitur,
925 1377 1258 1445 crebrisque
1306 1376 1819 1445 congressionibus

169 1485 403 1526 omnem
436 1467 694 1523 obsessis
720 1473 931 1537 negant
984 1465 1266 1536 requiem.
1288 1465 1453 1520 Cives
1480 1468 1692 1529 antean,
1712 1465 1818 1520 sli-

172 1558 380 1614 mentis
406 1558 531 1626 jam
592 1556 826 1627 penitus
884 1556 1274 1626 consumptis,
1336 1556 1484 1609 fame
1538 1553 1820 1624 periculo-

170 1648 403 1703 sissime
464 1644 815 1711 laborantes,
864 1659 997 1699 cum
1051 1645 1172 1712 jain
1240 1642 1400 1698 nulla
1437 1659 1539 1710 spe
1569 1643 1820 1697 subsidii

169 1734 523 1800 foverentur,
559 1732 866 1787 remissius
906 1748 966 1786 se
1021 1732 1333 1786 habebant.
1368 1731 1592 1786 Accidit
1622 1738 1814 1786 autem

170 1822 365 1889 semel,
401 1822 551 1892 quod
604 1821 843 1890 quidam
882 1822 1131 1888 juvenes
1182 1823 1250 1874 de
1299 1820 1549 1888 civitate,
1580 1821 1817 1874 natandi

169 1910 533 1965 habilitatem
568 1909 851 1963 habentes
885 1907 1155 1977 multam,
1186 1909 1256 1964 de
1289 1914 1453 1979 portu
1486 1908 1699 1979 egressi
1727 1908 1819 1962 in-

165 1999 399 2067 teriore,
420 2000 479 2054 in
512 1999 854 2053 exteriorem
882 1999 1073 2052 nando
1090 1997 1480 2068 pervenientes
1498 1998 1566 2052 ad
1591 1996 1815 2069 galeam

168 2087 354 2152 illam,
382 2104 555 2157 quam
583 2089 855 2157 superius
883 2086 1132 2141 diximus
1165 2085 1221 2140 in
1256 2088 1400 2141 mari
1433 2103 1666 2157 semper
1694 2103 1819 2141 esse

171 2182 453 2249 paratam,
487 2177 622 2230 fune
652 2192 828 2246 quem
883 2191 1077 2230 secum
1130 2176 1583 2245 deportaverant,
1627 2175 1815 2230 eidem

167 2266 412 2320 firmiter
442 2263 700 2333 alligato,
734 2264 936 2333 eisque
970 2263 1186 2328 incisis,
1222 2265 1435 2334 quibus
1465 2266 1628 2334 galea
1664 2270 1818 2318 tene·

169 2353 350 2408 batur
378 2353 585 2416 defixa,
621 2351 929 2406 redeuntes
959 2352 1015 2404 in
1051 2354 1253 2405 urbem
1286 2368 1481 2406 secum
1518 2356 1815 2420 coeperunt

170 2440 399 2496 trahere
431 2457 603 2510 quant
633 2440 879 2493 tirmiter
910 2440 1288 2509 alligaverant
1321 2455 1334 2493 τ
1367 2440 1519 2510 qood
1553 2441 1814 2494 videntes

170 2528 267 2600 qui
298 2527 358 2580 in
390 2526 643 2581 castellis
673 2531 839 2581 erant
868 2530 933 2580 ad
959 2526 1252 2597 speculam
1270 2527 1547 2598 deputati,
1567 2529 1818 2583 clamare

170 2620 488 2687 coeperunt,
521 2631 627 2685 quo
659 2617 890 2670 excitati
931 2616 1136 2683 nostri,
1167 2616 1238 2669 ad
1281 2616 1438 2669 littus
1470 2615 1814 2681 convolant;

170 2708 269 2761 sed
299 2778 303 2782 Ι
329 2709 646 2775 antequam
706 2705 776 2759 de
832 2705 1088 2758 remedio
1148 2703 1375 2774 plenius
1406 2704 1816 2771 deliberarent,

170 2794 392 2866 praefati
417 2794 662 2862 juvenes
693 2809 817 2848 eam
860 2793 1007 2847 infra
1058 2794 1263 2848 urbem
1289 2793 1408 2861 jam
1445 2799 1816 2863 receperant;

169 2899 299 2941 cum
330 2896 518 2937 autern
553 2881 609 2935 in
643 2898 709 2937 ea
769 2882 1031 2953 quinque
1070 2884 1172 2937 viri
1205 2888 1423 2946 essent,
1453 2883 1549 2951 qui
1586 2884 1655 2935 ad
1689 2884 1818 2951 ejus

169 2976 334 3028 erant
363 2971 685 3026 custodiam
718 2971 1001 3039 deputati,
1036 2987 1154 3026 uno
1196 2971 1411 3040 occis0,
1444 2970 1645 3042 reliqui
1671 2987 1821 3040 qua-

172 3071 300 3117 tuor
330 3076 389 3116 se
422 3061 478 3114 in
541 3078 698 3115 mare
759 3063 1079 3131 praecipites
1133 3062 1434 3128 dederunt,
1468 3063 1622 3116 uude
1680 3078 1818 3116 ena·

171 3151 370 3212 tande,
400 3151 467 3202 ad
502 3148 671 3203 littus
695 3155 1075 3219 pervenerunt
1109 3147 1451 3203 incolumes.

808 3253 1036 3308 CAPUT
1076 3253 1192 3307 Xll.

169 3342 485 3397 Ascalonitae
516 3344 740 3410 ilerum,
771 3341 904 3395 dum
952 3347 1133 3396 noster
1191 3344 1247 3396 in
1307 3341 1587 3397 obsidi'one
1640 3343 1822 3398 adhuc

242 3414 518 3468 detinetur
572 3417 869 3479 exercitus,
919 3419 1108 3484 partes
1151 3417 1368 3469 vastant
1419 3415 1820 3485 Hierosolymi-

245 3491 419 3540 ninas.

242 3593 419 3647 Porro
454 3589 798 3646 Ascalonitis
850 3591 1005 3646 velut
1060 3590 1277 3646 culices
1326 3590 1592 3663 inquieti,
1627 3591 1682 3645 in
1720 3607 1820 3646 no-

169 3680 339 3738 cendi
375 3679 669 3750 proposito
695 3689 1139 3749 perseverantes,
1174 3681 1434 3735 videntes
1457 3681 1611 3751 regni
1648 3681 1822 3736 robur

169 3770 325 3824 circa
353 3768 569 3840 Tyrum
596 3768 651 3822 in
672 3768 973 3824 obsidione
996 3769 1240 3824 detineri
1266 3786 1281 3836 ;
1306 3771 1595 3842 regionem
1625 3775 1819 3824 autem

171 3858 501 3911 universam
522 3855 728 3910 militia
744 3856 1437 3928 vacuam,irruptionibus
1454 3862 1775 3928 expositam
1802 3874 1818 3925 ;

171 3944 430 4000 collectis
465 3946 688 3998 viribus
716 3946 926 3999 iterum
951 3947 1020 3999 ad
1051 3955 1330 4001 montana
1372 3946 1579 4002 Judaeoe
1614 3948 1821 4001 unani-

173 4034 344 4088 miter
403 4034 839 4099 conscendunt3
890 4037 1089 4099 ibique
1155 4036 1320 4104 juxta
1371 4036 1817 4107 Hierosolymam

171 4124 541 4192 quinqueaut
566 4138 666 4176 sex
692 4122 1548 4184 milliaribusdistantem,Bilin
1574 4127 1818 4190 dictum,

169 4209 809 4280 locumaseptenlrione
834 4212 1087 4278 positum
1108 4215 1179 4265 ab
1201 4214 1397 4266 eadetn
1424 4213 1822 4286 Hierosolyma

173 4298 271 4365 qui
308 4296 1820 4370 hodiecelebriorivoeabuloMabomeriaappellatur,

173 4384 369 4438 subito
428 4383 709 4437 invadunt
764 4389 822 4437 et
875 4395 1164 4455 occupant
1219 4386 1536 4456 violenter-3
1587 4392 1822 4461 ejusque

172 4471 378 4529 incolis
402 4487 469 4526 ex
511 4473 762 4525 maxima
793 4477 955 4541 parte
994 4475 1360 4544 interemptis
1407 4475 1620 4546 gladio,
1653 4495 1821 4534 senes

174 4575 310 4616 cum
336 4557 679 4614 mulieribus
702 4565 756 4614 et
770 4562 1025 4630 parvulis
1055 4561 1114 4616 in
1137 4562 1345 4616 turrim
1369 4579 1431 4617 se
1454 4565 1816 4634 recipientes,

177 4650 377 4706 mortis
397 4653 709 4704 evaserunt
767 4650 1105 4709 discrimen.
1139 4651 1228 4708 Illi
1278 4668 1409 4709 vero
1442 4658 1625 4708 totam
1658 4659 1820 4725 adja-

174 4745 400 4794 centem
433 4737 721 4807 regionem
775 4737 977 4796 liberis
1021 4741 1390 4797 discursibus
1424 4749 1819 4815 peragrantes,

173 4826 414 4883 nomine
467 4827 920 4897 contradicente,
953 4845 1336 4902 quoscunque
1379 4830 1608 4888 obviam
1660 4849 1822 4904 repe·

175 4914 359 4983 riunt,
392 4923 488 4971 aut
517 4916 764 4972 vinculis
798 4920 1157 4992 mancipant,
1198 4923 1298 4974 aut
1326 4920 1673 4978 obtruncant
1694 4923 1820 4996 gla-

175 5003 313 5070 diis,
341 5003 401 5058 in
444 5004 824 5075 provinciales
863 5025 968 5080 pro
1036 5008 1219 5064 libero
1298 5009 1538 5067 arbitrio
1611 5010 1821 5070 debac-

176 5093 440 5152 chantes.

785 5205 1018 5262 CAPUT
1067 5205 1216 5261 xnl.

180 5302 334 5357 Cives
359 5300 536 5368 famis
565 5301 986 5368 importunitate
1035 5304 1323 5364 laborant:
1370 5303 1441 5357 ad
1488 5303 1825 5363 deditionem

244 5386 305 5425 ae
348 5380 688 5440 praeparant.
742 5375 1109 5449 Doldeqnmus
1170 5378 1228 5429 in
1293 5391 1479 5430 eorum
1522 5379 1826 5435 subsidium

245 5444 521 5510 properat,
544 5448 644 5497 sed
673 5446 952 5501 incassum
972 5464 990 5501 .·
1028 5447 1231 5502 nostris
1268 5445 1464 5502 civitas
1493 5452 1822 5518 resiynatur.

251 5543 477 5602 Interea
534 5547 690 5617 Tyrii
746 5553 919 5608 ramis
959 5551 1404 5624 importunitate
1449 5555 1622 5612 solito
1659 5560 1828 5617 vehe-

1931 503 2033 558 per
2056 485 2463 543 conventicula
2491 486 2786 546 coeuntes,
2819 484 3067 536 tractare
3100 476 3418 548 incipiunt,
3441 490 3582 545 quo·

1933 578 2104 631 modo
2128 576 2219 631 his
2250 574 2532 630 molestiis
2549 588 2693 643 quas
2717 570 3034 641 patiuntur,
3059 565 3577 636 finemimpouaut3

1931 664 2295 721 commodius
2317 680 2445 720 esse
2475 663 2749 730 dicentes,
2784 659 2925 716 urbe
2953 656 3230 715 hostibus
3245 654 3486 721 tradita,
3509 652 3577 709 ad

1931 753 2097 822 alias,
2131 753 2364 823 liberos,
2396 770 2510 808 suae
2559 752 2751 825 gentis
2790 748 3056 805 civitates
3096 760 3274 819 posse
3306 742 3574 812 transire,

1931 860 2106 916 quam
2168 845 2316 899 fame
2366 843 2895 911 tabescere3quam
2946 852 3156 893 uxores
3185 851 3327 891 cum
3359 832 3574 899 liberis,

1930 931 2074 1003 ipsis
2112 931 2503 998 cernentibus,
2540 946 2643 985 nec
2690 944 2857 1000 opem
2884 929 3027 984 ferre
3055 924 3413 984 valentibus.
3445 922 3572 978 ino-

1931 1024 2026 1094 pia
2055 1021 2357 1093 liquefieri.
2393 1021 2651 1076 Tandem
2700 1024 2830 1090 post
2861 1013 3198 1086 hujusmodi
3241 1029 3347 1085 per
3378 1012 3574 1067 turbas

1929 1117 2224 1178 tractatus,
2258 1110 2493 1166 verbum
2518 1112 2590 1165 de
2606 1109 2901 1165 communi
2925 1120 3218 1162 consensu
3237 1101 3311 1158 ad
3331 1104 3576 1171 majores

1930 1206 2093 1270 natu,
2112 1210 2165 1257 et
2199 1201 2357 1256 urbis
2389 1201 2785 1255 moderatores
2806 1201 2864 1252 et
2884 1196 2952 1251 ad
2977 1194 3271 1266 publicum
3296 1191 3573 1248 defertur.

1930 1293 2403 1362 Congregataque
2419 1290 2656 1344 civitate
2687 1285 3238 1352 universa,verbum
3266 1280 3325 1336 iu
3345 1279 3576 1351 publico

1927 1381 2212 1436 auditorio
2245 1377 2588 1450 proponitur
2630 1380 2688 1432 et
2745 1378 3028 1430 tractator
3055 1373 3420 1444 diligentius.
3454 1368 3580 1425 Stat

1929 1469 2203 1524 omnibus
2234 1467 2539 1533 sententia,
2573 1466 2751 1521 tantis
2775 1463 2945 1519 malis
2966 1463 3146 1518 finem
3169 1462 3578 1531 imponere;et

1927 1574 2277 1632 quocunque
2324 1572 2482 1625 casu,
2522 1555 2993 1627 quibuscumque
3031 1548 3472 1606 conditionibus
3506 1548 3574 1603 ad

1928 1647 2304 1704 obtinendam
2341 1661 2541 1717 pacem
2578 1643 3055 1716 perveniendum.
3084 1639 3578 1695 PorroDamasce-

1930 1752 2139 1792 norum
2172 1752 2293 1803 rex,
2318 1736 2530 1790 civium
2577 1733 2911 1789 calamitate
2970 1737 3368 1801 permotnS,et
3426 1727 3576 1799 quod

1926 1841 2199 1895 supremo
2252 1825 2475 1878 defectu
2510 1821 2839 1877 laborarent
2881 1819 3150 1886 audiens,
3180 1832 3386 1872 eorum
3417 1829 3577 1871 com-

1927 1931 2137 1986 passus
2194 1911 2500 1977 molestiis,
2535 1910 2864 1967 convocatis
2923 1907 3184 1979 undique
3224 1903 3582 1961 militaribus

1928 2004 2133 2075 copiis,
2168 2004 2237 2057 ad
2300 2018 2458 2058 mare
2510 2001 2833 2067 deseendit,
2870 1998 2967 2054 ubi
3026 2004 3083 2054 et
3133 1996 3298 2067 prius
3354 1996 3577 2064 suerat;

1929 2094 2083 2149 circa
2104 2091 2336 2148 fluvium
2370 2091 2499 2147 urbi
2533 2091 2815 2162 prtedictae
2839 2087 3577 2142 vicinumcastrametatur.

1930 2182 2093 2249 Quod
2154 2181 2458 2236 audientes
2516 2180 2722 2248 nostri,
2770 2181 3107 2249 suspectum
3142 2174 3428 2230 habentes
3455 2173 3581 2241 ejus

1931 2273 2265 2337 adventum,
2298 2273 2511 2325 iterum
2536 2285 2598 2324 se
2627 2270 2949 2333 instruunt,
2982 2264 3150 2335 quasi
3185 2262 3452 2335 prolium
3478 2278 3580 2333 pro

1931 2361 2153 2415 roribus
2182 2364 2582 2429 exspectantes
2617 2375 2631 2425 ;
2665 2357 2796 2412 urbi
2846 2361 3060 2421 tamen,
3094 2354 3464 2424 propositum
3498 2350 3580 2406 ni-

1930 2446 2253 2503 hilominus
2282 2464 2392 2501 non
2429 2447 2781 2506 deserentes.
2804 2447 3029 2500 instant
3050 2443 3440 2497 incessanter.
3465 2440 3582 2495 Rex

1929 2537 2160 2591 interim
2186 2537 2674 2592 Damascenorum
2732 2534 2973 2606 legatos,
2993 2547 3127 2588 cum
3155 2533 3350 2586 verbis
3386 2529 3582 2601 pacili-

1930 2627 2034 2692 cis,
2069 2625 2139 2679 ad
2203 2627 2383 2680 nostri
2431 2626 2766 2696 capitaneos
2814 2623 3121 2690 exercitus,
3153 2622 3220 2677 ad
3276 2620 3578 2675 dominum

1929 2713 2194 2769 videlicet
2210 2713 2624 2785 patriarcham,
2646 2714 2713 2767 ad
2739 2713 3042 2767 dominum
3068 2711 3279 2765 ducem
3300 2707 3582 2777 Venetiae,

1929 2805 1999 2860 ad
2034 2803 2336 2858 (lominum
2371 2804 2641 2858 comitem
2673 2802 3119 2874 Tripolitanum,
3151 2801 3220 2856 ad
3271 2801 3582 2856 dominum

1930 2893 2289 2947 Willelmum
2322 2894 2392 2947 de
2425 2892 2590 2947 Buris
2618 2896 2672 2947 et
2704 2893 2773 2946 ad
2807 2891 3061 2961 reliquus
3091 2888 3256 2963 regui
3290 2904 3584 2961 proceres,

1928 2984 2129 3055 dirigit
2160 2984 2311 3038 viros
2344 2986 2658 3054 prudentes
2688 2987 2743 3038 et
2773 2981 3070 3046 discretos,
3106 2979 3203 3052 qui
3235 2979 3390 3035 viam
3426 2977 3587 3051 pacis

1934 3080 2359 3146 praetentarent.
2408 3073 2660 3128 Tandem
2710 3080 2842 3145 post
2892 3073 3103 3127 multas
3151 3069 3584 3135 altercationes,

1936 3164 2082 3234 parti
2119 3163 2336 3233 placuit
2367 3164 2624 3235 utrique,
2646 3172 2704 3216 ut
2736 3177 3009 3217 concesso
3031 3160 3257 3216 civibus
3285 3176 3420 3215 cum
3449 3175 3588 3215 uxo-

1929 3255 2093 3308 ribus
2124 3258 2182 3306 et
2215 3252 2430 3318 liberis,
2460 3257 2517 3306 et
2547 3252 2705 3306 omni
2739 3250 3068 3305 substantia
3097 3265 3338 3320 egressu
3375 3247 3584 3317 libero,

1929 3342 2132 3398 civitas
2164 3339 2515 3395 Christianis
2575 3340 2857 3395 tradatur.
2881 3340 2939 3394 Si
2990 3339 3088 3410 qui
3121 3343 3320 3393 autem
3353 3338 3429 3393 de
3451 3336 3592 3392 civi-

1932 3431 2037 3486 bus
2072 3432 2126 3484 in
2162 3432 2361 3484 eadem
2396 3430 2629 3485 civitate
2673 3430 2858 3501 magis
2903 3432 3173 3499 optarent
3203 3427 3589 3496 commorari,

1929 3519 2025 3584 iis,
2057 3519 2231 3574 salvis
2255 3520 2722 3590 possessionibus
2755 3523 2811 3574 et
2851 3516 3180 3584 domiciliis»,
3216 3515 3397 3572 libera
3428 3532 3590 3572 com·

1931 3609 2200 3663 morandi
2262 3607 2494 3663 licentia
2549 3607 2925 3663 concedatur.
2959 3605 3219 3676 Populus
3269 3615 3497 3661 sancet
3524 3621 3588 3661 se

1931 3697 2135 3754 euodes
2166 3695 2374 3752 classis
2431 3695 3132 3767 homines,intelligentcs
3188 3694 3346 3766 quod
3377 3693 3474 3750 his
3493 3692 3581 3750 ci·

1933 3787 2079 3839 vitas
2110 3785 2543 3840 conditionibus
2601 3783 2948 3853 traderetur,
2973 3783 3128 3856 quod
3161 3785 3232 3838 de
3263 3782 3374 3838 hoc
3406 3783 3581 3838 verbo

1932 3874 2085 3929 inter
2118 3875 2403 3944 principes
2449 3878 2796 3929 tractaretur
2834 3890 2981 3944 aegre
3006 3875 3274 3937 ferentes,
3307 3872 3584 3943 quodque

1931 3964 2211 4019 violenter
2241 3963 2474 4017 effracta
2502 3965 2586 4018 eis
2618 3965 2687 4017 ad
2724 3962 3031 4018 manubias
3073 3971 3124 4017 et
3169 3963 3430 4033 praedam
3465 3977 3581 4016 uon

1934 4058 2176 4124 pateret.
2208 4068 2415 4122 operas
2451 4053 2806 4108 unanimiter
2854 4050 3075 4107 bellicis
3126 4050 3582 4106 necessitatibus
3609 4039 3624 4050 ’

1933 4143 2276 4198 subtrahere
2327 4143 2724 4205 decreverunt,
2758 4141 2945 4211 parati
2988 4157 3020 4194 a
3052 4138 3422 4210 principibus
3453 4154 3580 4194 om·

1934 4233 2071 4286 nino
2103 4231 2446 4296 dissentire3
2483 4229 2782 4301 praevaluit
2834 4235 3028 4284 tamen
3090 4229 3380 4298 majorum
3417 4242 3585 4283 mens

1933 4323 2170 4386 sanior;
2202 4326 2259 4375 et
2308 4323 2450 4375 urbe
2508 4326 2757 4391 recepta,
2787 4321 2922 4376 data
2978 4323 3067 4375 est
3125 4319 3353 4374 civibus
3397 4317 3585 4373 libera

1933 4408 2288 4480 egrediendi,
2347 4411 2498 4465 sicut
2556 4413 2739 4481 pactis
2802 4413 3151 4466 convenerat
3203 4408 3473 4464 facultas.
3518 4409 3584 4464 lu

1853 4505 1901 4567 n
1932 4500 2166 4569 signum
2199 4515 2335 4571 ergo
2366 4497 2615 4553 victoriae
2647 4514 2822 4569 super
2845 4515 2974 4555 eam
2996 4496 3379 4570 turrim,quoe
3405 4503 3583 4569 portas

1928 4587 2173 4642 civitatis
2196 4586 2486 4652 imminet,
2530 4587 2786 4656 positum
2830 4594 2915 4644 est
2946 4587 3178 4644 Domini
3212 4586 3367 4658 regis
3397 4585 3583 4642 vexil-

1927 4674 2049 4731 lum
2079 4692 2094 4744 ;
2137 4690 2310 4747 super
2350 4689 2476 4729 eam
2506 4678 2700 4730 autem
2720 4691 2849 4747 quae
2871 4676 3086 4732 dicitur
3102 4675 3325 4744 viridis,
3356 4673 3587 4730 domini

1929 4766 2097 4820 ducis
2125 4763 2413 4830 Venetise;
2448 4779 2623 4835 super
2649 4780 2779 4821 eam
2802 4770 2994 4822 autem
3020 4781 3150 4837 quae
3170 4764 3386 4821 dicitnr
3403 4762 3588 4819 turris

1928 4851 2208 4917 Tanarioe,
2241 4849 2462 4906 domini
2520 4853 2752 4908 comitis
2807 4853 3167 4925 Tripolitani,
3215 4867 3348 4909 cum
3399 4851 3588 4908 multa

1930 4938 2117 5015 gloria
2145 4942 2284 4995 sunt
2312 4937 2594 4995 collocata
2645 4940 2874 4997 vexilla.
2925 4943 3099 4999 Porro
3131 4940 3470 5015 priusquam
3502 4939 3586 4995 ci·

1928 5029 2075 5086 vitas
2104 5032 2206 5084 aut
2236 5032 2543 5100 caperetur
2572 5033 2673 5084 aut
2730 5030 3115 5092 obsideretur,
3149 5030 3404 5086 maxima
3447 5044 3586 5101 pars

1932 5121 2061 5190 ejus
2092 5116 2402 5174 dioeceseos
2424 5117 2482 5172 in
2514 5122 2843 5175 nostrorum
2873 5118 3185 5177 devenerat
3212 5120 3579 5191 potestatem:

1930 5209 2009 5264 ita
2049 5207 2201 5279 quod
2234 5206 2434 5262 omnia
2467 5209 2743 5262 montana
2761 5224 2892 5280 quae
2913 5210 3042 5265 urbi
3062 5211 3349 5279 adjacent,
3380 5205 3583 5262 tamin

1933 5297 2139 5353 castris
2169 5311 2336 5367 quam
2362 5295 2418 5349 in
2453 5295 2770 5363 suburbiis,
2797 5313 2943 5369 pene
2974 5314 3163 5369 usque
3192 5299 3260 5351 ad
3288 5294 3582 5350 Libanum

1934 5386 2171 5441 buldam
2205 5376 2432 5440 nobilis‘
2460 5389 2519 5439 et
2568 5390 2771 5455 potens
2813 5388 3010 5455 homo,
3043 5390 3140 5457 qui
3188 5388 3248 5442 in
3281 5385 3586 5442 montibus

1937 5475 2255 5538 habitabat,
2287 5472 2610 5529 llenfredus
2641 5473 2909 5531 videlicet
2935 5480 3007 5532 de
3050 5477 3301 5543 Torono,
3326 5473 3584 5542 iunioris

1935 5561 2230 5628 Henfredi,
2261 5560 2357 5633 qui
2411 5565 2612 5632 postea
2658 5563 2849 5622 sactus
2877 5569 2966 5623 est
2991 5564 3185 5638 regius
3211 5559 3586 5621 constabula-
