3784 6000
81 306 87 315 -
80 116 101 255 --.-
80 76 97 93 ιο

85 2470 101 3576 ------“ῂ-.“*--
90 2064 107 2425 -κω--υ-
90 1980 99 1993 ο
92 1938 99 1945 ι

200 244 273 307 89
1704 254 2126 319 EPISTOLAE.

198 379 499 438 debilitate
514 382 609 454 plu
618 382 769 439 rima
777 383 1001 440 circum
1016 387 1548 458 ventus,qnantnm
1567 387 1860 446 estimare
1887 392 1944 458 A

200 486 521 543 possumus
550 472 623 527 ad
652 476 907 528 vestram
940 488 1056 529 non
1100 482 1297 544 posset
1328 476 1693 549 presentiam
1724 494 1865 548 per-

200 560 417 616 venire.
446 559 643 632 Super
661 576 731 617 eo
763 569 958 618 antem
989 577 1095 635 pro
1116 578 1231 635 quo
1262 564 1588 637 graviorem
1610 570 1670 623 et
1696 566 1862 624 vobis

199 648 415 721 placuit
466 650 726 723 irrogare
774 651 1151 720 sententiam,
1203 660 1489 726 qnantum
1534 656 1605 712 de
1649 657 1860 714 intimo

198 739 568 796 conscientia
584 740 740 811 eJus,
753 744 1040 812 quantum
1054 742 1127 798 de
1144 743 1477 812 opiniones!
1488 746 1861 803 attestatione

198 828 452 900 publica,
485 838 774 901 quantum
805 830 881 885 de
916 834 1149 903 propria
1178 832 1606 890 existimatione
1632 850 1856 907 prnsu-

197 920 441 984 mimus,
460 920 623 990 quod
652 920 725 975 ad
761 920 979 976 tactum
1000 920 1145 977 illud
1178 920 1553 980 lamentabile
1583 923 1855 995 pertinet,

196 1008 435 1065 omnino
476 1006 1201 1066 credimusinnocentem:
1232 1011 1370 1083 quia
1419 1027 1525 1068 nec
1578 1012 1859 1070 honestas

197 1096 478 1165 hominis,
513 1113 621 1153 nec
641 1097 899 1155 liberalis
930 1099 1112 1155 animi
1140 1103 1281 1157 nota
1312 1102 1718 1170 mansuetudo,
1752 1119 1858 1161 nec

196 1185 331 1241 adeo
376 1191 467 1243 tot
515 1186 831 1243 informata
885 1187 1282 1259 temporibus,
1315 1196 1395 1246 tot
1439 1191 1857 1263 experimentis

196 1275 363 1333 ultius
390 1275 634 1333 erudita
662 1276 885 1350 providi
935 1278 1097 1335 senis
1139 1279 1458 1352 prudentia
1489 1280 1854 1341 descivisset.

196 1364 363 1422 Porro
392 1364 675 1423 voluntas
723 1364 825 1422 illa
852 1367 927 1422 ab
962 1366 1057 1423 his
1085 1382 1121 1423 a
1140 1367 1361 1439 quibus
1382 1384 1531 1441 opus
1560 1369 1704 1427 illud
1728 1375 1847 1429 tam

196 1453 487 1511 malitiose
514 1455 908 1512 commissum
942 1460 1053 1522 est,
1090 1457 1254 1513 omni
1286 1458 1480 1514 studio
1516 1461 1857 1518 servabatur

198 1544 564 1614 abscondita,
626 1561 699 1603 ne
744 1547 1099 1618 cujusquam
1164 1550 1532 1621 prescientia
1586 1552 1853 1625 concepti

200 1634 462 1692 maleficii
486 1634 840 1708 praepediret
858 1634 1299 1706 effectum.Quis
1321 1655 1458 1696 vero
1479 1640 1576 1711 qui
1598 1641 1853 1713 ejusmo-

199 1723 249 1779 di
276 1723 521 1781 malitias
550 1724 921 1796 concepisset
950 1726 1223 1783 affectum
1256 1743 1518 1799 persono
1549 1729 1853 1802 cuiquam,

201 1813 513 1885 presertim
542 1812 951 1871 ecclesiastica!
980 1814 1282 1883 revelaret,
1299 1832 1433 1874 cum
1465 1818 1655 1874 nonin
1674 1820 1852 1878 unius

202 1908 417 1962 tantum
462 1909 647 1977 caput
683 1904 892 1978 stringi
928 1906 1182 1978 gladius,
1213 1910 1316 1965 sed
1358 1908 1418 1966 in
1450 1911 1733 1968 cervicem
1763 1916 1855 1969 to-

90 1996 111 2051 '-.
204 1995 307 2051 tius
350 1994 627 2051 Ecclesiae
667 1995 979 2053 videretur.
1010 1996 1282 2054 Vidimus
1327 2013 1435 2056 nos
1457 2000 1641 2057 virum
1672 2001 1850 2057 istum

204 2101 293 2157 pro
323 2101 441 2158 quo
478 2084 813 2154 scribimus,
843 2085 904 2141 in
943 2085 1111 2144 initio
1152 2090 1512 2159 tempestatis
1540 2089 1691 2147 inter
1714 2107 1847 2149 coe-

202 2174 459 2246 piscopos
480 2190 663 2245 scopo
694 2174 779 2229 illi
809 2175 1126 2232 studiosius
1155 2176 1574 2245 adherentem,
1595 2180 1849 2238 multas-

200 2278 295 2335 que
324 2263 582 2335 injurias
616 2280 720 2335 pro
761 2263 1031 2321 libertate
1062 2264 1334 2322 Ecclesia!
1354 2272 1412 2324 et
1445 2267 1633 2338 ipsius
1656 2272 1848 2341 gratia

199 2350 522 2423 pertulisse.
553 2352 696 2418 Quas
717 2368 859 2408 sane
878 2352 932 2408 ei
962 2354 1119 2425 apud
1148 2370 1280 2411 eum
1305 2358 1687 2426 perseveravit
1710 2376 1845 2432 gra-

200 2443 283 2513 tia,
312 2441 507 2499 donec
544 2441 910 2515 Reginaldus
939 2442 1406 2515 archidiaconus,
1459 2447 1557 2518 qui
1605 2447 1740 2506 huic
1777 2467 1845 2507 ea

198 2544 359 2602 qnam
389 2528 561 2586 scitis
612 2527 789 2586 etiam
834 2530 1143 2602 sanguinis
1190 2531 1497 2590 affectione
1534 2535 1846 2594 devinctae

198 2624 293 2683 est.
322 2618 633 2693 regalibus
665 2620 1036 2692 mancipatus
1064 2620 1387 2694 obsequiis,
1420 2623 1631 2697 regalia
1670 2629 1846 2701 coepit

196 2708 257 2763 ad
298 2724 396 2765 vos
434 2708 720 2764 mandata
771 2707 1018 2781 deferre,
1065 2724 1199 2781 qun
1247 2709 1601 2771 utilitatibus
1658 2715 1844 2771 archi-

196 2798 444 2870 episcopi
466 2796 932 2854 credebanturin
948 2797 1512 2870 aliquibusobviare.
1535 2801 1840 2861 Decretum

194 2890 273 2943 est
296 2885 489 2959 igitur
516 2889 745 2959 patrem
768 2887 980 2960 punire
1014 2902 1115 2960 pro
1145 2887 1376 2957 filio,ut
1404 2905 1537 2947 eum
1566 2892 1639 2948 ab
1670 2895 1843 2951 obse-

194 2974 334 3048 qniis
362 2973 496 3032 illis
526 2973 757 3049 paterni
797 2975 1127 3049 compassio
1174 2976 1395 3036 doloris
1422 2986 1724 3051 averteret,
1751 2983 1838 3040 vel

190 3065 245 3122 in
270 3071 599 3138 utrumqne
625 3066 856 3138 gravior
889 3066 1310 3125 animadversio
1340 3069 1680 3129 vindicaret.
1712 3072 1839 3130 Uti-

190 3169 313 3211 nam
342 3153 447 3212 ille
478 3152 585 3211 seli
610 3155 893 3212 servorem
919 3161 1300 3228 temperasset
1318 3159 1391 3213 ad
1421 3163 1677 3230 tempus,
1698 3161 1836 3233 quia

190 3243 239 3298 in
258 3257 443 3301 causa
484 3242 757 3299 Ecclesia
788 3259 967 3316 quam
986 3249 1317 3318 susceperat
1335 3246 1532 3304 solerti
1557 3265 1835 3307 mansue-

190 3333 381 3390 tudine
408 3333 631 3390 utilius
667 3333 949 3405 prolicere
972 3334 1173 3406 potuit,
1198 3334 1249 3391 si
1272 3336 1552 3407 pacificus
1576 3345 1733 3396 esset
1754 3341 1840 3396 ln·

190 3439 417 3496 gressus
449 3425 607 3494 ejus,
638 3425 686 3479 si
718 3439 857 3480 suas
894 3423 1186 3482 vindicare
1213 3425 1833 3502 distulissetoffensas,

190 3529 357 3584 neque
378 3512 716 3584 repentinis
750 3513 1223 3572 infestationibus
1245 3516 1511 3587 jucunda
1548 3534 1705 3575 novae
1735 3537 1835 3577 co-

190 3617 329 3658 rona
364 3601 597 3674 gaudia
638 3602 1043 3674 demigrasset.
1077 3603 1226 3660 Sane
1253 3603 1325 3661 de
1353 3621 1420 3662 ec
1450 3607 1607 3677 qnod
1636 3608 1707 3664 de
1735 3625 1837 3666 cc·

188 3705 318 3746 rona
338 3693 575 3747 factum
604 3693 714 3757 est,
747 3689 1006 3762 episcopi
1026 3706 1211 3762 neque
1236 3696 1400 3754 tunc.
1434 3709 1539 3750 nec
1560 3695 1753 3753 adbuc
1774 3713 1837 3754 se

188 3781 423 3836 credunt
456 3779 521 3835 in
541 3777 739 3851 aliquo
761 3777 1103 3850 deliquisse.
1126 3780 1287 3852 quia,
1310 3781 1665 3853 sicutaiunt,
1687 3785 1841 3843 litte-

186 3884 373 3924 rarum
412 3873 746 3925 vestrarum
790 3869 1084 3939 praecessit
1140 3869 1470 3946 auctoritas,
1503 3877 1561 3929 et
1615 3889 1716 3931 eos
1762 3875 1833 3930 ad

184 3957 277 4014 hcc
296 3959 503 4030 ipsum
530 3955 739 4013 multis
768 3956 1056 4028 exemplis
1099 3959 1427 4032 antiquitas
1456 3961 1837 4021 informabat.

183 4047 231 4105 Si
250 4053 451 4104 tamen
506 4046 570 4102 in
626 4045 737 4103 boc
793 4061 894 4103 eos
944 4046 1140 4119 aliqua
1187 4047 1247 4103 in
1306 4053 1466 4121 parte
1514 4050 1837 4124 deliquisse

184 4139 495 4204 constaret,
527 4134 733 4192 delicti
784 4139 981 4192 tamen
1031 4137 1331 4208 quantitas
1366 4138 1646 4197 bonitatis
1692 4158 1835 4213 apo-

185 4227 389 4283 stolic·
425 4225 890 4282 misericordiam
918 4241 1033 4281 non
1065 4227 1393 4296 excedit3et
1415 4227 1488 4284 de
1507 4230 1728 4300 reliquo
1750 4247 1834 4289 se·

186 4317 437 4373 eundum
470 4314 845 4386 assignatum
868 4335 900 4370 a
921 4315 1223 4373 sanctitate
1251 4321 1442 4374 vestra
1474 4320 1737 4388 modum,
1765 4322 1833 4377 de

182 4405 351 4477 buius
374 4403 723 4460 innocentia
769 4403 1084 4476 diligentias
1110 4410 1315 4462 vestris
1342 4411 1566 4464 remota
1594 4425 1835 4478 prorsus

3537 258 3620 321 90

2126 494 2199 535 an
2237 494 2628 537 aamswmms
2658 496 3057 539 noviomae!
3095 498 3435 541 sriscoruu.

2043 570 2438 625 veneruntad
2479 586 2583 625 nos
2629 571 2960 628 sacerdotes
2990 572 3226 643 qnidam
3266 573 3339 628 de
3384 573 3610 644 episco-

1968 661 2104 728 patu
2127 662 2349 724 vestro,
2378 674 2524 729 quos
2556 660 2628 715 ad
2661 658 3058 718 fraternitates
3071 662 3534 730 constituendas,
3557 669 3614 719 et

1969 744 2270 803 faciendas
2299 747 2576 804 collectas
2600 749 2669 803 ad
2702 749 3214 807 reedificationem
3236 750 3490 809 ecclesio
3507 769 3613 809 nc·

1966 839 2125 903 strae,
2146 836 2286 908 quia
2308 836 2474 909 periti
2488 840 2546 893 et
2575 836 2841 894 instructi
2864 854 3041 911 super
3064 839 3402 911 hujusmodi
3418 841 3614 897 cilicio

1966 925 2331 995 dicebantur,
2363 926 2642 984 duximus
2690 927 3043 984 retinendos.
3068 927 3217 985 Cum
3247 932 3446 986 autem
3479 944 3614 1002 per-

1966 1014 2210 1071 lustrato
2228 1015 2570 1087 episcopatu
2586 1016 2735 1088 apud
2758 1032 2865 1073 nos
2878 1017 3218 1089 aliquandiu
3233 1019 3608 1087 resedissent,

1966 1118 2172 1160 omnes
2219 1104 2337 1160 l’ere
2383 1104 2554 1175 quasi
2601 1105 2749 1161 facto
2781 1106 3013 1178 agmine
3062 1108 3197 1178 luga
3246 1108 3611 1169 clandestina

1963 1191 2377 1249 discesserunt.
2411 1192 2501 1249 Me
2547 1194 2783 1265 quidem
2843 1194 2958 1267 (41)
3009 1195 3067 1251 in
3124 1212 3360 1253 summa
3389 1199 3610 1270 majore

1965 1296 2077 1336 xxx
2111 1279 2392 1338 librarum
2440 1283 2562 1338 suis
2603 1284 2976 1355 fidejussorio
3007 1284 3246 1342 nomine
3279 1286 3607 1361 obligatum

1964 1370 2347 1427 creditoribus
2369 1371 2783 1445 relinquentes,
2803 1389 2947 1443 quas
2965 1389 3075 1446 ego
3104 1374 3384 1432 nimirum
3401 1392 3609 1435 omnes

1964 1466 2192 1516 servata
2221 1460 2631 1531 promissionis
2660 1477 2801 1518 mea
2832 1463 3073 1520 veritate
3105 1465 3374 1534 persolvi.
3410 1466 3526 1524 Sed
3551 1470 3612 1525 et

1962 1545 2133 1604 latori
2209 1550 2583 1619 presentium
2643 1549 2708 1606 R.
2778 1550 3066 1608 sacerdoti
3134 1556 3333 1609 nostro
3399 1556 3605 1613 eadem

1961 1637 2162 1693 fraude
2209 1654 2317 1692 ιιι
2367 1638 2586 1695 solidos
2624 1639 3016 1707 abstulerunt,
3069 1657 3201 1698 cum
3270 1643 3383 1715 ipsi
3438 1645 3607 1703 nobis

1962 1726 2133 1781 tactis
2187 1727 2574 1784 sacrosanctis
2605 1728 2930 1800 Evangeliis
2959 1730 3362 1799 juramentum
3397 1748 3606 1806 corpo·

1963 1812 2099 1885 rale,
2132 1829 2195 1871 se
2227 1815 2399 1872 tidem
2433 1816 2641 1872 bonam
2675 1817 2845 1873 nobis
2874 1823 3204 1877 servaturos
3231 1820 3293 1876 in
3320 1825 3604 1881 totaexse-

1952 1905 2188 1961 cutione
2219 1904 2458 1977 negotii.
2486 1907 2911 1977 praestitissent.
2943 1907 3134 1980 Super
3174 1926 3293 1980 quo
3321 1910 3605 1969 charissi-

1958 2008 2114 2049 mam
2154 1993 2321 2049 nobis
2363 1995 2783 2051 fraternitatem
2810 2000 3059 2052 vestram
3092 1998 3368 2055 obnixius
3397 2015 3600 2056 exora·

1953 2097 2109 2148 mus,
2141 2098 2259 2139 non
2286 2092 2398 2139 tam
2428 2098 2570 2139 sane
2601 2085 3096 2155 recuperationem
3122 2087 3385 2156 pecunia
3415 2102 3596 2159 quam

1950 2171 2267 2228 vindictam
2320 2176 2492 2228 tantae
2547 2171 2769 2229 fraudis
2815 2177 2873 2229 et
2902 2172 3130 2243 inJ'uriae
3152 2181 3596 2248 persequentes,

1956 2265 2021 2316 ut
2051 2261 2222 2317 nobis
2245 2259 2480 2331 justitia
2505 2263 2700 2318 vestra
2716 2261 2988 2319 satisfieri
3048 2263 3316 2330 saciat,et
3368 2269 3596 2323 tantum

1953 2349 2173 2407 crimen
2203 2349 2709 2407 animadversione
2727 2350 2926 2407 debita
2954 2352 3279 2422 corrigatis.

2179 2543 2254 2582 An
2293 2543 2556 2585 minima
2595 2545 2990 2585 senonensem
3028 2546 3368 2588 :ruscorum

2021 2617 2208 2689 Super
2235 2633 2414 2674 causa
2445 2634 2571 2689 qua
2593 2618 2748 2674 inter
2776 2634 2883 2674 nos
2904 2623 2962 2675 et
2989 2619 3254 2676 abbatem
3287 2619 3453 2677 illum
3476 2636 3594 2680 ver-

1947 2705 2115 2774 titur,
2146 2705 2516 2763 dilectionem
2548 2715 2798 2763 vestram
2834 2709 2907 2763 ad
2939 2723 3195 2779 presens
3215 2724 3333 2765 nou
3362 2715 3592 2783 oportet

1945 2810 2073 2852 esse
2095 2795 2428 2863 sollicitam,
2450 2797 2592 2867 quia
2620 2812 2723 2852 vos
2743 2812 2850 2853 nec
2869 2796 3145 2853 infestum
3179 2798 3449 2871 principi,
3484 2815 3590 2857 nec

1944 2882 2238 2956 ingratum
2287 2884 2484 2940 abbati
2525 2885 2762 2941 reddere
2810 2891 3080 2942 volumus
3132 2893 3231 2942 aut
3285 2886 3585 2946 debemus.

1944 2974 2112 3045 Apud
2169 2973 2347 3031 alium
2406 2973 2769 3031 decrevimus
2814 2975 3081 3048 experiri,
3104 2991 3277 3047 quem
3328 2992 3443 3035 non
3465 2981 3586 3034 tam

1945 3063 2112 3120 facile
2131 3062 2219 3120 vel
2243 3070 2437 3121 metus
2461 3064 2780 3120 absterrere
2804 3066 3009 3137 possit,
3040 3066 3129 3124 vel
3153 3067 3388 3124 fallaces
3419 3069 3586 3125 blan-

1948 3151 2113 3208 diciae
2142 3153 2410 3210 delinire.
2441 3153 2607 3209 Sicut
2654 3157 2849 3210 autem
2886 3169 2958 3210 ex
3005 3154 3215 3212 litteris
3243 3162 3587 3230 promptum

1941 3247 2030 3297 est
2076 3241 2312 3309 intueri,
2344 3257 2718 3313 nequaquam
2747 3258 2850 3299 vos
2894 3243 2966 3299 ab
2995 3244 3369 3302 exsecutione
3400 3247 3592 3318 maior

1943 3329 2191 3386 retardat
2211 3331 2546 3399 auctoritas,
2579 3346 2768 3402 neque
2797 3332 3195 3389 necessitatem
3231 3334 3343 3390 nisi
3372 3334 3586 3392 volenti

1943 3417 2295 3490 supplicatio
2344 3419 2632 3490 precantis
2668 3419 2895 3477 indicit.
2918 3421 3082 3485 Quod
3117 3424 3166 3478 si
3199 3424 3271 3479 de
3291 3425 3591 3481 abbatissa

1942 3507 2104 3563 vobis
2132 3507 2285 3563 idem
2316 3513 2548 3564 constat
2584 3523 2712 3564 esse
2750 3511 3137 3580 propositum,
3173 3527 3276 3585 pro
3309 3512 3590 3571 beneflcio

1941 3596 2349 3667 reputabimus
2377 3596 2429 3653 si
2460 3613 2562 3653 nos
2593 3597 2936 3668 praemunire
2954 3597 3222 3668 voluerit,
3256 3616 3361 3658 nec
3390 3602 3460 3657 ad
3510 3601 3592 3660 lo-

1941 3702 2078 3745 cum
2127 3686 2401 3757 diemque
2450 3687 2753 3758 praessxum
2795 3688 3008 3744 frustra
3038 3689 3369 3758 permiserit
3398 3699 3587 3747 vestra

1941 3775 2129 3847 gratia
2188 3774 2438 3846 fatigari.
2491 3774 2666 3830 Porro
2712 3774 3070 3846 sempliciter
3119 3775 3421 3833 ambulare
3471 3794 3587 3834 non

1943 3866 2131 3936 potest
2159 3863 2262 3935 qui
2291 3862 2548 3919 lubricos
2580 3863 2824 3918 tortuosi
2858 3865 3147 3934 serpentis
3174 3865 3438 3936 explorat
3482 3882 3591 3922 an-

1942 3953 2178 4020 fractus,
2195 3952 2292 4024 qui
2323 3967 2451 4008 cum
2474 3967 2538 4007 se
2575 3950 2897 4021 plurimum
2921 3953 3235 4023 proiecisse
3254 3955 3588 4023 crediderit,

1944 4039 2017 4097 ad
2042 4038 2171 4111 ipsa
2197 4035 2403 4096 callide
2423 4051 2486 4093 se
2515 4034 2887 4182 sentitliffitia
2916 4037 3267 4096 revolutum.

2233 4236 2306 4276 an
2335 4236 2604 4279 nonaum
2643 4239 2838 4280 parsu
2878 4236 3292 4278 susurronum.

2010 4311 2434 4382 Causam,quus
2481 4312 2634 4367 inter
2672 4311 3060 4368 venerabilem
3095 4311 3330 4367 tratrem
3381 4309 3586 4382 Bugo-

1939 4412 2072 4454 nem
2133 4400 2279 4455 beati
2322 4399 2607 4456 vincentii
2663 4400 3157 4458 silvanectensem
3215 4399 3486 4457 abbatem
3531 4408 3587 4457 et

180 4493 565 4566 ambiguitate
608 4491 922 4549 constabit.
953 4493 1362 4565 Supplicamus
1405 4493 1589 4564 igitur
1610 4513 1836 4567 preces·
1864 4498 1912 4562 D
1941 4489 2264 4547 Gssl'ffl'rum
2295 4490 2411 4562 (42)
2439 4492 2806 4548 ⁸⁸⁰⁰¹¹d010m
2861 4507 3036 4560 ΜΡΝ·
3085 4488 3336 4547 θοθιθῑῑῑ
3364 4489 3435 4545 (¹0
3469 4505 3592 4545 ωδ·

178 4599 281 4656 que
298 4585 431 4654 jam
446 4597 583 4639 cnm
602 4580 818 4638 fiducia
828 4580 1102 4640 ducimus
1116 4583 1465 4653 offerendas,
1485 4586 1621 4656 quia
1639 4602 1709 4643 ex
1724 4588 1833 4646 boc

178 4688 324 4731 nune
364 4679 605 4743 tempus
628 4673 720 4727 est
739 4670 1078 4737 miserendi,
1099 4676 1157 4729 et
1186 4677 1318 4744 post
1346 4673 1573 4731 diutina
1604 4674 1833 4747 flagella

174 4771 421 4834 paterno
476 4758 716 4833 pietatis
756 4759 1076 4819 visceribus
1095 4763 1414 4819 abundare.
1467 4762 1637 4821 Absit
1680 4765 1831 4821 enim

176 4849 594 4922 abenignitate
612 4857 804 4907 vestra
834 4852 901 4904 ut
936 4865 1245 4920 personam
1288 4852 1710 4923 venerabilem,
1742 4858 1831 4911 tot

176 4943 474 5010 acceptam
496 4935 691 5005 bonis,
714 4939 804 4994 tot
823 4936 1096 4995 laudibus
1111 4937 1463 4996 illustratam
1470 4941 1830 5009 ,novissima

176 5029 497 5084 senectutis
534 5042 656 5083 sua,
692 5027 752 5082 in
812 5041 1055 5084 morere
1110 5027 1284 5085 faciat
1329 5033 1387 5085 et
1438 5031 1829 5090 amaritudine

176 5129 591 5172 consummare
612 5113 628 5170 l
653 5112 913 5171 Profecto
961 5131 1159 5187 preces
1207 5116 1370 5173 nulla
1419 5135 1523 5174 nos
1580 5120 1830 5176 audacia

177 5203 560 5277 compulisset
606 5203 833 5271 offerre,
865 5203 979 5261 nisi
1038 5206 1362 5262 secundum
1394 5221 1589 5263 rerum
1623 5207 1829 5264 verita-

178 5299 308 5360 tem,
330 5297 391 5348 st
422 5307 687 5365 persono
716 5293 989 5350 meritum
1010 5294 1207 5367 ipsum
1238 5296 1553 5368 apostolica
1570 5297 1821 5369 dignum

180 5382 586 5443 misericordia
614 5384 1010 5442 crederemus.

234 5567 357 5642 (sl)
388 5565 483 5640 B.,
514 5564 761 5640 qaidnm.

1944 4578 2090 4636 riuis
2182 4580 2530 4646 vertebatur,
2579 4581 2814 4636 domino
2863 4580 3108 4636 ilenrico
3161 4577 3586 4636 Silvanectensi

1941 4669 2210 4741 episcopo
2255 4678 2312 4724 et
2357 4669 2528 4725 nobis
2571 4667 2892 4739 apostolica
2939 4668 3227 4740 delegavit
3261 4666 3587 4723 auctoritas

1941 4755 2092 4813 infra
2146 4757 2399 4828 spatium
2428 4758 2677 4814 duorum
2711 4758 3026 4822 mensium,
3059 4759 3282 4810 remota
3318 4752 3588 4825 appella-

1939 4845 2115 4914 tione,
2148 4848 2350 4903 ordine
2376 4846 2693 4918 judiciario
2721 4845 3241 4901 decidendam.Nos
3271 4857 3403 4899 vero
3439 4842 3584 4900 utri-

1937 4951 2051 5007 que
2081 4937 2232 5007 parti
2265 4937 2416 4991 infra
2441 4940 2673 5007 tempus
2703 4933 2870 4989 nobis
2893 4933 3278 5006 assignatum,
3315 4934 3509 4991 locum
3529 4939 3589 4990 et

1936 5029 2173 5096 tempus
2231 5025 2586 5094 praeflximus
2632 5027 3048 5095 opportunum,
3070 5027 3128 5080 et
3167 5022 3449 5080 adhibitis
3478 5041 3587 5080 no·

1938 5113 2160 5170 biscum
2184 5111 2469 5182 religiosis
2515 5119 2570 5167 et
2614 5112 3005 5184 prudentibus
3036 5114 3328 5185 personis,
3361 5112 3588 5171 scilicet

1935 5204 2134 5261 Sancti
2163 5202 2409 5260 Victoris
2439 5202 2807 5271 parisiensis,
2827 5213 2886 5260 et
2912 5203 3138 5261 Sancto
3167 5203 3503 5269 Genovefae,
3523 5207 3585 5260 et

1935 5293 2215 5366 augensi,
2241 5297 2300 5348 et
2353 5290 2425 5347 de
2482 5291 2859 5349 Mortuomari
2905 5293 3250 5358 abbatibus3
3295 5290 3580 5347 Gaulrido

1933 5398 2168 5456 quoque
2221 5381 2795 5441 Autissiodorensiet
2844 5380 3091 5440 Ricardo
3119 5384 3192 5438 de
3220 5379 3466 5447 Curatio,
3522 5385 3581 5439 et

2001 5566 2123 5644 (Β)
2147 5567 2241 5644 G..
2267 5567 2558 5628 mm.
