3784 6000
286 242 403 303 715

1354 229 1776 296 GmLLELffl
1818 228 2202 292 TYRENSIS
2243 228 2611 294 ARofflEP.

3573 231 3701 293 '116

290 376 453 431 ribus
490 374 598 447 pias
629 371 857 441 matris,
888 369 1102 442 quibus
1131 366 1204 422 ad
1235 365 1401 422 initio
1439 364 1607 437 quasi
1637 365 1810 421 modo
1841 381 1932 437 ge·
1961 367 2017 434 Α
2040 364 2403 432 Fredericus,
2432 365 2588 421 circa
2616 367 2810 438 partes
2847 364 3205 422 Aconitanas
3243 381 3379 423 cum
3425 365 3701 424 exerciti·

293 464 401 521 niti
425 462 676 520 infantes
704 459 858 517 lacte
888 457 1033 531 pasti
1065 460 1124 512 et
1156 454 1345 513 solido
1380 471 1483 527 pro
1512 459 1776 526 tempore
1806 454 1935 511 cibo

292 551 568 626 saginati,
600 549 771 606 divisi
801 551 961 616 sunt,
993 547 1074 602 ita
1103 552 1165 602 ut
1196 544 1407 602 merito
1436 545 1506 600 de
1536 545 1621 601 eis
1653 543 1930 615 conqueri

290 641 476 714 possit
505 637 800 696 Ecclesia:
828 636 994 692 Filios
1021 635 1264 691 enutrivi
1292 642 1344 691 et
1373 632 1615 690 exaltavi
1633 652 1656 699 ;
1688 633 1796 705 ipsi
1825 649 1934 690 au-

288 731 394 786 tom
413 731 735 800 spreverunt
763 741 852 781 me
878 725 1008 792 (Isa.
1039 726 1118 794 1,2
1145 723 1187 795 ).
1222 722 1426 779 Pareat
1454 722 1536 778 eis
1564 721 1847 778 Dominus
1877 726 1937 778 et

289 816 363 874 ad
391 833 492 873 cor
520 816 706 873 redire
735 815 1032 879 condecet,
1060 818 1126 869 ut
1152 812 1323 869 matri
1360 828 1502 880 suae,
1529 827 1708 882 quam
1731 812 1935 867 dereli-

289 911 564 978 querunt,
588 905 822 962 discant
841 904 1058 960 servire
1083 902 1142 958 in
1164 902 1407 970 timore;
1434 907 1490 957 et
1511 900 1595 956 illi
1615 901 1789 957 etiam
1810 917 1936 956 am-

292 995 448 1068 plius
493 994 814 1065 indulgeat,
845 1009 974 1065 quaa
1014 1006 1145 1048 cum
1200 991 1443 1046 haberet
1489 994 1726 1047 centum
1775 1006 1932 1052 oves.

293 1083 522 1141 unicam
570 1082 716 1139 vidit
753 1080 1045 1154 pauperis.
1090 1083 1148 1135 et
1191 1077 1437 1147 invidit3
1475 1077 1569 1135 cui
1612 1095 1647 1133 a
1684 1078 1934 1135 Domino

292 1171 542 1229 dicitur:
599 1170 881 1240 Occidisti,
919 1176 973 1226 et
1016 1168 1304 1242 possedisti
1333 1168 1434 1241 (111
1486 1168 1622 1241 Περ.
1671 1184 1788 1234 xxx,
1822 1167 1932 1240 19).

290 1260 389 1317 Vn
417 1260 527 1330 illi,
559 1260 896 1334 quicunque
926 1260 1003 1316 sit
1030 1257 1148 1327 ille,
1172 1256 1785 1330 quiajuxtajudicium
1807 1274 1936 1329 pro-

293 1348 500 1422 pbetas,
528 1352 616 1406 vir
639 1348 979 1420 sanquinum
1004 1358 1084 1405 est
1113 1347 1178 1418 (ll
1207 1347 1336 1419 Rea.
1368 1363 1482 1414 xvi,
1503 1345 1581 1418 8).
1615 1347 1934 1418 Postquam

293 1456 431 1512 ergo
452 1455 604 1510 slepe
623 1454 691 1494 ac
710 1437 946 1511 saepius,
968 1441 1090 1493 tam
1113 1435 1390 1492 dominus
1407 1433 1737 1507 patriarcba
1757 1449 1934 1506 quam

294 1528 503 1600 reliqui
540 1527 919 1584 ecclesiarum
966 1525 1190 1599 prolati
1236 1524 1391 1596 apud
1440 1523 1676 1580 eosdem
1726 1524 1937 1579 fratres

293 1635 401 1675 sua
423 1619 564 1690 ,iura
590 1616 944 1690 reposcendo
975 1631 1089 1671 non
1121 1615 1519 1688 proficiebant,
1554 1619 1616 1670 ut
1646 1613 1937 1687 praemisi-

294 1723 452 1779 mus,
483 1707 554 1763 ad
579 1705 825 1763 Romani
847 1705 1139 1776 pontificis
1162 1704 1299 1760 hinc
1322 1704 1457 1760 inde
1480 1719 1824 1776 processum
1844 1708 1937 1760 est

294 1796 650 1855 auditorium
671 1797 1156 1865 ‚Assumensergo
1171 1794 1280 1851 sibi
1294 1792 1933 1866 dominuslpatriaroba.

292 1886 428 1943 licet
456 1886 754 1958 longaevus
783 1887 938 1940 esset
968 1888 1026 1940 et
1063 1883 1182 1940 lere
1210 1882 1602 1951 centenarius,
1631 1882 1703 1938 de
1749 1881 1936 1938 eccle·

291 1975 511 2033 siarum
529 1973 785 2048 praelatis
809 1973 1117 2033 dominum
1141 1972 1376 2028 Petrum
1410 1972 1728 2046 Tyrensem
1751 1969 1938 2027 archi-

292 2062 628 2134 episcopum
658 2064 717 2117 et
748 2061 817 2117 de
847 2059 1234 2131 suffraganeis
1258 2060 1384 2131 ejus
1405 2059 1709 2116 dominum
1731 2057 1938 2114 Frede-

293 2153 480 2209 rioum
494 2154 883 2207 Acconensem
897 2147 1937 2223 episcopum,dominumAmalricum

293 2241 694 2298 sidoniensem
726 2239 1089 2312 episcopum,
1122 2238 1429 2295 dominum
1461 2254 1691 2310 quoque
1711 2237 1942 2294 Baldui-

293 2345 434 2386 num
467 2327 881 2384 Caesariensem
914 2327 1440 2401 archiepiscopum,
1475 2327 1776 2383 dominum
1801 2327 1942 2384 Con·

293 2421 619 2477 staminum
647 2418 997 2475 Liddensem
1024 2418 1388 2491 episcopum,
1423 2418 1728 2474 dominum
1761 2417 1943 2476 Rene·

294 2526 424 2565 rum
455 2510 840 2565 sebastenum
871 2507 1234 2580 episcopum,
1261 2507 1563 2563 dominum
1593 2507 1938 2564 Herbertum

295 2597 772 2653 Tiberiadensem
792 2595 1155 2668 episcopum,
1178 2595 1435 2653 vernalis
1455 2596 1738 2668 temporis
1755 2596 1944 2668 gratia

295 2686 641 2758 respirante,
674 2700 808 2740 cum
841 2684 1099 2756 primum
1133 2700 1293 2741 mare
1323 2684 1562 2741 flatibus
1584 2684 1941 2756 exagitatum

294 2775 576 2845 hibernis,
621 2773 883 2847 spirante
929 2774 1200 2842 Favonio,
1249 2775 1422 2846 ccepit
1451 2791 1514 2832 se
1543 2775 1784 2831 reddere
1814 2776 1944 2847 pla-

294 2863 567 2936 cabilius,
590 2863 697 2920 iter
716 2864 998 2935 aggressi,
1020 2873 1254 2921 auctore
1276 2864 1541 2935 Domino,
1569 2863 1941 2936 Hydruntum

292 2952 515 3028 Apuliae
575 2954 780 3011 urbem
844 2953 1199 3011 maritimam
1249 2967 1530 3026 prospero
1576 2968 1752 3011 cursu
1804 2952 1947 3011 atti-

298 3048 527 3117 gerunt.

293 3243 599 3313 Imperator
639 3241 1304 3310 constantinopolitanus,
1357 3243 1727 3298 consentiente
1777 3259 1941 3313 papa,

364 3311 632 3384 Apuliam
651 3312 887 3369 invadit.
912 3311 1176 3369 Dominus
1195 3312 1514 3383 patriarcha
1555 3330 1681 3369 cum
1722 3317 1837 3371 suis
1873 3315 1944 3371 ad

367 3385 583 3441 curiam
618 3384 889 3457 pervenit.
1469 3401 1474 3405 ·

368 3491 614 3560 Interea,
643 3491 780 3548 dum
815 3489 1118 3564 pontifices
1139 3490 1395 3548 Orientis
1418 3507 1532 3547 una
1553 3508 1684 3549 cnm
1708 3492 1942 3548 domino

297 3579 623 3653 patriarcba
653 3580 801 3637 fines
831 3581 1154 3653 attigissent
1176 3580 1419 3654 Apuliae,
1442 3585 1506 3636 ut
1525 3581 1941 3653 pramisimus,

296 3669 971 3741 Constantinopolitanae
1018 3671 1336 3744 imperator
1401 3672 1643 3730 verbum
1719 3671 1943 3729 domini

297 3775 459 3831 papa
497 3763 755 3829 secutus,
792 3759 1076 3817 immissis
1107 3761 1177 3815 de
1218 3760 1588 3834 principibus
1629 3762 1774 3830 suis,
1805 3778 1942 3818 cum

297 3847 528 3903 infinita
566 3848 833 3920 pecunia,
876 3850 1378 3906 consentientibus
1411 3850 1644 3907 illarum
1687 3851 1941 3923 partium

298 3937 657 4008 proceribuS,
725 3937 1020 4009 regionem
1086 3938 1363 3995 violenter
1400 3940 1714 4006 invaserat,
1761 3941 1840 3996 ita
1881 3944 1946 3996 ut

299 4033 601 4097 postquam
656 4025 931 4081 dominus
989 4028 1321 4099 patriarcba
1367 4044 1499 4084 cum
1549 4028 1670 4084 suis
1710 4029 1782 4084 ab
1824 4028 1944 4101 Hy-

298 4116 511 4171 drunto
542 4131 726 4185 usque
756 4113 1155 4172 Brundusium
1189 4117 1569 4189 pervenisset,
1592 4118 1818 4174 domini
1838 4118 1947 4174 im-

299 4203 585 4273 peratoris
644 4202 866 4258 familia
914 4205 1115 4260 urbem
1177 4205 1533 4276 praedictam‚
1585 4207 1947 4265 tradentibus

298 4306 426 4345 eam
454 4289 699 4357 civibus,
719 4291 845 4360 jam
876 4291 1193 4362 recepisset
1222 4293 1281 4348 in
1312 4311 1504 4364 suam,
1530 4293 1654 4352 solo
1674 4297 1945 4366 praesidio

299 4376 548 4433 civitatis
579 4377 639 4432 in
671 4392 788 4448 quo
819 4378 989 4451 pauci
1020 4385 1206 4443 erant.
1241 4382 1300 4439 in
1327 4382 1602 4440 fidelitate
1623 4385 1846 4441 domini
1870 4403 1947 4442 re·

299 4466 388 4536 gis
419 4470 845 4538 perseverante.
878 4466 1085 4524 Comes
1118 4486 1348 4541 quoque
1388 4473 1696 4544 Robertus,
1727 4475 1799 4530 de
1828 4491 1942 4547 quo
1981 4433 2024 4499 D

297 4554 570 4627 superius
619 4555 867 4613 fecimus
922 4558 1300 4629 mentionem,
1353 4578 1484 4616 cum
1520 4562 1591 4618 iis
1622 4563 1723 4634 qui
1757 4570 1952 4635 partes

296 4662 458 4716 suas,
489 4647 608 4702 tam
642 4644 788 4716 regis
817 4646 949 4703 odio
973 4664 1148 4719 quam
1169 4650 1297 4721 ejus
1314 4652 1504 4722 gratia
1523 4653 1944 4725 sequebantur,

293 4735 635 4803 Tarentum,
669 4735 903 4806 Barum,
937 4739 1200 4811 egregias
1232 4741 1607 4811 metropoles,
1631 4746 1689 4799 et
1711 4759 1946 4800 omnem

297 4823 652 4881 maritimam
677 4825 975 4896 regionem
998 4843 1187 4899 usque
1216 4829 1287 4885 ad
1323 4830 1485 4902 regni
1520 4834 1801 4891 terminos
1825 4833 1944 4889 vio-

300 4912 485 4970 lenter
512 4920 911 4987 ocoupaverat.
947 4916 1207 4976 Praedicti
1232 4937 1384 4988 ,vero
1415 4924 1612 4997 magni
1643 4930 1701 4983 et
1745 4923 1946 4998 inclyti

297 5002 432 5070 viri,
447 5000 733 5060 Robsrtus
754 5005 1024 5080 princeps
1046 5007 1280 5081 Capuan
1291 5028 1358 5067 us
1379 5020 1434 5068 et
1456 5015 1942 5082 comesAndreas,

302 5090 628 5147 universam
653 5091 1054 5167 Campaniam,
1109 5116 1236 5170 quaa
1286 5101 1511 5173 vulgari
1556 5102 1943 5174 appellatione

300 5178 516 5236 dicitur
559 5183 712 5237 terra
760 5182 1023 5254 Laboris,
1067 5204 1246 5259 usque
1298 5189 1630 5262 Salernum,
1669 5199 1944 5264 eiusque

299 5266 628 5341 Neapolim,
658 5276 713 5325 st
743 5286 927 5343 usque
957 5274 1026 5329 ad
1076 5274 1352 5334 Sanctum
1402 5278 1778 5352 Germanum,
1832 5279 1944 5338 sibi

301 5357 770 5429 vindicaverant;
805 5367 1044 5434 eratque
1074 5368 1194 5422 tota
1226 5367 1459 5440 regioin
1487 5376 1642 5428 tanto
1669 5374 1852 5440 motu,
1880 5372 1944 5426 ut

302 5461 598 5515 nusquam
629 5449 818 5518 quies,
854 5467 1145 5525 nusquam
1176 5460 1462 5516 securitas
1499 5464 1658 5518 esset
1688 5459 1940 5518 transire

307 5531 649 5593 volentibus.
680 5537 1078 5601 Romanorum
1107 5544 1285 5606 etiam
1318 5548 1648 5623 imperator,
1670 5550 1943 5611 dominus

2044 453 2155 510 bus
2183 453 2306 510 suis
2335 469 2561 510 moram
2586 453 2823 522 faciens,
2844 457 3069 511 tantam
3090 453 3151 511 in
3173 453 3528 527 legionibus,
3549 471 3703 528 quas

2046 542 2105 600 in
2138 542 2362 599 ltaliam
2391 543 2811 612 introduxerat,
2853 542 3081 601 cladem
3112 543 3448 618 patiebatur
3477 549 3567 613 ut,
3599 545 3705 602 de-

2044 632 2378 691 ficientibus
2411 633 2731 705 maj0ribus
2760 637 2819 690 et
2851 633 3239 691 nobilioribus
3278 633 3510 707 imperii
3545 635 3703 708 prin-

2044 721 2298 795 cipibus,
2346 723 2440 779 vix
2486 724 2751 781 decimus
2807 728 3178 797 superesset:
3229 724 3386 782 unda
3429 739 3538 781 eos
3597 724 3700 796 qui

2044 817 2409 884 supererant,
2469 813 2542 869 ad
2583 812 2815 886 propria
2858 814 3044 870 redire
3090 812 3371 883 volentes,
3423 813 3697 872 cohibere

2044 916 2159 957 non
2190 901 2408 968 valens,
2458 903 2582 975 ipse
2632 918 2865 974 quoque
2894 903 2964 959 ad
2998 902 3273 971 reditum,
3306 901 3443 960 Boot
3470 903 3695 961 invitus

2044 991 2470 1062 accingebatur.
2503 992 2682 1048 Multa
2710 992 2869 1048 euim
2933 997 3281 1065 supererant
3328 991 3587 1064 negotia,
3626 995 3695 1048 et

2044 1083 2296 1138 maxime
2326 1086 2527 1138 contra
2555 1082 2828 1139 eumdem
2858 1081 3121 1138 Siculum
3151 1096 3370 1154 regem,
3404 1097 3534 1153 qua
3561 1082 3691 1154 eJus

2041 1170 2352 1243 exigebant
2383 1173 2773 1243 praesentiam.

2117 1261 2400 1316 Dominus
2435 1277 2605 1331 porro
2645 1261 2976 1333 patriarcba
3011 1276 3147 1317 cum
3191 1258 3285 1316 sui
3315 1259 3691 1317 consortibus

2044 1349 2271 1406 itineris
2303 1348 2470 1406 anxie
2498 1349 2874 1420 deliberabat,
2897 1365 3016 1422 qua
3042 1349 3136 1403 via
3166 1348 3239 1405 ad
3262 1347 3575 1406 dominum
3598 1365 3697 1422 pa-

2046 1456 2177 1512 pam
2219 1440 2277 1495 in
2336 1443 2501 1496 tanto
2539 1436 2801 1495 tumultu
2850 1441 3048 1510 posset
3084 1436 3400 1495 accedere:
3432 1438 3692 1511 undique

2045 1530 2201 1587 enim
2227 1528 2441 1602 praelia,
2467 1527 2725 1600 undique
2744 1527 3060 1585 seditiones
3074 1543 3310 1585 omnem
3336 1527 3693 1585 videbantur

2047 1620 2272 1677 aditum
2297 1618 2676 1690 proeclusisse.
2707 1618 3110 1689 Ansquetinus
3148 1633 3407 1689 quoque,
3446 1616 3687 1690 quidam

2044 1708 2203 1766 retiis
2218 1707 2429 1764 Sicilioe
2457 1704 2861 1776 cancellarius,
2913 1707 3119 1763 urbem
3168 1704 3478 1762 obsederat
3505 1705 3685 1763 Bene·

2042 1803 2373 1866 vestanam,
2405 1796 2626 1853 nuntiis
2656 1795 2878 1852 domini
2908 1794 3271 1867 patriarcba,
3321 1795 3425 1866 qui
3464 1793 3545 1852 ad
3578 1794 3682 1850 hoc

2044 1888 2466 1956 missifuerant,
2490 1895 2551 1943 ut
2574 1887 2624 1942 ei
2646 1903 2680 1942 a
2700 1885 2974 1959 proedioto
3007 1884 3354 1942 cancellario
3397 1885 3678 1942 ducatum

2047 1979 2449 2051 implorarent,
2470 1975 2710 2033 omnino
2734 1991 2951 2046 negans
2982 1991 3082 2047 per
3107 1980 3301 2046 partes
3333 1973 3468 2031 illas
3489 1979 3678 2032 trans-

2045 2069 2220 2132 itum,
2243 2082 2368 2138 quae
2402 2070 2595 2121 tamen
2636 2064 2729 2120 via
2767 2064 2949 2120 multo
2988 2062 3211 2120 caeteris
3249 2067 3374 2120 erat
3401 2078 3680 2135 compen-

2047 2156 2283 2213 diosior.
2309 2155 2686 2225 Tandemque
2707 2152 2903 2209 habito
2915 2153 3305 2225 quorumdam
3329 2152 3680 2225 prudentum
3783 2144 3784 2149 ’

2045 2246 2309 2314 consilio,
2340 2244 2495 2302 viam
2527 2243 2882 2299 maritimam
2924 2247 3183 2308 secutus,
3230 2257 3363 2298 cum
3395 2243 3562 2299 omni
3591 2259 3683 2300 co·

2049 2335 2252 2392 mitatu
2269 2350 2376 2391 suo
2390 2334 2691 2389 Anconam
2716 2333 2972 2402 pervenit
2990 2349 3004 2399 ;
3024 2331 3223 2387 missis
3263 2331 3401 2388 inde
3420 2331 3687 2388 exlatere

2049 2441 2157 2481 suo
2187 2423 2538 2496 quibusdam
2566 2421 2875 2494 episcopis,
2902 2421 3003 2492 qui
3034 2420 3341 2476 dominum
3365 2420 3689 2494 imperato-

2048 2529 2171 2570 rem
2204 2512 2624 2580 Romanorum,
2650 2511 2771 2580 jam
2821 2520 2882 2566 ut
2919 2508 3317 2581 praediximus,
3362 2510 3436 2565 ad
3468 2509 3694 2580 propria

2050 2604 2406 2670 redeuntem,
2441 2598 2629 2655 verbis
2659 2597 2820 2653 illius
2848 2597 3193 2663 salutarent,
3225 2602 3279 2653 et
3310 2613 3415 2670 pro
3450 2596 3695 2670 negotiis

2049 2688 2176 2761 ejus
2207 2686 2277 2742 ad
2309 2685 2618 2741 dominum
2649 2699 2862 2756 papam
2893 2683 3117 2740 litteras
3146 2681 3486 2739 obtinerent
3524 2683 3695 2753 impe-

2050 2775 2249 2833 riales.
2281 2775 2445 2841 Quod
2475 2779 2532 2830 et
2563 2774 2781 2830 sactum
2813 2783 2921 2841 est,
2961 2771 3100 2829 licet
3128 2771 3252 2844 ipse
3282 2772 3495 2828 urbem
3523 2773 3696 2829 Seno-

2051 2865 2256 2939 gallias
2285 2865 2337 2921 ei
2368 2863 2676 2920 Pisaurum
2702 2863 2826 2934 Jam
2847 2861 3305 2935 pertransiisset,
3330 2878 3436 2933 pro
3461 2862 3698 2919 redeun-

2055 2955 2127 3012 do
2166 2953 2454 3011 solicitus.
2495 2955 2565 3011 At
2596 2968 2727 3009 vero
2756 2952 3031 3010 dominus
3063 2950 3397 3024 patriarcba
3425 2965 3563 3008 oum
3593 2966 3696 3008 suo

1973 3052 2018 3121 c
2054 3045 2335 3102 comitatu
2382 3043 2628 3100 Romam
2665 3058 2870 3099 versus
2908 3042 3018 3098 iter
3065 3042 3346 3114 dirigens,
3394 3040 3696 3098 dominum

2053 3151 2264 3207 papam
2296 3151 2329 3190 a
2359 3133 2586 3190 civitate
2612 3131 2921 3188 Narniensi
2939 3146 3258 3203 egressum,
3282 3129 3456 3202 quasi
3478 3129 3697 3203 tugien-

2052 3228 2169 3280 tem
2192 3223 2670 3297 persequebatur.
2690 3222 2953 3279 Tandem
2974 3221 3218 3278 Romam
3239 3220 3701 3292 veniens,ibique

2052 3328 2152 3384 per
2184 3313 2309 3369 dies
2339 3310 2564 3382 aliquot
2585 3310 2939 3378 sactamora,
2962 3326 3098 3365 oum
3116 3308 3168 3365 ei
3190 3308 3531 3365 nuntiatum
3551 3310 3699 3365 esset

2051 3402 2353 3458 dominum
2385 3416 2598 3472 papam
2629 3400 2782 3471 apud
2815 3398 3015 3455 urbem
3042 3398 3409 3455 Ferentinam
3432 3411 3697 3469 gressum

2051 3491 2266 3563 fixisse,
2313 3488 2453 3546 illuc
2491 3489 2897 3546 incunctanter
2939 3491 3209 3561 properat
3255 3489 3323 3543 ut
3359 3486 3435 3544 de
3474 3486 3704 3559 negotio

2051 3599 2155 3656 pro
2186 3597 2302 3652 quo
2331 3583 2567 3636 venerat
2586 3578 2835 3652 experiri
2856 3581 3125 3634 tentaret.
3149 3576 3434 3633 Dicebant
3456 3575 3698 3649 quidam

2051 3672 2358 3728 dominum
2388 3685 2621 3741 papam,
2647 3673 2710 3724 ut
2729 3684 2865 3724 eum
2886 3666 3058 3724 taedio
3074 3666 3336 3724 afficeret
3354 3668 3412 3723 et
3430 3671 3697 3739 gravaret

2052 3759 2408 3833 sumptibus,
2429 3772 2566 3814 sum
2580 3757 2839 3814 studiose
2856 3755 3145 3814 declinare
3161 3773 3175 3825 ;
3196 3772 3331 3812 nam
3346 3755 3699 3813 muneribus

2052 3848 2295 3905 infinitis
2322 3851 2652 3919 corruptus,
2693 3847 2750 3903 in
2782 3851 3008 3919 partem
3038 3844 3570 3917 Hospitalariorum
3603 3843 3690 3901 di·

2052 3938 2295 3994 cebatur
2314 3952 2378 3993 se
2400 3936 2627 3992 dedisse
2645 3934 2982 4008 proclivem,
3003 3934 3103 4006 qui
3116 3935 3243 4005 jam
3264 3932 3340 3989 ad
3361 3947 3502 3989 eum
3518 3931 3702 3989 multo

2054 4035 2186 4086 ante
2216 4029 2630 4100 praevenerant.
2652 4024 2763 4081 Alii
2784 4023 3076 4091 dicebant,
3100 4022 3259 4080 urbis
3280 4022 3699 4080 Beneventanis

2054 4116 2260 4191 gratia,
2284 4132 2411 4189 quae
2433 4113 2738 4171 obsidione
2758 4112 3156 4180 claudebatur,
3179 4110 3546 4179 utdiximus,
3569 4126 3700 4168 eum

2054 4209 2175 4263 tam
2203 4209 2485 4262 maturato
2516 4203 2823 4260 advenisse
2866 4202 3094 4258 itinere.
3148 4198 3301 4257 Illud
3348 4205 3548 4256 tamon
3588 4200 3707 4256 erat

2055 4295 2314 4362 evidens,
2352 4295 2605 4351 favorem
2655 4307 2827 4349 suum
2878 4298 2932 4348 et
2994 4288 3380 4347 familiarium
3438 4302 3707 4355 suorum,

2055 4379 2461 4452 Hospitalariis
2515 4377 2695 4435 nimis
2735 4375 3099 4434 familiariter
3129 4373 3490 4443 indulsisse3
3525 4373 3712 4431 domi·

2055 4485 2198 4527 num
2228 4485 2363 4526 vero
2396 4466 2791 4539 patriarcham
2821 4482 2956 4523 oum
2988 4465 3129 4533 suis,
3152 4463 3322 4537 quasi
3343 4462 3709 4520 adulterinos

2058 4559 2234 4630 filios,
2268 4558 2422 4615 fastu
2456 4558 2712 4629 quodam
2743 4559 2799 4613 et
2827 4554 3231 4627 indignatione
3259 4569 3294 4610 a
3314 4568 3379 4610 se
3396 4550 3703 4625 repellere,

2063 4649 2237 4723 quasi
2278 4647 2567 4720 indignos.

2664 4752 2895 4812 CAPUT
2932 4753 3084 4812 Vlll.

2053 4865 2338 4921 Adrianus
2411 4880 2554 4936 papa
2619 4863 2986 4919 Beneventum
3038 4868 3299 4933 properat
3328 4875 3351 4923 ,·
3379 4858 3699 4931 patriarcha

2124 4936 2262 4993 illuc
2287 4938 2530 5006 festinat,
2569 4934 2823 5006 proponit
2851 4936 3092 4990 actiones
3107 4948 3133 5000 ,·
3158 4931 3251 4989 sed
3281 4935 3547 5003 corrupta
3588 4946 3707 4985 mu·

2122 5009 2342 5065 neribus
2370 5010 2550 5077 curia,
2573 5008 2848 5079 justitiam
2878 5006 3163 5078 opprimit.
3213 5004 3523 5061 Revertitur
3550 5002 3711 5073 inse-

2124 5086 2211 5137 cto
2241 5082 2455 5152 negotio
2481 5078 2824 5152 patriarcha.

2125 5194 2432 5260 Postquam
2465 5187 2644 5260 igitur
2673 5186 2747 5241 ad
2773 5185 3105 5259 praedictam
3164 5184 3372 5243 urbem
3406 5180 3710 5256 pervenit,

2050 5279 2261 5336 obtulit
2289 5295 2352 5335 se
2379 5279 2450 5335 de
2481 5292 2641 5334 more
2668 5274 3001 5347 apostolicis
3031 5274 3445 5347 conspectibus
3469 5290 3483 5343 ;
3520 5271 3705 5328 ubist

2050 5368 2202 5425 male
2227 5373 2513 5440 receptus,
2545 5370 2604 5422 et
2633 5363 2801 5437 pejus
2831 5362 3089 5433 babitus,
3119 5363 3324 5422 invitis
3345 5379 3414 5421 ex
3434 5360 3704 5435 plurima

2046 5464 2209 5532 parte
2238 5455 2653 5516 cardinalibus.
2686 5456 2911 5510 certum
2944 5454 3015 5511 de
3036 5452 3260 5511 domini
3288 5468 3456 5526 papas
3485 5451 3712 5509 mentis

2045 5552 2330 5625 conceptu
2350 5550 2409 5607 et
2438 5545 2780 5607 habitudine
2798 5542 3112 5618 reportavit
3129 5544 3573 5616 argumentum.
3606 5538 3713 5602 llls
