3784 6000
284 279 402 341 275

1347 272 1782 337 GUILLELMI
1825 270 2217 336 TYRENSIS
2262 266 2621 333 ARcfflEP.

3573 277 3695 336 276

284 411 394 468 tini
433 410 678 484 Augusti
711 409 960 482 piissimi
1012 408 1190 463 Irenae
1232 405 1378 475 fiilii,
1410 408 1623 463 iterum
1655 406 1930 465 convenit
1960 410 2015 477 Α
2040 404 2263 461 distans
2293 401 2644 470 miliaribus,
2685 400 3188 474 opportunitatem
3212 405 3504 476 quaerebat
3536 425 3690 482 quo-

283 501 534 574 septima
565 501 823 573 synodus
860 496 1148 569 generalis
1178 497 1456 552 adversus
1488 496 1919 564 iconomacboS,

285 589 343 647 id
375 589 909 661 estimpugnatores
939 589 1282 642 sanctarum
1306 585 1653 657 imaginum,
1681 587 1789 642 sub
1824 587 1931 643 do-

285 678 445 734 mino
477 677 729 734 Adriano
762 676 1019 733 Romano
1051 673 1345 745 pontifice,
1378 681 1436 730 et
1467 675 1584 731 viro
1616 675 1930 733 venerabili

284 766 564 823 Therasio
610 764 1248 835 Constantinopolitano
1300 765 1662 834 patriarcba:
1706 767 1763 822 in
1815 783 1933 838 qua

283 853 547 928 pra-dicti
576 853 832 910 haeretici
865 852 1103 924 dignam
1136 869 1237 923 pro
1263 852 1485 909 meritis
1516 854 1587 908 ab
1612 854 1929 911 orthodoxa

282 944 571 1014 Ecclesia,
599 947 801 1001 contra
830 959 996 999 suam
1026 943 1354 1014 perfidiam,
1408 944 1805 1001 damnationis
1835 950 1929 1002 tu-

283 1031 475 1090 lerunt
507 1034 875 1091 sententiam.
909 1034 1007 1089 Est
1033 1037 1228 1089 autem
1258 1032 1461 1088 civitas
1492 1034 1669 1090 situm
1702 1033 1926 1092 babens

284 1122 849 1190 commodissimum,
873 1123 931 1178 in
957 1120 1198 1195 planitie
1219 1122 1536 1180 constituta
1562 1140 1578 1194 3
1610 1140 1726 1181 non
1757 1124 1931 1198 longe

283 1215 484 1269 tamen
512 1228 547 1268 a
578 1211 897 1282 montibus,
929 1227 1076 1284 quos
1108 1226 1255 1283 pene
1274 1227 1343 1267 ex
1373 1211 1535 1268 omni
1562 1215 1725 1286 parte
1756 1214 1932 1272 babet

283 1300 345 1357 in
374 1300 649 1371 circuitu,
677 1317 879 1373 agrum
921 1301 1232 1372 optimum,
1284 1302 1514 1373 glebam
1549 1302 1808 1371 uberem,
1833 1305 1931 1361 sil-

200 1389 205 1393 ’
283 1405 606 1462 varumque
638 1394 694 1445 et
715 1405 1021 1445 nemorum
1045 1387 1431 1446 nihilominus
1461 1389 1672 1447 multas
1701 1391 1927 1450 babens

283 1479 744 1538 commoditates.
781 1477 893 1534 Sed
945 1482 998 1534 et
1046 1477 1209 1534 lacus
1259 1477 1455 1534 multas
1509 1479 1841 1536 latitudinis
1872 1485 1930 1537 et

283 1566 663 1638 longitudinis
694 1567 981 1634 maximae,
1018 1567 1182 1637 juxta
1219 1568 1552 1638 praedictam
1586 1568 1788 1624 urbem
1821 1586 1925 1642 po-

285 1655 458 1725 situs,
482 1657 538 1712 in
558 1655 977 1712 occidentalem
1002 1654 1318 1727 porrigitur
1338 1655 1594 1728 plagam,
1618 1673 1720 1729 per
1750 1673 1926 1729 quem

285 1745 514 1818 navigio
571 1760 639 1801 ex
687 1745 930 1801 diversis
983 1745 1266 1817 partibus,
1322 1746 1541 1803 civitati
1605 1747 1926 1804 maximum

281 1842 562 1908 praestans
583 1835 926 1894 munimem,
950 1834 1096 1906 ipsis
1120 1835 1430 1904 moenibus,
1454 1835 1644 1891 ventis
1672 1835 1927 1892 intume-

282 1940 473 1990 scens,
515 1923 788 1981 illiditur.
837 1924 915 1979 Ex
963 1922 1206 1997 reliquis
1253 1927 1447 1980 autem
1481 1924 1742 1994 partibus
1771 1925 1925 1982 circa

281 2028 515 2069 murum
541 2011 755 2070 vallum
788 2015 916 2068 erat
939 2011 997 2067 in
1042 2013 1314 2079 circuitu,
1363 2030 1434 2069 ex
1465 2013 1782 2071 influxione
1812 2015 1928 2071 fon·

278 2102 426 2160 tium
458 2109 511 2157 et
552 2101 871 2159 rivulorum
894 2105 1272 2171 restagnans:
1309 2105 1462 2174 quod
1488 2103 1804 2174 plurimum
1833 2121 1926 2161 ac·

278 2191 480 2248 cedere
507 2190 840 2248 volentibus
862 2191 934 2247 ad
960 2192 1157 2247 urbem
1186 2191 1569 2263 impugnandi
1593 2208 1788 2262 causa,
1823 2193 1929 2249 mi-

280 2281 531 2337 nistrare
562 2285 783 2352 poterat
803 2280 1307 2351 impedimentum.
1332 2282 1462 2336 Erat
1493 2287 1690 2338 autem
1714 2288 1919 2352 praeter

278 2386 349 2426 ca
380 2369 650 2425 bellicoso
682 2370 893 2425 referta
945 2369 1175 2439 popul0‚
1211 2371 1395 2426 muris
1444 2375 1502 2427 et
1532 2372 1793 2429 turribus
1823 2390 1926 2429 su·

278 2457 560 2515 blimibus
576 2462 635 2513 et
651 2459 816 2514 valde
838 2459 1033 2514 densis
1054 2474 1226 2530 opere
1257 2458 1444 2515 solido
1466 2462 1803 2531 campaniis,
1837 2463 1926 2519 in·

279 2547 465 2620 signis
479 2547 796 2603 admodum
828 2551 885 2602 et
916 2548 1162 2615 munita,
1183 2549 1265 2604 ita
1286 2553 1351 2604 ut
1379 2551 1719 2607 accedentes
1740 2556 1923 2611 nostri

279 2636 511 2694 eturbis
529 2635 884 2692 mirarentur
897 2637 1247 2705 munimem,
1261 2642 1318 2693 et
1331 2641 1523 2708 operis
1544 2640 1922 2698 soliditatem.

279 2725 467 2796 Hujus
481 2725 662 2796 urbis,
683 2725 832 2782 sicut
860 2730 918 2781 et
941 2725 1193 2798 regionis
1212 2726 1411 2794 totius,
1444 2731 1501 2783 et
1532 2729 1923 2799 adjacentium

277 2814 452 2872 simul
474 2815 899 2885 provinciarum
952 2816 1229 2873 dominus
1258 2825 1380 2874 erat
1429 2819 1669 2891 quidam
1701 2821 1922 2879 Turco-

277 2919 404 2960 rom
454 2904 895 2976 potentissimus
941 2908 1198 2977 satrapa,
1246 2906 1624 2964 solimannus
1666 2910 1922 2983 nomine,

276 2998 659 3069 cognomento
678 2993 885 3065 Schab,
902 2995 1054 3068 quod
1076 2999 1380 3054 Persarum
1405 2998 1605 3073 lingua
1628 3017 1728 3057 rea·
1747 3002 1922 3059 inter-

275 3088 557 3156 pretatur,
590 3084 766 3141 bomo
809 3086 964 3141 vafer
995 3090 1051 3141 et
1099 3091 1398 3144 strenuus.
1435 3091 1564 3159 Qui,
1602 3092 1799 3148 audito
1827 3107 1921 3149 no·

2037 495 2211 551 modo
2241 509 2415 565 super
2447 497 2680 547 nostros
2715 506 2848 547 cum
2890 508 3135 549 suorum
3166 493 3357 552 salute
3380 506 3578 569 posset
3610 500 3689 555 ir·

2038 597 2221 651 ruere,
2254 585 2311 636 et
2336 581 2539 637 urbem
2572 579 2646 635 ab
2676 595 2877 636 eorum
2905 578 3314 652 inquietudine
3344 584 3613 643 liberare.

2036 779 2222 835 Nostri
2249 777 2443 831 urbem
2471 775 2654 829 aerius
2685 775 3013 845 impugnant
3041 790 3059 829 .·
3083 777 3224 831 cives
3255 783 3441 834 tamen
3471 795 3568 851 per
3598 782 3689 838 la-

2108 864 2234 904 cum
2266 848 2501 902 liberum
2540 845 2737 901 habent
2787 847 3123 908 discursum.
3166 848 3528 909 Sotimannus
3557 869 3688 910 con·

2106 919 2431 975 solatoriam
2452 916 2665 973 civibus
2695 917 2873 972 mittit
2901 919 3215 989 epistotam.

2109 1027 2511 1084 Pervenientes
2528 1026 2707 1098 igitur
2736 1030 2867 1083 ante
2900 1028 3244 1099 praedictam
3268 1030 3474 1088 urbem
3498 1036 3688 1092 nostri

2036 1117 2348 1186 exercitus,
2388 1115 2582 1172 acrius
2612 1130 2741 1170 eam
2791 1115 3161 1189 impugnare,
3203 1120 3465 1179 confusis
3491 1126 3689 1182 tamen

2036 1205 2394 1278 agnimibus,
2430 1204 2681 1261 necdum
2713 1205 2920 1260 castris
2959 1210 3117 1263 certo
3148 1207 3353 1266 ordine
3383 1210 3688 1283 dispositis

2035 1299 2353 1366 coeperunt.
2402 1294 2624 1350 Tamen
2679 1293 2779 1366 qui
2830 1298 3140 1365 praesentes
3185 1301 3371 1367 erant,
3416 1297 3544 1358 loca
3573 1301 3690 1359 sibi

2036 1389 2193 1440 certa
2222 1384 2588 1454 deputantes.
2621 1390 2674 1438 et
2705 1383 2798 1440 bis
2830 1383 2928 1455 pui
2959 1386 3189 1442 venturi
3217 1391 3399 1458 erant,
3429 1404 3691 1463 congrua

2036 1474 2436 1545 designantes,
2465 1473 2535 1527 ad
2578 1473 2635 1528 id
2668 1471 3005 1544 specialiter
3034 1475 3432 1533 omnimodam
3466 1479 3687 1536 dabant

2037 1577 2291 1634 operam,
2326 1568 2391 1617 ut
2438 1561 2666 1619 civibus
2705 1561 3011 1618 introitum
3048 1569 3325 1631 negarent
3352 1571 3412 1623 et
3439 1567 3681 1624 exitum.

2041 1652 2460 1720 Lacustamen,
2493 1651 2594 1723 qui
2618 1650 2854 1721 civitati,
2886 1654 3368 1726 utpraediximus,
3402 1660 3528 1713 erat
3543 1674 3684 1714 con-

2035 1745 2288 1815 junctus,
2313 1741 2449 1796 huic
2466 1756 2666 1797 eorum
2688 1740 2866 1796 nimis
2882 1741 3152 1798 obstabat
3182 1745 3503 1816 proposito.
3533 1747 3679 1803 Nam

2036 1833 2094 1886 et
2126 1829 2335 1885 invecti
2360 1833 2417 1885 et
2434 1829 2817 1900 egredientes,
2844 1832 3056 1900 paratis
3075 1833 3341 1904 navigiis,
3374 1850 3476 1905 pro
3497 1835 3682 1893 libero

2037 1918 2277 1974 arbitrio
2306 1918 2378 1974 ad
2413 1922 2609 1991 partes
2638 1918 2826 1974 varias
2852 1918 3158 1977 indemnes
3189 1922 3541 1981 ferebantur.
3575 1925 3685 1982 No·

2036 2007 2138 2063 stri
2168 2016 2359 2064 autem
2389 2023 2524 2063 cum
2565 2007 2801 2065 navium
2850 2024 3092 2080 prorsus
3148 2010 3367 2068 nullam
3396 2012 3683 2072 haberent

2036 2096 2291 2168 copiam,
2339 2112 2540 2153 eorum
2583 2096 2891 2154 discursus
2941 2097 3183 2156 minime
3233 2103 3498 2172 poterant
3527 2102 3683 2175 impe

2036 2185 2181 2241 dire.
2210 2185 2430 2241 Tamen
2460 2184 2517 2240 id
2568 2185 2917 2243 omnimodis
2959 2188 3368 2258 procurabant,
3402 2206 3474 2247 ne
3505 2195 3682 2247 terre·

2036 2273 2138 2329 stri
2167 2274 2237 2330 ad
2252 2290 2351 2331 eos
2369 2273 2742 2331 accederetur
2765 2275 2995 2345 itinere,
3020 2277 3143 2332 vias
3164 2281 3222 2334 et
3250 2277 3522 2336 introitus
3541 2296 3677 2337 cum

2038 2365 2198 2421 omni
2226 2364 2613 2421 sollicitudine
2661 2365 3061 2424 observantes.
3103 2368 3345 2425 Factum
3376 2374 3462 2426 est
3486 2375 3682 2427 autem

2037 2455 2190 2526 quod
2257 2454 2564 2525 praedictus
2634 2455 3026 2525 Solimannus,
3105 2457 3436 2531 intelligens
3466 2460 3673 2517 urbem

2035 2559 2205 2598 suam
2236 2544 2539 2599 obsidione
2563 2543 2881 2612 molestari,
2923 2553 2984 2602 ut
3002 2547 3154 2603 cives
3175 2548 3592 2618 consolaretur,
3625 2555 3684 2607 et

2035 2634 2107 2690 ad
2140 2633 2531 2690 resistendum
2565 2635 2789 2707 plenius
2832 2638 3137 2707 animaret,
3171 2639 3411 2697 mittens
3432 2641 3579 2698 duos
3610 2642 3681 2698 de

2033 2722 2421 2779 familiaribus
2453 2722 2597 2788 suis,
2622 2724 2723 2797 qui
2761 2724 2831 2780 ad
2863 2725 3066 2781 urbem
3104 2725 3418 2798 perlacum
3448 2727 3678 2800 navigio

2033 2811 2473 2882 descenderent,
2508 2811 2682 2869 verba
2726 2812 3114 2871 consolatoria
3144 2832 3244 2887 per
3266 2816 3500 2873 eosdem
3530 2815 3676 2872 civi-

2033 2900 2143 2957 bus
2175 2901 2375 2973 dirigit
2408 2901 2468 2958 in
2488 2901 2640 2958 hunc
2660 2903 2897 2959 modum
2923 2920 2937 2958 :
2970 2904 3274 2961 Adventum
3303 2908 3363 2962 in
3392 2904 3557 2975 huius
3585 2906 3673 2980 se-

2032 2987 2155 3045 ticis
2194 2989 2421 3046 barbari
2460 2990 2679 3064 populi,
2709 2990 2807 3064 qui
2841 2993 2991 3049 circa
3037 2993 3229 3052 urbem
3256 3002 3501 3052 nostram
3530 2993 3678 3052 obsi-

2029 3079 2244 3135 dionem
2282 3080 2467 3136 locare
2507 3084 2885 3153 proesumpsit,
2929 3098 3041 3138 non
3086 3093 3163 3140 est
3189 3100 3322 3156 opus
3349 3093 3409 3141 ut
3438 3085 3678 3141 muttum

276 3177 532 3230 „trorum
582 3172 854 3242 adventu,
913 3178 970 3230 et
1017 3190 1188 3245 super
1248 3176 1352 3233 1100
1397 3177 1560 3234 valde
1613 3179 1919 3251 somnium,
1953 3168 1996 3235 C
2028 3168 2368 3239 formidetis.
2393 3171 2657 3228 Nosenim
2683 3187 2809 3227 cum
2830 3173 3045 3241 ingenti
3063 3175 3300 3243 fortium
3328 3181 3383 3231 et
3402 3177 3677 3234 nobilium

278 3261 464 3319 multo
493 3266 626 3318 ante
655 3261 713 3317 in
746 3261 1039 3319 Orientem
1056 3263 1457 3335 descenderat,
1480 3267 1803 3326 abillarum
1835 3286 1922 3326 re-

279 3351 514 3424 gionum
567 3350 953 3424 principibus,
1001 3356 1203 3409 contra
1246 3355 1501 3412 fidelium
1547 3358 1920 3416 advenientes

279 3440 504 3512 copias,
547 3439 968 3511 imploraturus
1015 3442 1321 3500 auxilium.
1373 3445 1763 3520 Effeceratque
1804 3466 1924 3522 per-

279 3527 658 3585 suasionibus
687 3533 744 3585 et
776 3527 958 3585 multa
989 3547 1224 3601 precum
1258 3532 1563 3601 instantia,
1595 3553 1699 3592 nec
1731 3554 1846 3593 non
1868 3541 1929 3595 et

280 3617 708 3689 stipendiorum
734 3618 1078 3682 interventu.
1103 3622 1252 3691 quod
1278 3622 1536 3679 infinitas
1556 3628 1683 3680 tum
1707 3642 1775 3681 ex
1797 3626 1927 3682 Per·

280 3703 429 3772 side,
460 3708 584 3758 tum
613 3720 682 3759 ex
695 3705 1098 3775 adjacentibus
1115 3707 1426 3778 provinciis
1457 3725 1652 3766 secum
1672 3710 1929 3768 adduxe-

282 3795 374 3848 rat
401 3792 722 3849 Turcorum
751 3793 947 3866 copias
976 3811 990 3863 ;
1024 3811 1264 3867 sperans
1309 3798 1459 3867 quod
1502 3814 1702 3856 eorum
1743 3801 1926 3859 fretus

282 3880 517 3949 auxilio,
542 3882 1073 3940 abimminentibns
1088 3886 1363 3956 periculis
1382 3888 1581 3944 urbem
1599 3891 1926 3959 praedictam

282 3975 340 4026 et
369 3970 662 4042 regionem
697 3971 1028 4029 universam
1075 3983 1272 4046 posset
1309 3976 1550 4048 eripere.
1584 3981 1700 4034 Has
1732 3985 1927 4036 tamen

283 4059 589 4115 universas
620 4060 944 4128 provincias
981 4063 1133 4134 (quae
1162 4081 1195 4119 a
1248 4066 1522 4137 praedicto
1553 4068 1927 4141 Hellesponto

285 4149 546 4221 usquein
570 4148 798 4221 Syriam
820 4151 1026 4207 itinere
1047 4152 1289 4223 triginta
1313 4155 1559 4213 dierum.
1583 4163 1642 4214 et
1675 4176 1707 4214 a
1726 4164 1926 4217 nostro

287 4236 434 4290 mari
466 4235 889 4293 Mediterraneo
921 4240 1190 4309 usquein
1212 4244 1662 4313 septentrionem
1686 4248 1929 4306 totidem

287 4322 514 4378 dierum
530 4321 731 4378 itinere
749 4325 1241 4397 protenduntur),
1263 4330 1487 4387 modico
1506 4338 1639 4389 ante
1669 4340 1930 4407 tempore

286 4410 543 4484 proedicti
573 4410 900 4470 Solimanni
925 4419 1192 4485 patruus,
1219 4417 1500 4475 Bell'etoi'b
1534 4424 1789 4492 nomine,
1812 4441 1931 4481 ma·

2026 3260 2274 3314 virorum
2320 3260 2585 3316 comitatu
2615 3262 2675 3316 in
2722 3262 2901 3317 vicino
2941 3278 3132 3320 sumus
3175 3266 3455 3332 constitui,
3495 3268 3675 3338 majo-

2029 3363 2114 3405 res
2141 3348 2318 3404 adhuc
2346 3365 2465 3420 quse
2484 3366 2579 3406 nos
2594 3352 3023 3423 subsequuntur,
3045 3359 3421 3426 exspectantes
3449 3359 3633 3429 copias
3655 3375 3675 3415 .·

2029 3440 2244 3510 eritque
2272 3440 2331 3493 in
2370 3442 2648 3511 proxime,
2693 3446 2755 3495 ut
2801 3441 3038 3499 collectis
3067 3445 3127 3499 in
3155 3460 3328 3500 unum
3357 3446 3591 3516 viribus,
3617 3448 3677 3503 in

2031 3542 2222 3583 eorum
2249 3534 2438 3588 castra
2476 3539 2692 3600 repente
2733 3531 3032 3586 irruamus.
3087 3532 3234 3590 Unde
3256 3539 3309 3590 et
3348 3549 3439 3590 vos
3466 3552 3680 3609 quoque

2035 3621 2206 3672 estote
2233 3619 2439 3687 parati,
2472 3626 2533 3674 ut
2560 3618 2715 3675 nobis
2743 3623 2985 3675 exterius
3010 3622 3371 3689 irruentibus,
3399 3640 3491 3681 vos
3514 3625 3680 3682 etiam

2033 3704 2297 3760 reseratis
2325 3706 2569 3761 aditibus
2588 3708 2927 3777 eqredientes
2945 3709 3161 3766 instetis
3191 3713 3554 3784 unanimiter,
3585 3730 3685 3771 no-

2037 3792 2119 3849 bis
2146 3808 2301 3864 opem
2347 3794 2632 3851 collaturi.
2669 3796 2776 3853 Sed
2804 3814 2978 3869 neque
3022 3814 3212 3856 eorum
3258 3809 3567 3873 suspectam
3595 3820 3687 3861 vos

2036 3887 2243 3951 oportet
2273 3883 2474 3939 habere
2502 3884 2941 3953 multitudinem,
2981 3887 3049 3943 de
3073 3890 3299 3947 remotis
3327 3894 3476 3948 enim
3503 3902 3686 3965 parti-

2040 3972 2158 4040 bus,
2190 3979 2242 4030 et
2271 3990 2306 4028 a
2331 3974 2469 4030 sotis
2495 3990 2688 4032 occasu
2708 3976 3113 4049 descendentes,
3145 3980 3298 4051 tongi
3321 3979 3690 4042 diuturnitate

2037 4062 2274 4132 itineris,
2323 4068 2376 4119 et
2415 4064 2667 4121 laborum
2706 4067 2983 4138 impendio
3031 4069 3275 4141 latiyati,
3323 4087 3497 4144 neque
3522 4089 3690 4145 equos

2039 4152 2260 4220 habent,
2292 4155 2391 4225 qui
2435 4153 2568 4210 belli
2601 4156 2811 4227 pondus
2847 4159 3121 4216 sustinere
3157 4160 3379 4218 valeant
3398 4178 3423 4229 ,·
3449 4179 3549 4218 nec
3579 4166 3693 4235 ipsi

2040 4243 2196 4300 nobis
2241 4244 2339 4318 qui
2379 4255 2618 4303 recentes
2647 4249 2914 4316 venimus,
2955 4247 3171 4307 viribus
3201 4260 3252 4308 et
3279 4259 3479 4310 conatu
3526 4271 3689 4325 pares

2038 4336 2298 4405 poterunt
2318 4335 2575 4406 reperiri.
2599 4338 2666 4392 Et
2692 4353 2782 4394 vos
2803 4340 2908 4409 ipsi
2925 4342 3120 4396 tenetis
3158 4346 3490 4412 memoriter,
3520 4361 3687 4417 quam

2038 4422 2204 4492 facile
2218 4424 2287 4479 de
2316 4422 2533 4492 ingenti
2550 4440 2743 4480 eorum
2763 4427 3285 4500 triumphaverimus
3302 4432 3682 4505 multitudine,

285 4500 482 4557 ximus
513 4500 816 4558 Persarum
840 4502 1385 4578 soldanustempore
1405 4508 1675 4578 Romani,
1707 4512 1807 4584 qui
1837 4530 1931 4569 co-
1961 4536 2008 4600 D
2037 4526 2153 4566 una
2181 4511 2273 4568 die
2301 4512 2589 4584 plusquam
2640 4518 3043 4589 quinquaqinta
3085 4534 3157 4575 ex
3183 4521 3263 4576 eis
3293 4520 3478 4578 millia
3502 4532 3685 4581 exter-

286 4590 664 4665 gnominatus
692 4597 783 4648 est
809 4591 1110 4664 Diogenes,
1135 4594 1495 4666 imperatoris
1523 4598 1926 4659 Constantino·

286 4679 527 4754 politani
554 4698 568 4746 ;
601 4680 699 4752 qui
728 4684 862 4737 ante
893 4681 1334 4741 huncAlexium
1366 4685 1554 4743 fuerat
1576 4689 1804 4759 tertius,
1835 4707 1926 4748 oc-

285 4774 601 4843 cupaverat
628 4770 928 4839 violenter,
951 4775 1008 4826 et
1027 4773 1260 4829 easdem
1281 4775 1554 4845 praediclo
1583 4793 1652 4833 ex
1675 4778 1928 4850 plurima

286 4864 453 4931 parte
509 4859 830 4917 tradiderat
883 4861 1229 4921 Solimanno.
1280 4864 1620 4922 Possidebat
1673 4885 1832 4942 ergo,
1872 4876 1930 4929 et

279 4948 411 5019 jure
440 4949 807 5019 proprietatis
845 4950 1181 5009 vindicabat
1222 4954 1335 5011 sibi
1368 4956 1670 5015 universas
1693 4960 1929 5032 provin-

286 5034 407 5094 cias
433 5053 468 5092 a
496 5036 672 5095 Tarso
703 5039 917 5096 Ciliciae
950 5058 1130 5113 usque
1149 5044 1223 5100 ad
1245 5043 1685 5117 Hellespontum
1710 5067 1725 5116 ;
1758 5050 1841 5106 ita
1866 5054 1929 5106 ut

284 5142 317 5184 s
346 5130 657 5201 conspectu
691 5128 1352 5202 Constantinopolitanoe
1383 5135 1635 5193 civitatis
1651 5154 1931 5209 procura-

283 5221 440 5274 tores
470 5232 605 5273 suos
624 5215 880 5287 baberet,
912 5218 1013 5290 qui
1033 5223 1484 5280 consuetudines
1507 5241 1539 5280 a
1569 5228 1933 5283 transeunti-

284 5307 721 5380 busexigerent,
743 5307 961 5365 tributa
980 5313 1037 5365 et
1057 5312 1363 5385 vectigalia
1384 5315 1636 5387 regionis
1650 5316 1930 5375 universis

285 5394 356 5450 ad
398 5395 708 5452 utilitatem
749 5397 969 5454 domini
1017 5400 1103 5456 sui
1152 5400 1509 5474 colligentes.
1561 5405 1688 5477 Ipse
1736 5415 1931 5465 autem

287 5496 425 5540 cum
446 5498 535 5551 ea,
560 5499 740 5556 quam
764 5489 929 5542 tanto
951 5486 1148 5546 labore
1171 5489 1504 5561 collogerst,
1531 5493 1929 5554 multitudine.

288 5571 347 5628 in
408 5574 701 5631 montibus
729 5574 955 5645 vicinis,
976 5577 1070 5634 vix
1125 5594 1158 5635 a
1204 5582 1401 5638 nostro
1438 5584 1691 5641 exercitu
1735 5586 1933 5644 decem

2034 4599 2207 4656 minio
2253 4600 2603 4658 mandantes.
2657 4603 3066 4675 confortamini
3102 4608 3301 4678 igitur,
3325 4614 3377 4667 et
3405 4612 3577 4669 notite
3607 4615 3691 4669 ti-

2032 4705 2220 4752 mere,·
2242 4706 2367 4747 eras
2398 4693 2547 4747 enim
2582 4700 2714 4751 ante
2748 4695 2941 4752 horam
2986 4697 3100 4753 diei
3126 4702 3434 4772 septimam,
3465 4703 3689 4774 plenam

2028 4779 2307 4852 recipietis
2335 4780 2787 4850 consolationem,-
2804 4785 2875 4841 ab
2897 4785 3143 4845 hostibus
3174 4790 3439 4863 expediti.

2685 4889 2918 4949 CAPUT
2950 4894 3049 4951 111.

2034 4994 2261 5066 Capitur
2288 4996 2526 5067 epistotae
2556 4997 2793 5067 baiulus,
2827 5005 2877 5056 et
2908 5001 3168 5058 universa
3192 5003 3547 5075 principibus
3580 5008 3683 5065 Ιιο-

2100 5068 2269 5123 stium
2300 5073 2507 5123 reserat
2544 5074 2768 5155 secreta.
2821 5071 3008 5155 Comes
3032 5074 3321 5157 Tolosanus
3354 5077 3377 5150 (
3406 5078 3682 5165 qui-solus

2102 5139 2312 5267 ιειέῗᾶἑιξ)
2359 5141 2518 5196 velox
2561 5140 2783 5212 accedit,
2814 5158 2849 5198 a
2915 5146 3264 5219 principibus
3308 5148 3555 5222 reliquis
3602 5168 3681 5207 ci-

2107 5317 2294 5390 Igitur
2323 5318 2601 5390 quimissi
2621 5319 2871 5389 fuerant,
2892 5328 3217 5393 quaerentes
3230 5327 3385 5383 unde
3414 5344 3680 5387 commo-

2036 5407 2168 5463 dius
2197 5409 2504 5481 enavigare
2535 5413 2790 5480 possent,
2824 5426 2995 5469 secus
3026 5414 3214 5487 ripam
3246 5417 3674 5491 applicuerunt.

2037 5496 2301 5570 Dumque
2344 5499 2661 5557 lustrantes
2709 5508 2982 5574 quarunt
3027 5507 3312 5579 aptiorem
3342 5509 3676 5579 introitum,

2037 5585 2203 5657 alter,
2235 5587 2455 5647 nostris
2480 5588 2543 5647 in
2572 5604 2670 5648 eos
2687 5589 3072 5668 irruentibus,
3101 5594 3301 5656 subito
3329 5602 3535 5670 captus
3555 5606 3680 5673 ως
