3784 6000
193 244 313 311 245

1139 247 1340 310 nls‘r.
1389 244 1659 309 RERUM
1703 245 2247 310 TRANSMARIN.
2293 276 2375 291 —
2412 242 2566 305 LIB.
2609 244 2661 306 1.

3483 253 3604 319 216

193 380 387 440 lenter
414 387 729 457 expugnat,
768 384 1042 442 omnibus
1071 389 1353 458 quotquot
1398 383 1560 441 intus
1609 382 1842 455 reperit,
1873 384 1927 453 Α
1972 399 2161 457 usque
2183 397 2241 439 in
2255 398 2457 439 eorum
2472 386 2685 452 castra,
2702 390 2950 455 stragem
2971 389 3591 459 operantesinflnitam

191 471 392 544 gladio
420 474 761 546 peremptis.
804 472 1029 531 Interea
1077 490 1277 532 rumor
1305 473 1364 531 in
1393 474 1601 532 castris
1645 489 1839 546 perso-

193 561 346 628 nuit,
378 566 437 619 et
469 562 683 619 celebri
710 563 865 620 {ama
898 563 1297 637 pervulgatum
1337 567 1442 633 est,
1492 562 1843 620 Teutonico-

193 666 325 707 rum
370 650 665 717 cobortes,
696 667 822 725 quo
868 655 1132 709 recenter
1185 653 1255 708 de
1309 653 1518 709 cestrie
1565 652 1843 717 exierant,

1950 490 2050 531 eos
2081 471 2349 530 insectati
2380 478 2540 529 sunt.
2572 473 2920 531 Ceciderunt
2963 475 3023 532 in
3071 494 3141 534 ea
3186 481 3598 552 congressione

1949 566 2021 621 de
2049 564 2184 619 viris
2212 562 2533 630 nobilibus,
2584 562 2684 636 qui
2734 564 2886 620 Petri
2930 570 3122 621 eastra
3176 569 3604 642 sequebantur.

1949 654 2218 709 Galterus
2256 651 2585 719 sensaveir,
2609 651 2931 710 Rainaldus
2954 654 3025 710 de
3053 654 3236 725 Breis,
3268 657 3594 720 Fulcherus

191 739 247 796 iu
280 755 473 797 manu
503 740 822 798 solimanni
856 742 1090 815 penitus
1120 741 1421 800 cecidisse.
1454 740 1617 798 Unde
1652 749 1845 796 meme
1953 738 2595 806 Aurelianensis,etalii
2615 740 3095 799 innumerabiles.
3120 744 3265 803 Nam
3288 745 3360 804 de
3377 747 3584 822 viginti

189 827 525 902 plurimum
554 831 936 898 consternati,
991 832 1210 906 gemitu
1267 834 1324 887 et
1372 829 1663 902 lacrymis,
1705 844 1846 901 quas

187 934 305 991 pro
338 918 594 991 spiritus
621 921 893 992 angustia
923 920 1196 978 cohibere
1225 927 1536 990 nequeunt,
1583 918 1844 976 dolorem

188 1010 620 1080 protestantur.
665 1007 931 1066 Tandem
976 1013 1271 1080 comperta
1308 1009 1544 1082 plenius
1585 1007 1845 1074 veritate,

185 1097 457 1153 exoritur
496 1096 789 1154 tumultus
846 1097 1210 1171 popularium
1260 1097 1317 1153 in
1349 1097 1598 1167 castris3
1628 1097 1852 1153 vocife-

185 1190 357 1243 rante
390 1184 585 1257 plebe,
617 1190 675 1244 et
696 1186 757 1242 id
788 1202 1025 1244 summa
1059 1186 1329 1259 exigente
1358 1201 1596 1258 precum
1630 1185 1827 1242 instan

184 1275 284 1341 tia,
312 1282 383 1331 ut
404 1274 636 1333 illatam
661 1275 943 1333 fratribus
966 1281 1084 1332 tam
1106 1292 1405 1333 enormem
1437 1292 1553 1331 nou
1576 1275 1851 1334 dissimu-

183 1365 380 1420 latent
419 1364 703 1436 injuriam
734 1383 748 1433 ;
783 1365 884 1420 sed
918 1365 1199 1438 correptis
1229 1365 1432 1431 armis,
1461 1379 1665 1421 omnes
1697 1380 1851 1419 una-

184 1456 447 1523 nimiter,
480 1459 598 1511 tam
625 1454 858 1528 equites
889 1471 1068 1527 quam
1093 1455 1334 1527 pedites,
1363 1454 1847 1526 interemptorum

184 1544 437 1602 fratrum
471 1544 820 1617 sanguinem
872 1544 1221 1601 vindicaturi
1260 1545 1654 1617 procederent.
1684 1542 1848 1609 Quod

181 1634 431 1690 verbum
468 1632 722 1704 maiores
752 1633 1064 1699 exercitus,
1086 1637 1143 1690 et
1172 1634 1271 1707 qui
1305 1633 1365 1689 in
1395 1633 1611 1689 talibus
1631 1631 1849 1704 plenio-

1956 830 2213 904 quinque
2238 829 2499 885 millibus
2555 830 2838 900 peditum,
2890 831 2989 903 qui
3041 833 3112 889 de
3141 835 3349 891 castris
3371 838 3593 909 egressi

1957 921 2204 985 inerant,
2236 922 2294 975 et
2324 920 2395 975 de
2426 917 2875 990 quingentorum
2899 937 3139 978 numero
3190 924 3477 997 equitum,
3509 927 3603 985 vix

1954 1007 2042 1064 vel
2096 1023 2252 1063 unus
2283 1007 2585 1080 superfuit,
2616 1008 2719 1079 qui
2769 1012 2870 1064 aut
2899 1014 3146 1067 mortem
3178 1012 3464 1087 effugerit,
3496 1019 3602 1074 aut

1957 1097 2210 1154 vincula.

2541 1202 2777 1260 CAPUT
2815 1204 2994 1261 XXVI
3002 1246 3015 1259 .

1955 1315 2309 1371 Sotimannus
2333 1313 2508 1370 victor
2527 1320 2842 1370 nostrorum
2861 1319 3051 1372 castra
3071 1317 3265 1390 diripit
3285 1320 3600 1378 :residuum

2026 1385 2217 1456 populi
2247 1393 2342 1440 aut
2372 1385 2650 1454 captivum
2678 1386 2877 1453 trahit,
2905 1394 3005 1443 aut
3049 1390 3283 1459 perimit
3302 1407 3327 1454 ,·
3356 1399 3602 1450 castrum

2030 1456 2231 1584 ξὲἕὲξιιὶᾶ
2261 1456 2504 1520 obsidet:
2533 1456 2647 1524 sed,
2674 1458 2869 1514 audita
2906 1461 3257 1532 imperatoris
3302 1462 3598 1533 levatione,

2030 1636 2288 1691 Tandem
2310 1652 2445 1692 vero
2502 1635 2612 1692 hac
2671 1637 2892 1707 potitus
2937 1639 3200 1708 victoria,
3233 1645 3290 1697 et
3328 1642 3600 1714 praeseuti

189 1738 298 1780 rem
352 1722 656 1778 habebant
701 1723 1136 1794 experientiam,
1199 1722 1423 1778 domini
1471 1721 1839 1793 imperatoris
1958 1740 2229 1782 successu
2278 1726 2655 1783 Solimanuus
2695 1726 2884 1784 sactus
2915 1727 3141 1796 elatior,
3173 1730 3233 1786 in
3262 1735 3457 1789 castra
3483 1732 3604 1790 vio·

190 1810 431 1869 consilio
462 1826 670 1884 parere
699 1810 981 1879 volentes,
1012 1827 1146 1868 cum
1196 1811 1404 1867 vellent
1453 1811 1838 1883 comprimere
1873 1770 1921 1836 B
1952 1814 2148 1871 lentus
2168 1814 2377 1883 irruit;
2412 1815 2465 1872 id
2493 1815 2792 1872 residuum
2827 1819 2978 1889 quod
3004 1824 3328 1890 supererat,
3361 1821 3598 1880 nemine

192 1905 239 1958 ct
265 1899 530 1957 furentis
562 1898 761 1972 populi
791 1899 1173 1956 indiscretum
1208 1901 1480 1973 mitigare
1527 1900 1837 1968 fervorem,

1939 1904 2068 1977 jam
2128 1904 2232 1976 qui
2299 1904 2566 1960 resistere
2601 1910 2796 1976 posset
2843 1907 3099 1973 invento,
3122 1907 3331 1976 gladiis
3356 1910 3590 1976 abolet3

195 1988 689 2062 insurrexitplebs
709 1989 983 2046 adversus
999 2005 1098 2048 eos
1118 1990 1432 2059 indomita;
1456 1993 1513 2045 et
1533 1988 1839 2060 cujusdam
1946 2009 2138 2059 eenes,
2167 1993 2648 2057 valetudinarios,
2675 1994 2997 2051 monachos
3023 1998 3080 2051 et
3107 1995 3328 2053 clerum
3360 1997 3595 2056 univer-

198 2079 501 2149 Godelridi,
532 2078 632 2151 qui
652 2078 1176 2152 cognominabatur
1201 2079 1394 2150 Burei,
1430 2078 1532 2150 qui
1567 2078 1839 2150 princepe

201 2173 305 2224 erat
362 2168 666 2236 factionis,
715 2184 820 2225 usa
875 2169 1219 2239 patrocinio,
1266 2168 1587 2239 majoribus
1634 2171 1839 2223 contu·

203 2255 391 2314 melias
419 2257 605 2329 coepit
634 2257 944 2329 irrrogare,
968 2256 1263 2313 timiditati
1296 2257 1614 2325 ascribens,
1646 2264 1700 2311 et
1724 2271 1836 2310 non

204 2346 537 2418 prudentio,
571 2346 725 2419 quod
756 2346 999 2403 fratrum
1026 2345 1450 2414 interfectores,
1496 2345 1686 2401 ultore
1716 2343 1839 2416 gla-

205 2434 283 2492 dio
312 2450 431 2492 non
460 2445 969 2508 persequerentur.

796 2543 1031 2601 CAPUT
1076 2543 1254 2601 XXV.

209 2632 521 2692 tondeatur
545 2632 805 2689 adversus
832 2633 1083 2690 cumdem
1114 2632 1504 2691 Sotimcnnum
1548 2633 1612 2690 ob
1640 2629 1841 2688 coedem

258 2707 507 2777 fratrum
541 2705 833 2760 universus
870 2706 1163 2772 exercitus,
1194 2709 1245 2762 ct
1288 2722 1542 2779 pitanam
1582 2705 1842 2760 adversus

257 2791 385 2833 cam
412 2777 777 2833 consumitur.

255 2882 572 2942 Provaluit
604 2882 841 2941 tandem
866 2882 1123 2941 deterius
1145 2883 1481 2943 affectorum
1511 2888 1799 2946 sententia
1825 2914 1841 2961 3

202 2975 251 3030 et
300 2988 471 3030 arma
522 2971 906 3045 corripientes
965 2973 1246 3043 universi,
1290 2975 1510 3034 relictis
1550 2977 1842 3038 debilibus

1949 2099 2104 2150 sum,
2141 2086 2437 2139 matronas
2470 2098 2706 2155 quoque
2734 2085 3073 2156 grandaevas
3098 2085 3247 2142 ferro
3279 2089 3593 2159 perimens,

1948 2171 2092 2227 solie
2107 2171 2303 2243 pueris
2315 2178 2365 2228 et
2405 2171 2636 2243 puellis,
2651 2171 2883 2229 adhudc
2902 2171 3330 2247 impuberibus,
3344 2192 3593 2248 quorum

1950 2276 2055 2331 pro
2114 2261 2199 2316 eis
2254 2264 2393 2316 retas
2443 2260 2860 2325 intercedebat.
2893 2268 2949 2317 et
2991 2262 3188 2332 sanies,
3220 2264 3293 2320 ad
3315 2264 3426 2322 hoc
3455 2282 3594 2339 par-

1950 2365 2109 2419 cens,
2134 2354 2200 2405 ut
2256 2348 2524 2406 servituti
2583 2349 2961 2424 manciparet.
3016 2351 3148 2407 Erat
3187 2355 3382 2410 autem
3422 2354 3593 2426 juxta

1951 2446 2282 2495 nostrorum
2338 2442 2547 2509 castra,
2600 2439 2659 2495 in
2708 2438 2899 2497 littore
2948 2438 3127 2497 maris
3166 2440 3367 2512 situm,
3399 2443 3599 2515 praesi-

1949 2526 2114 2585 dium
2146 2532 2335 2595 vetus,
2368 2528 2739 2598 semirutum,
2763 2528 3190 2587 habitatoribus
3215 2546 3485 2604 vacuum,
3515 2531 3599 2590 ita

1949 2620 2014 2674 ut
2044 2633 2147 2675 uec
2176 2633 2337 2673 seras
2392 2617 2652 2687 haberet,
2685 2634 2790 2675 nec
2831 2618 3015 2688 ostia;
3046 2619 3105 2675 in
3137 2620 3315 2692 quod,
3343 2621 3596 2679 necessi·

1949 2709 2069 2763 tate
2099 2705 2408 2777 compulsi,
2440 2706 2694 2763 salutem
2724 2707 2782 2762 iu
2813 2721 2884 2764 eo
2914 2723 3084 2780 posse
3127 2710 3404 2783 consequi
3433 2710 3593 2768 arbi·

1949 2798 2194 2863 trantes,
2210 2793 2652 2865 peregrinorum
2675 2795 2909 2865 quidam
2926 2794 3397 2865 secoutuleruut,
3421 2797 3594 2871 quasi

1951 2884 2023 2941 ad
2084 2884 2192 2939 tria
2244 2882 2448 2939 millia.
2482 2884 2590 2948 Qui
2620 2883 2864 2955 objectis
2884 2883 3123 2956 clypeis,
3154 2888 3212 2942 et
3242 2901 3592 2959 magnorum

1953 2970 2324 3030 advolutione
2382 2970 2688 3029 molarIum
2731 2972 2926 3030 aditus
2955 2973 3286 3044 obstruunt,
3307 2978 3366 3032 et
3394 2975 3465 3033 ad
3495 2974 3592 3034 sui

202 3078 320 3120 cum
350 3061 709 3119 mulieribus
738 3067 794 3119 et
842 3064 1123 3135 parvulis,
1172 3068 1229 3119 et
1284 3064 1377 3122 his
1430 3066 1647 3138 quibus
1675 3086 1837 3128 arma
1955 3062 2284 3130 tuitionem,
2318 3064 2485 3133 proat
2519 3062 2878 3120 necessitatis
2927 3062 3210 3120 articulus
3237 3063 3591 3136 imperabat,

200 3167 301 3210 non
320 3155 525 3220 erant,
550 3152 887 3225 congregati
917 3156 1058 3209 eunt
1085 3153 1155 3209 ad
1180 3154 1386 3227 viginti
1415 3155 1671 3229 quinque
1702 3160 1833 3216 mil·
1864 3140 1910 3209 G
1946 3150 2348 3222 accinguntur.
2395 3151 2659 3223 Dumque
2703 3151 2925 3208 'l'urcoe
2963 3151 3250 3209 instantes
3286 3152 3593 3211 vehemen-

202 3240 265 3297 lia
293 3239 565 3315 peditum
594 3249 976 3311 armatorum,
1000 3241 1351 3315 quingentos
1372 3246 1599 3318 equites
1622 3248 1842 3322 optime

202 3329 468 3388 loricatos
500 3330 805 3389 babentes.
839 3332 1134 3390 Ordinatie
1155 3349 1292 3407 ergo
1327 3336 1664 3409 agminibus
1694 3343 1752 3396 et
1779 3340 1840 3396 in

202 3419 347 3478 scies
378 3420 648 3493 digestis,
678 3435 884 3478 versus
925 3425 1202 3479 montana
1258 3440 1358 3496 per
1396 3425 1596 3483 silvam
1629 3429 1840 3500 praedi-

202 3514 371 3582 stam,
402 3510 479 3567 ad
512 3516 703 3582 partes
730 3510 939 3569 Niceas
967 3512 1343 3569 contendunt.
1376 3514 1600 3587 Vixque
1627 3516 1703 3574 ad
1734 3519 1842 3576 tria

204 3600 472 3658 milliaria
501 3603 921 3673 processerant,
953 3618 1089 3660 cum
1130 3619 1262 3661 ecce
1301 3603 1680 3667 Solimannus
1716 3625 1843 3667 cum

206 3688 515 3747 innumera
542 3705 787 3747 suorum
819 3690 1193 3750 multitudine
1221 3694 1487 3752 eamdem
1519 3695 1727 3755 silvam
1757 3699 1842 3756 in·

202 3793 456 3849 meus,
488 3783 556 3836 ut
582 3778 645 3835 in
673 3783 864 3838 castra
888 3786 1246 3849 nostrorum,
1276 3799 1399 3855 quoe
1430 3784 1490 3841 in
1518 3785 1647 3843 loco
1675 3794 1843 3845 erant

200 3882 375 3940 supra
433 3866 762 3939 nominato,
839 3869 1072 3927 subitus
1129 3871 1395 3941 irrueret,
1453 3874 1837 3936 accelerabat.

196 3957 571 4030 audiensque
592 3972 695 4029 per
715 3959 981 4016 eamdem
1003 3959 1207 4017 silvam
1240 3960 1524 4020 clamores
1547 3965 1836 4038 insolitos,

197 4049 253 4103 st
278 4045 544 4117 primum
574 4054 858 4120 comperit
886 4049 1041 4122 quod
1063 4068 1097 4107 a
1126 4051 1332 4109 castris
1353 4067 1598 4125 egressas
1619 4063 1840 4113 nostro-

193 4151 317 4194 rum
359 4136 482 4194 sibi
513 4145 884 4194 occurrerent
906 4139 1188 4210 legiones,
1218 4140 1433 4198 relictis
1458 4144 1755 4203 montibus
1779 4150 1838 4204 et

191 4228 351 4296 silva,
381 4228 460 4285 ad
494 4232 762 4300 patentes
799 4245 1036 4301 campos
1088 4247 1152 4288 se
1189 4231 1455 4288 contulit.
1506 4234 1629 4299 Quo
1659 4236 1834 4294 etiam

189 4316 367 4375 nostri
399 4319 830 4390 pervenientes,
892 4319 1177 4379 adventus
1224 4320 1480 4379 boetium
1511 4323 1700 4397 ignari
1738 4341 1834 4396 pe-

188 4409 368 4480 nitus,
404 4412 721 4481 postquam
751 4423 953 4465 eorum
984 4410 1044 4465 in
1073 4409 1264 4467 vicino
1307 4412 1686 4470 constitutum
1737 4431 1832 4471 co·

186 4501 521 4571 gnoveruut
546 4496 893 4567 exercitum,
916 4498 1139 4555 mutuis
1161 4516 1224 4556 se
1253 4501 1494 4558 vocibus
1524 4502 1838 4561 exhortan-
1864 4514 1915 4577 Ι)

184 4591 284 4658 tes,
314 4588 384 4644 in
420 4587 630 4644 hostes
675 4585 929 4653 irruunt,
965 4585 1178 4660 gladiis
1226 4588 1512 4647 instantes
1540 4593 1831 4662 cominus,

183 4676 672 4749 interemptorum
686 4675 929 4732 fratrum
944 4678 1288 4749 sanguinem
1303 4679 1374 4735 de
1387 4695 1562 4737 manu
1577 4682 1834 4740 hostium

180 4767 574 4840 requirentes.
605 4762 812 4822 Hostes
839 4780 973 4821 vero
1014 4766 1164 4824 votis
1203 4768 1482 4824 omuibus
1510 4772 1568 4825 et
1598 4772 1838 4829 ardente

177 4853 482 4928 proposito
517 4857 748 4910 nostroe
771 4854 828 4909 in
861 4870 921 4910 se
950 4854 1236 4912 irruentes
1258 4856 1466 4929 gladiis
1497 4861 1833 4932 excipiunt3

178 4951 250 5013 st,
278 4947 669 5015 compertum
696 4940 976 5000 habentes
1033 4945 1188 5016 quod
1247 4962 1339 5003 res
1396 4963 1498 5018 pro
1545 4950 1832 5022 capitibus

176 5039 474 5109 ageretur,
498 5031 788 5089 resistunt
808 5031 1068 5100 viriliter,
1085 5036 1247 5105 justa
1271 5036 1672 5110 indignatione
1699 5056 1829 5095 suc·

171 5123 351 5192 sensi,
381 5128 443 5180 et
472 5119 551 5177 de
569 5136 680 5177 sue
709 5121 1083 5179 multitudine
1105 5131 1547 5196 praesumentes.
1568 5126 1829 5184 Tandem

170 5209 633 5286 confligentibus
661 5207 982 5267 adinvicem
1002 5210 1141 5268 binc
1171 5212 1306 5269 inde
1329 5213 1663 5271 cohortibus
1681 5221 1828 5270 stre-

174 5317 300 5371 nue,
318 5300 603 5370 satisque
624 5296 889 5366 viriliter,
912 5301 1173 5371 oppressi
1205 5306 1493 5358 nostrates
1522 5304 1596 5359 ab
1625 5318 1826 5361 eorum

172 5388 579 5459 multitudine,
601 5392 659 5445 et
688 5390 918 5461 pondus
949 5390 1084 5447 belli
1118 5408 1232 5448 non
1251 5391 1506 5449 valentes
1538 5392 1682 5449 terre
1701 5393 1828 5451 diu·

172 5478 306 5550 Rus,
334 5476 660 5536 dissolutis
708 5476 1060 5551 agminibus,
1118 5482 1179 5536 in
1222 5480 1419 5553 lugam
1450 5481 1604 5540 versi
1633 5486 1773 5540 eunt
1808 5501 1823 5540 ε

170 5571 391 5645 quibus
443 5564 840 5629 nibilominus
893 5568 1069 5628 Turni
1124 5570 1335 5644 gladiis
1392 5571 1826 5644 incumbentes,

1949 3239 2093 3308 tius,
2123 3256 2226 3312 epe
2283 3239 2610 3296 obtinenda
2660 3239 2892 3311 salutis,
2923 3240 3022 3313 qui
3070 3241 3298 3299 obsessi
3336 3247 3523 3316 erant,
3555 3261 3590 3301 a

1950 3345 2014 3387 se
2044 3328 2332 3402 repellunt
2368 3328 2622 3401 longius,
2652 3346 2757 3403 pro
2798 3331 2915 3387 vita
2952 3335 3009 3388 et
3038 3330 3306 3390 libertate
3335 3333 3473 3391 totis
3501 3334 3589 3392 vi-

1953 3418 2114 3474 ribus
2155 3417 2534 3488 decertantes,
2562 3419 2809 3477 nuntius
2841 3420 3083 3492 quidam
3106 3421 3214 3479 sub
3243 3422 3405 3479 omni
3434 3422 3582 3481 cele-

1950 3507 2119 3566 ritate
2131 3507 2200 3563 ad
2215 3507 2446 3565 Petrum
2457 3509 3081 3582 accedentee,etragem
3094 3526 3334 3568 suorum
3345 3511 3593 3580 indicatz

1950 3599 2009 3654 et
2038 3596 2304 3654 residuos
2333 3595 2404 3653 de
2452 3597 2667 3670 populo
2705 3598 2835 3669 jam
2888 3603 3260 3671 consumpto,
3290 3600 3351 3656 in
3379 3600 3593 3673 oppido

1951 3686 2206 3758 quodam
2235 3685 2515 3742 semiruto
2526 3684 2859 3743 arctissima
2880 3685 3180 3745 obsidione
3201 3687 3442 3745 vallatos
3462 3688 3600 3745 edo·

1952 3781 2065 3845 cet,
2097 3791 2398 3832 armorum
2427 3778 2486 3832 et
2514 3774 2699 3831 victus
2730 3774 2923 3846 inopia
2967 3774 3321 3834 laborantes.
3353 3776 3462 3844 Qui
3509 3777 3582 3834 ad

1949 3865 2253 3923 domiuum
2311 3864 2724 3936 imperatorem
2780 3864 3084 3933 accedens,
3117 3864 3264 3921 tusis
3293 3865 3593 3924 humiliter

1952 3953 2241 4026 precibus,
2276 3954 2499 4010 obtinet
2528 3957 2589 4010 ut
2608 3953 2791 4010 missa
2807 3952 2944 4010 illuc
2971 3953 3081 4010 sub
3098 3954 3258 4011 omui
3284 3954 3589 4013 velocitate

1951 4042 2160 4099 militia
2191 4041 2464 4113 reliquias
2518 4041 2718 4115 populi
2747 4042 2821 4099 ab
2844 4042 3291 4101 imminentibus
3314 4044 3589 4117 periculis

1950 4132 2253 4207 precipiat
2281 4130 2514 4188 liberari
2547 4149 2562 4188 ε
2587 4132 2746 4203 quod
2776 4137 2832 4189 et
2862 4132 3204 4191 factumest.
3217 4134 3587 4202 Turcieuim,

1951 4222 2151 4280 audita
2170 4220 2393 4277 domini
2422 4221 2793 4292 imperatoris
2818 4220 3102 4293 jussione,
3123 4222 3197 4279 ab
3224 4223 3424 4297 oppidi
3453 4239 3590 4298 pro-

1950 4314 2110 4372 tinus
2138 4311 2489 4368 destiterunt
2522 4311 2986 4384 impugnatione,
3016 4317 3073 4370 et
3087 4312 3588 4373 trahentessecum

1950 4417 2101 4475 quoe
2129 4400 2189 4457 in
2213 4401 2447 4457 vincula
2474 4401 2865 4472 conjecerant,
2896 4417 3031 4459 cum
3060 4402 3326 4461 tentoriis
3346 4405 3404 4460 et
3432 4404 3590 4478 papl-

1947 4490 2227 4557 lionibus,
2274 4490 2463 4563 equis,
2523 4489 2717 4560 mulis,
2774 4492 2833 4547 et
2880 4492 3221 4549 omnimoda
3259 4500 3591 4551 nostrorum

1942 4578 2530 4652 supeltectileoptima
2543 4578 3087 4651 spoliadel'erentes,
3120 4580 3349 4636 Niceam
3372 4581 3589 4637 reversi

1947 4675 2108 4727 sunt.
2141 4668 2238 4726 Sic
2294 4684 2427 4739 ergo
2465 4668 2795 4725 cervicosus
2820 4668 3071 4740 populus
3090 4671 3149 4724 et
3181 4666 3588 4741 intractabilis,

1945 4760 2088 4816 dum
2113 4758 2352 4815 monitis
2382 4755 2652 4813 nesciunt
2695 4756 3063 4829 acquiescere
3093 4754 3453 4827 melioribus,
3476 4772 3588 4814 suo

1944 4849 2147 4920 lapsus
2192 4848 2434 4919 impetu.
2480 4851 2637 4903 totus
2692 4845 2994 4904 descendit
3047 4844 3111 4902 in
3158 4844 3460 4902 interitum
3491 4850 3588 4914 ;et

1943 4937 2086 4993 dum
2140 4934 2460 5007 disciplinae
2508 4934 2781 4991 salutaris
2820 4933 3006 4991 nescit
3049 4935 3265 5008 Jugum
3325 4940 3578 5009 portare,

1941 5041 2181 5082 suarum
2221 5024 2444 5081 viarum
2492 5025 2715 5081 fructus
2772 5023 3012 5102 inutiles
3042 5024 3292 5100 collegit,
3325 5026 3584 5085 bostium

1939 5114 2150 5188 gladiis
2184 5114 2519 5186 deputatus.

2517 5221 2749 5282 CAPUT
2774 5222 3001 5283 xxvn.

1938 5329 2287 5387 Godescalcus
2355 5329 2605 5387 sacerdos
2722 5330 2911 5388 uidam
2979 5333 3324 5403 Teutonicus,
3386 5335 3590 5390 iterum

2005 5405 2320 5458 exercitum
2347 5405 2566 5471 ducem,
2598 5404 2657 5458 in
2732 5404 3030 5475 uacat-iam
3046 5405 3444 5477 perveniemus·
3468 5414 3588 5462 eur-

2007 5475 2104 5545 pia
2120 5474 2181 5530 in
2200 5474 2487 5544 Hunqaros
2516 5472 2739 5547 operari
2764 5488 2878 5529 non
2905 5480 3149 5533 veretur.

2005 5580 2146 5640 Post
2173 5581 2326 5641 Petri
2374 5597 2506 5640 vero
2556 5582 2871 5640 transitum
2902 5582 2963 5640 in
2995 5582 3350 5659 Bithyniam,
3372 5600 3583 5644 conse-
