3784 6000
200 213 319 274 105

1696 202 2122 267 EPISTOLAE.

3499 224 3615 286 ¹06

194 353 341 422 πῃ,
375 368 491 423 qm,
532 350 731 425 imum
774 349 965 422 magi.
1013 348 1187 404 faciat
1233 345 1554 420 provectior
1598 341 1846 401 mutatio
1878 348 1938 412 A
1965 355 2343 412 personarum
2380 342 2646 412 consilio,
2695 348 2848 417 quod
2900 347 3002 405 tibi
3055 354 3393 411 mandatum
3441 357 3614 416 suerit

194 441 553 512 gratiosum.

922 525 1156 583 Lxxvl.

379 636 456 677 an
486 632 969 677 marcomannus«
986 631 1347 672 nutrissent
1367 628 1698 670 ariscoruu.

265 708 448 766 Later
477 707 863 781 presentium
889 705 1011 763 Jor.
1043 709 1235 761 vester
1264 704 1419 777 apud
1450 718 1558 760 uos
1589 699 1853 773 pluribus

191 798 605 856 adolescentie
653 813 771 853 suo
816 795 1026 853 diebus
1072 802 1468 851 commoratus
1515 796 1625 859 est,
1676 794 1740 846 ut
1789 789 1849 844 in

190 888 457 944 Ecclesia
479 892 680 943 nostra
699 885 920 942 divinis
936 885 1349 941 informaretur
1368 880 1600 946 officiis,
1620 884 1679 936 et
1698 879 1852 935 inter

190 976 500 1034 scholares
556 974 901 1032 liberalibus
958 981 1149 1047 posset
1217 971 1427 1028 instrui
1498 968 1845 1041 disciplinis.

188 1065 565 1138 complacuit
579 1065 641 1121 in
656 1080 723 1121 eo
744 1061 1021 1121 fratribus
1033 1061 1319 1120 nostriset
1337 1061 1505 1117 nobis
1523 1058 1848 1115 verecunda

188 1155 456 1225 solertia,
490 1160 547 1213 et
596 1154 751 1226 quod
796 1152 999 1227 prim·
1043 1151 1374 1208 rudimenta
1414 1148 1647 1206 virtutis
1686 1161 1846 1218 spem

187 1246 409 1301 bonam
458 1244 535 1300 de
582 1243 809 1314 reliquo
862 1240 1302 1315 promittebant,
1351 1238 1632 1309 adjuncto
1688 1235 1841 1307 quod

188 1334 349 1389 suavi
383 1333 645 1405 quadam
676 1337 734 1388 et
754 1331 1022 1403 jucunda
1049 1345 1186 1386 voce
1224 1330 1376 1385 inter
1415 1326 1733 1400 psallentes
1779 1324 1842 1379 in

184 1422 454 1480 Ecclesia
512 1422 585 1478 ad
645 1420 1011 1478 devotionem
1071 1426 1266 1492 posset
1324 1418 1599 1472 indurata
1663 1414 1838 1471 etiam

181 1512 416 1568 viscera
472 1526 866 1568 commovere.
918 1510 1197 1566 Reversus
1243 1506 1315 1564 ad
1362 1512 1575 1562 terram
1626 1502 1838 1560 nativi·-

186 1602 323 1657 tatis
385 1616 529 1669 suas,
580 1604 889 1672 acceptum
940 1615 1001 1655 se
1047 1597 1209 1654 vobis
1256 1596 1545 1653 exstitisse
1599 1593 1837 1665 gavisus

184 1694 291 1759 est,
320 1691 474 1747 adso
508 1694 572 1746 ut
593 1694 788 1746 vestra
806 1704 942 1745 eum
967 1685 1266 1744 beneflciis
1286 1685 1467 1756 gratia
1489 1683 1836 1750 sublevaret,

188 1785 243 1837 et
270 1781 341 1836 ad
378 1779 843 1837 subdiaconatus
873 1777 1136 1835 ordinem
1167 1778 1548 1848 promoveret.
1575 1778 1835 1826 Postmo-

192 1871 331 1925 dum
355 1869 428 1926 ad
459 1867 813 1926 cismarinas
842 1870 1035 1939 partes
1063 1864 1331 1922 trahente
1351 1879 1484 1921 eum
1507 1863 1698 1919 nescio
1723 1878 1836 1933 qua

189 1957 624 2029 opportunitate
644 1971 948 2029 regressus
968 1955 1223 2026 reliquos
1241 1952 1476 2010 ordines
1497 1952 1625 2008 sine
1645 1955 1837 2007 vestra

188 2045 424 2103 lieentia
456 2049 520 2102 et
565 2045 942 2103 concessione
991 2043 1267 2117 percepit.
1320 2041 1500 2098 Ratus
1541 2055 1722 2113 super
1766 2055 1834 2096 eo

188 2135 338 2208 quod
367 2149 488 2192 non
516 2135 589 2191 de
618 2133 1076 2208 presumptione
1124 2132 1225 2189 sed
1268 2129 1644 2204 simplicitate
1665 2144 1832 2185 com-

194 2225 443 2281 missum
476 2227 586 2293 est,
619 2223 1035 2297 benignitatem
1064 2226 1309 2279 vestram
1341 2237 1456 2277 non
1490 2220 1634 2276 adeo
1662 2233 1834 2275 com-

195 2314 565 2371 movendam.
595 2312 804 2370 Vestra
833 2327 967 2368 vero
1006 2312 1284 2369 severitas
1324 2314 1521 2382 ipsum
1559 2325 1595 2365 a
1634 2308 1831 2364 minus

191 2414 340 2461 caute
354 2408 767 2476 perceptorum
781 2403 1056 2460 ordinum
1071 2400 1578 2458 administratione
1588 2415 1832 2472 suspen·

192 2492 283 2563 dit,
300 2494 553 2565 adjecta,
607 2492 759 2549 sicut
788 2492 1023 2558 asserit,
1052 2491 1297 2548 terribili
1337 2490 1825 2547 cornminatione:

194 2581 335 2654 quod
364 2599 400 2639 a
431 2581 599 2639 vobis
629 2580 873 2650 scilicet,
897 2580 1292 2638 restituendus
1325 2595 1437 2636 nou
1460 2581 1558 2647 sit,
1579 2578 1694 2635 nisi
1717 2578 1827 2637 hoc

192 2672 236 2727 ei
261 2687 294 2727 a
322 2672 530 2743 majori
560 2670 742 2727 luerit
765 2668 1109 2726 auctoritate
1135 2684 1517 2727 conoessum:
1549 2667 1622 2724 ad
1635 2670 1823 2724 cardi·

194 2759 342 2817 sales
368 2760 554 2833 igitur
583 2775 687 2831 per
712 2759 939 2816 labores
966 2758 1181 2815 multos
1216 2762 1274 2815 et
1313 2757 1568 2828 pericula
1613 2772 1827 2829 magna

192 2850 455 2921 munit,
490 2850 593 2907 sed
622 2849 738 2922 ipsi
769 2847 917 2905 nihil
946 2848 1000 2904 ei
1029 2848 1329 2920 indulgere
1360 2849 1685 2914 voluerunt,
1708 2846 1823 2903 nisi

190 2940 338 3012 prius
358 2941 434 2997 de
466 2940 714 2996 veritate
739 2938 873 2995 facti
905 2942 1228 2995 vestrarum
1260 2938 1611 2994 docerentur
1653 2937 1821 2993 tosti·

192 3031 370 3089 monio
404 3031 770 3088 litterarum.
799 3029 1015 3086 Dicunt
1041 3029 1216 3085 etiam
1239 3045 1302 3085 se
1331 3027 1477 3085 nihil
1499 3028 1823 3097 scripturos

1968 435 2203 487 auctore
2224 429 2474 487 Domino
2502 434 2864 505 disponatur.
2897 438 3197 511 Siquidem
3236 449 3462 515 oportet
3505 465 3612 507 nos

1966 519 2354 576 conscientias
2385 525 2614 577 nostras
2638 524 2709 580 ad
2755 525 2900 583 festa
2936 544 3259 603 praeparare
3282 531 3607 608 Paschalia,

1967 612 2029 663 ut
2062 608 2369 665 Dominicae
2404 613 2844 671 resurrectionis
2875 631 3000 675 esse
3021 620 3333 695 participes
3356 640 3458 697 per
3473 640 3609 685 con·

1964 695 2170 767 dignos
2199 697 2414 754 fructus
2437 700 2789 770 poeniteutiae
2820 704 3157 765 debeamus.

2649 791 2932 850 mxvnl.

2382 894 2455 932 An
2488 895 2746 936 issaram
2776 898 2847 938 na
2866 898 3040 940 cuma
3060 902 3173 943 nsi.
3581 950 3586 957 ,

2030 963 2140 1019 Pro
2172 962 2291 1021 filio
2321 973 2508 1023 vestro
2542 967 2604 1025 F.
2633 970 2963 1041 paternitati
2993 980 3198 1031 vostrae
3229 979 3446 1050 gratias
3485 985 3605 1040 tota

1957 1051 2255 1108 devotione
2285 1054 2614 1123 referimus,
2646 1059 2800 1129 quod
2841 1058 2923 1116 ita
2962 1062 3117 1118 circa
3171 1080 3306 1122 eum
3356 1070 3602 1142 copiosa

1956 1139 2258 1199 charitatis
2287 1143 2606 1201 visceribus
2638 1147 2970 1218 abundatis,
3002 1155 3067 1207 ut
3086 1152 3281 1224 ipsum
3313 1161 3435 1214 tota
3463 1158 3604 1215 dili-

1953 1230 2153 1300 gentia
2174 1231 2375 1305 religio
2407 1238 2598 1291 vestra
2627 1236 2843 1309 dirigat
2873 1239 2944 1295 ad
2976 1239 3248 1312 salutem,
3278 1252 3332 1300 et
3377 1245 3440 1302 in
3496 1263 3601 1320 op-

1956 1321 2406 1389 portunitatibus
2437 1324 2559 1380 suis
2591 1330 2898 1397 paternum
2931 1329 3300 1402 indulgentia
3318 1332 3601 1406 largiatur

1954 1407 2254 1465 affectum.
2291 1410 2478 1484 Elegit
2509 1415 2662 1485 apud
2697 1432 2798 1472 vos
2829 1417 3091 1487 adJectus
3139 1434 3269 1477 esse
3317 1423 3375 1478 in
3424 1423 3599 1483 domo

1955 1495 2049 1551 Dei
2074 1499 2184 1565 sui,
2223 1500 2407 1572 inagis
2436 1517 2608 1572 quarn
2643 1505 2796 1575 apud
2830 1521 2968 1561 snos
3003 1507 3264 1565 habitare
3294 1510 3355 1566 in
3402 1513 3597 1571 taber-

1953 1587 2176 1643 naculis
2206 1593 2573 1659 peccatorum
2603 1608 2618 1660 ;
2649 1593 2752 1649 sed
2784 1593 3034 1651 affectati
3085 1598 3304 1655 ordinis
3347 1603 3594 1659 austeri·

1953 1676 2126 1732 tatem
2157 1678 2528 1749 benignitatis
2558 1687 2757 1738 vestris
2789 1684 2974 1754 gratia
3005 1684 3240 1755 relevat,
3267 1693 3326 1745 et
3352 1689 3590 1748 humili-

1945 1770 2122 1821 tatem
2154 1766 2501 1839 abjectionis
2529 1771 2791 1842 dignatio
2815 1785 3236 1847 recompensat.
3253 1778 3483 1837 Certum
3501 1785 3594 1839 est

1942 1855 2108 1924 cujus
2137 1860 2193 1911 et
2224 1857 2283 1911 in
2316 1856 2424 1914 hoc
2454 1864 2510 1915 et
2539 1859 2596 1914 iu
2632 1860 2763 1916 aliis
2784 1865 3058 1936 quaeratis
3088 1866 3334 1938 gratiam
3366 1886 3593 1942 prome·

1941 1944 2076 2012 reri,
2091 1946 2187 2001 sed
2203 1946 2509 2004 licetsalva
2522 1949 2639 2004 sint
2651 1950 2811 2006 vobis
2826 1954 3496 2026 premiavestra,nostrae
3509 1965 3589 2018 ta-

1942 2051 2074 2091 men
2088 2038 2156 2091 ad
2169 2038 2424 2107 gratiaru
2435 2041 2761 2097 mactiones
2775 2040 2999 2099 affectio
3013 2045 3330 2103 devotionis
3339 2051 3582 2106 accedit.

1940 2124 2183 2181 Felicem
2205 2141 2338 2197 ergo
2363 2142 2476 2195 me,
2493 2130 2755 2202 inquam,
2778 2131 2825 2186 si
2853 2147 3108 2201 unquam
3133 2133 3392 2193 inveniar
3419 2154 3582 2197 acce-

1939 2218 2092 2286 pisse
2116 2216 2489 2288 noningrate,
2509 2218 2556 2273 si
2581 2219 2778 2274 datum
2804 2220 2945 2276 mihi
2970 2222 3143 2278 tuerit
3161 2223 3383 2297 aliquid
3402 2244 3587 2300 quau·

1937 2309 2129 2380 doque
2144 2308 2460 2380 rependere
2473 2313 2793 2365 vestrorum
2808 2309 3167 2367 excellentia
3211 2317 3579 2376 meritorum.

2647 2399 2893 2456 LXXIX.

2326 2505 2400 2544 An
2429 2504 2691 2545 sanarem
2719 2505 3181 2548 cisrsacrsussu.

2005 2580 2128 2637 Duo
2160 2579 2491 2635 sacerdotes
2520 2580 2591 2634 de
2621 2581 2961 2652 episcopatu
3016 2587 3212 2640 nostro
3253 2583 3392 2657 (45),
3426 2592 3567 2644 Aru.

1932 2669 2200 2724 videlicet
2248 2672 2306 2723 et
2358 2667 2479 2723 Ric.
2532 2668 2746 2724 seculo
2790 2670 3127 2726 renuntiare
3177 2673 3579 2745 disponentes,

1929 2756 2327 2815 admonitione
2358 2756 2636 2826 frequenti
2668 2761 2725 2811 et
2752 2759 2942 2813 studio
2974 2759 3167 2816 fratris
3194 2762 3375 2819 nostri
3405 2763 3579 2822 Wtu.

1931 2863 2085 2904 nunc
2116 2845 2343 2902 abbatis
2367 2846 2435 2900 de
2460 2845 2624 2911 Pinu,
2651 2847 2719 2901 ad
2743 2847 3131 2904 venerabilem
3152 2857 3208 2905 et
3237 2851 3577 2925 religiosum

1929 2937 2114 2993 virum
2150 2935 2271 2993 Ric.
2303 2935 2570 2991 abbatem
2601 2936 2673 2992 de
2707 2935 2966 2993 valascia
2995 2939 3260 2997 refutatis
3308 2942 3473 3014 prius
3517 2944 3576 3000 in

1931 3041 2110 3082 manu
2143 3033 2340 3082 nostra
2372 3041 2515 3097 quas
2548 3028 2923 3097 possederant
2951 3028 3228 3097 ecclesiis,
3278 3047 3343 3087 se
3379 3039 3438 3090 et
3467 3050 3582 3092 sua

192 3120 237 3175 in
264 3119 567 3192 angliam,
597 3118 713 3176 nisi
759 3119 924 3190 prius
971 3133 1106 3174 cum
1155 3116 1394 3173 domino
1433 3132 1568 3189 rege
1602 3116 1821 3173 ruerint
1849 3098 1893 3165 C
1933 3116 2235 3173 devotione
2268 3113 2709 3187 promptissima
2739 3116 3132 3175 contulerunt.
3165 3119 3423 3184 Quorum
3468 3137 3577 3181 nos

188 3208 473 3276 collocuti,
503 3208 662 3281 quod
684 3225 800 3281 qua
819 3205 1285 3265 consideratione
1314 3206 1690 3273 decreverint,
1716 3221 1822 3263 nos

187 3298 495 3355 nescimus.
522 3295 932 3368 supplicamus
963 3311 1069 3351 nos
1117 3294 1354 3351 interim
1399 3298 1456 3350 et
1494 3294 1820 3364 antiquiore

184 3391 531 3457 pinventum
564 3381 775 3454 gratia,
822 3382 1007 3457 gratia
1062 3385 1467 3456 perseverante
1524 3383 1822 3454 prosequi-

183 3479 401 3544 mur,ut
413 3474 471 3531 el
482 3473 639 3546 apud
655 3488 758 3531 voe
774 3477 972 3530 nostra
983 3472 1168 3544 prosit
1186 3471 1392 3541 oratio,
1415 3476 1698 3543 quatenus
1718 3475 1821 3528 aut

184 3564 311 3621 ratio
338 3563 641 3621 sustinere
650 3561 937 3630 debuerit,
951 3564 1054 3618 aut
1071 3560 1468 3617 misericordia
1480 3559 1813 3616 subvenire.

857 3667 1127 3724 Lxxvn.

558 3756 635 3796 an
664 3756 928 3796 ananau
957 3755 1155 3796 saum-1
1183 3754 1439 3794 senum.

234 3836 417 3904 Super
445 3829 542 3886 his
573 3844 678 3902 pro
705 3827 919 3901 quibus
939 3828 997 3884 in
1021 3828 1366 3884 sententiam
1388 3828 1755 3895 commisisti,
1780 3845 1814 3885 a

177 3921 453 3977 memoria
482 3923 589 3974 tua
609 3933 722 3975 uon
740 3917 1031 3974 credimus
1042 3916 1324 3973 excidisse
1337 3918 1628 3988 quomodo
1646 3934 1812 3974 man·

170 4011 291 4067 dato
314 4013 523 4067 nostro
576 4012 732 4065 stare
788 4007 1150 4081 promiseris,
1197 4011 1257 4064 et
1310 4007 1810 4079 praecepticnibus

171 4099 414 4158 obedire.
448 4098 574 4156 Nos
604 4112 737 4154 vero
775 4096 1131 4169 quibusdam
1162 4113 1229 4155 ex
1260 4097 1456 4154 causis
1485 4097 1675 4154 adhuc
1698 4098 1811 4154 for-

171 4204 311 4246 mam
340 4188 695 4246 distulimus
724 4185 1023 4260 assignare
1054 4186 1333 4255 mandati,
1359 4190 1418 4242 et
1447 4187 1686 4243 modum
1720 4205 1812 4245 sa·

102 4321 105 4332 .
170 4278 511 4335 tisiactionis
541 4276 868 4349 imponere,
895 4275 1035 4348 quia
1061 4276 1121 4331 in
1156 4275 1259 4332 hac
1282 4278 1808 4347 resatemperantia

102 4383 105 4388 ·
171 4368 247 4423 uti
300 4368 605 4432 volumus,
646 4375 711 4422 ut
756 4366 1043 4438 quidquid
1088 4364 1425 4431 iecerimus,
1468 4381 1535 4422 ex
1577 4364 1808 4424 sincera

1932 3205 2296 3261 devotionem
2357 3205 2548 3260 favore
2603 3203 2799 3260 debito
2858 3211 3297 3277 prosequentes,
3356 3209 3572 3268 intuitu

1930 3295 2164 3352 abbatis
2186 3296 2257 3351 de
2299 3293 2585 3362 Valaecia,
2635 3294 2736 3365 qui
2767 3293 2841 3351 ob
2884 3295 3127 3353 sincera
3171 3299 3469 3372 religionis
3515 3306 3574 3359 et

1930 3383 2230 3440 industria
2274 3399 2394 3439 suae
2452 3383 2728 3438 meritum
2783 3383 3030 3455 plurima
3080 3386 3248 3443 nobis
3283 3388 3573 3449 charitate

1928 3473 2228 3529 devinctus
2275 3476 2382 3540 est,
2444 3472 2727 3528 rationum
2779 3472 3201 3546 obligationes,
3253 3483 3310 3534 et
3351 3484 3564 3539 catera

1927 3562 2145 3633 quibus
2160 3561 2329 3617 nobis
2345 3561 2694 3618 tenebantur
2716 3560 3266 3634 obnoxii‚quoniam
3288 3567 3570 3628 officiales

1926 3651 2108 3707 nostri
2141 3652 2386 3716 fuerant,
2420 3650 2547 3706 sine
2578 3649 2736 3705 omni
2767 3649 3110 3708 difficultate
3131 3654 3487 3726 remisimus,
3511 3664 3569 3716 et

1924 3756 2023 3796 eos
2051 3740 2110 3796 in
2143 3740 2416 3810 praedicto
2440 3739 2787 3795 monasterio
2820 3739 2933 3794 Deo
2959 3745 3235 3813 perpetuo
3248 3744 3564 3805 servituros

1922 3845 2055 3886 curn
2090 3828 2461 3885 facultatibus
2491 3828 2615 3884 suis
2642 3827 2704 3883 in
2735 3844 2975 3884 manum
3005 3828 3228 3886 abbatis
3259 3830 3470 3891 liberos
3502 3841 3561 3893 et

1921 3917 2222 3974 absolutos
2261 3916 2751 3989 consignavimus.
2798 3916 3174 3973 Postmodum
3230 3936 3366 3977 vero
3422 3938 3559 3982 cum

1919 4007 2106 4063 devoti
2141 4006 2485 4061 monasterii
2536 4003 2939 4077 probationem
2990 4005 3313 4077 ingressuri
3360 4028 3559 4085 spera·

1921 4100 2142 4165 rentur,
2173 4094 2358 4151 abbas
2388 4094 2457 4149 de
2480 4094 2625 4149 Pinu
2660 4094 2731 4149 ad
2764 4094 2920 4150 aliud
2944 4096 3242 4155 voluntate
3260 4100 3557 4176 devocata,

1919 4202 2061 4255 opus
2084 4186 2254 4257 cujus
2270 4191 2471 4240 auctor
2494 4183 2650 4253 prius
2671 4184 3217 4243 vehementissimus
3244 4190 3557 4262 exstiterat,

1916 4274 2346 4331 vehementiore
2377 4274 2568 4329 studio
2585 4271 2891 4342 dissuasit,
2912 4275 3193 4346 objiciens
3223 4280 3375 4350 quod
3405 4297 3559 4340 unus

1916 4380 2114 4422 eorum
2146 4372 2459 4434 antequam
2490 4362 2664 4418 etiam
2699 4364 3022 4433 pubertatis
3051 4382 3236 4423 annos
3273 4370 3560 4441 attigisset

170 4457 421 4514 videatur
460 4456 775 4529 procedere
805 4454 1087 4511 charitate
1114 4458 1172 4510 et
1201 4458 1261 4511 tu
1293 4454 1363 4510 ad
1396 4454 1654 4511 debitam
1685 4455 1806 4513 hu-
1832 4470 1885 4537 D
1911 4470 2015 4511 sua
2062 4453 2438 4526 persuasione
2495 4452 2552 4507 in
2604 4452 2955 4510 monasterio
2995 4454 3067 4510 de
3094 4454 3331 4513 Chaelix
3364 4458 3557 4529 publi-

170 4546 469 4604 militatem
495 4550 556 4602 et
579 4544 970 4603 obedientiam
994 4551 1191 4601 nostro
1238 4543 1567 4617 provoceris
1614 4560 1804 4602 exem·

168 4633 429 4707 plc,dnm
448 4640 648 4692 tamen
668 4632 1477 4691 ecclesiasticeinstitutionis
1495 4633 1805 4706 disciplina

167 4731 441 4794 metm,
476 4728 764 4796 quantum
793 4728 909 4780 tute
927 4732 984 4780 et
1033 4727 1243 4780 nostrae
1276 4722 1450 4779 saluti
1493 4722 1805 4781 credideri-

168 4830 286 4872 mus
342 4814 648 4888 expedire.
696 4812 781 4869 Ne
826 4814 1022 4884 itaque
1069 4828 1159 4869 res
1202 4812 1426 4869 diutius
1482 4811 1697 4870 haereat
1742 4814 1801 4870 in

102 4907 109 4968 ἱ
166 4918 467 4977 suspenso,
497 4907 559 4960 et
585 4900 1095 4975 quadragesimale
1137 4906 1368 4973 tempus
1414 4901 1570 4973 quod
1618 4907 1807 4960 exstat

166 4993 469 5065 specialius
496 4995 592 5049 est
645 4991 997 5065 poenitentiee
1060 4991 1390 5047 dedicatum
1458 4992 1803 5049 fraternitati

114 5155 121 5160 -
168 5087 281 5152 tua,
311 5101 385 5142 ea
406 5095 528 5156 qua
555 5082 773 5140 teneris
814 5080 1089 5138 astrictus
1140 5079 1498 5148 necessitate,
1552 5082 1804 5139 manda-

170 5185 281 5229 mus
312 5178 379 5229 ut
393 5171 668 5244 proxima
682 5185 739 5228 tv
750 5169 893 5228 feria
915 5186 1029 5226 uon
1044 5170 1370 5242 praesentis,
1392 5170 1488 5226 sed
1502 5171 1801 5240 sequentis

172 5257 541 5319 hebdomadis
574 5260 727 5332 apud
773 5258 1087 5317 Lexovium
1130 5262 1328 5315 nostro
1356 5263 1411 5312 te
1459 5258 1800 5331 conspectui

172 5356 549 5423 representes,
562 5354 629 5407 ut
662 5348 927 5407 adhibito
940 5346 1344 5421 religiosarum
1355 5350 1414 5402 et
1425 5347 1799 5419 prudentium

224 5535 333 5608 (⁴5)
366 5535 457 5604 B.‚
482 5535 833 5606 episcopatus
858 5533 1055 5589 scari.

374 5669 379 5674 -
464 5633 742 5699 Parnoi..
785 5631 936 5697 001.

1915 4560 2045 4600 curn
2107 4541 2407 4615 religionis
2461 4545 2659 4598 votum
2725 4541 3068 4598 solemniter
3097 4550 3557 4616 nuncupaverat,

1915 4633 2304 4706 promissione
2331 4648 2564 4704 quoque
2581 4632 2811 4703 adjecta
2828 4634 2978 4702 quod
2994 4648 3118 4689 eam
3135 4650 3250 4691 non
3282 4639 3555 4706 mutaret,

1914 4738 2020 4780 nec
2053 4725 2343 4778 revocaret
2371 4721 2431 4776 in
2462 4723 2759 4793 posterum
2797 4720 3174 4778 voluntatem.
3225 4723 3348 4788 Qua
3392 4738 3558 4781 occa-

1914 4811 2077 4868 sione
2093 4810 2476 4883 prudentibus
2498 4815 2553 4865 et
2575 4808 2859 4880 religiosis
2877 4810 3016 4865 viris
3040 4808 3358 4881 plurimum
3379 4812 3559 4869 admi·

1913 4900 2200 4968 rantibus,
2242 4899 2513 4957 devotum
2566 4897 2778 4971 pariter
2820 4903 2878 4953 et
2934 4898 3268 4955 indevotum
3317 4901 3563 4959 abduxit

1912 5006 2044 5047 cum
2079 5005 2144 5044 ea
2170 4987 2371 5059 procul
2392 4987 2570 5044 dubio
2601 4987 3241 5058 ratione‚quaalterum
3257 4992 3557 5050 extrahere

1912 5080 2209 5136 nitebatur
2243 5076 2390 5133 alter
2421 5076 2478 5130 in
2512 5075 2838 5132 devotionis
2870 5093 2987 5134 suae
3040 5082 3387 5138 monasterio
3430 5099 3561 5155 per-

1913 5178 2083 5241 petuo
2111 5165 2530 5238 permittendus
2564 5166 2751 5222 fuerat
2780 5169 3147 5225 commorari.
3180 5174 3355 5227 Porro
3377 5172 3559 5228 abbas

1912 5261 1983 5318 de
2011 5257 2297 5326 valascia,
2313 5260 2511 5329 utpote
2534 5258 2620 5313 vir
2642 5257 2988 5329 longanimis
3002 5269 3057 5316 et
3074 5260 3275 5316 multas
3291 5278 3562 5320 mansue-

1912 5348 2155 5417 tudinis,
2176 5363 2315 5403 suas
2330 5350 2387 5403 et
2400 5346 2842 5404 monasteriisui
2865 5364 3052 5421 usque
3072 5349 3143 5405 ad
3166 5351 3561 5426 sanctum(46)

1979 5530 2097 5602 (46)
2128 5527 2217 5595 B.‚
2246 5524 2565 5585 secundum.

3202 5636 3234 5689 -i
