3784 6000
294 186 401 256 835

1423 184 1816 250 GUILLELMI
1854 180 2205 248 TYRENSIS
2244 177 2577 247 Ancnmt’.

3607 178 3716 258 030

294 319 648 379 exercitatos
677 319 736 376 in
763 317 1341 383 talibus,tutiusesse
1357 313 1715 373 dicebantin
1736 314 1945 372 sesni>-
1972 314 2021 370 Α
2053 332 2338 387 montana
2354 324 2754 386 conscendere
2776 324 3202 398 disponebant,
3226 323 3363 382 nme
3383 328 3515 383 emt
3527 325 3712 384 1201„

291 413 507 479 sistere,
539 424 716 481 quam
765 408 960 464 dubiis
1007 406 1145 463 belli
1173 403 1474 463 eventibus
1522 404 1855 461 inconsulte
1884 418 1945 460 se

293 493 672 559 committere.
728 498 812 552 lta
849 511 990 566 ergo
1023 510 1212 567 usque
1251 494 1330 551 ad
1362 508 1691 566 vesperam.
1724 492 1943 549 habitis

292 592 497 646 tamen
526 585 824 643 interdum
837 583 1246 654 singularibus
1262 583 1652 650 conflictibuS,
1666 582 1943 656 quamvls

293 674 584 749 proximas
605 676 802 730 essent
833 673 1110 746 utrinque
1138 672 1314 743 acies,
1331 686 1540 729 eorum
1571 672 1942 743 impetussu-

291 765 627 820 stinuerunt
656 760 863 819 nostri.
894 760 1438 835 Advesperascente
1470 764 1670 817 autem
1695 759 1812 824 die,
1843 773 1939 832 pe-

288 851 615 908 riculosum
642 850 976 920 credentes,
1003 849 1064 906 in
1087 856 1208 906 tam
1237 850 1475 907 modica
1501 865 1706 916 manu,
1731 848 1944 906 castris

293 956 356 996 se
387 940 758 997 committere
789 939 889 996 illa
918 944 1112 1006 nocte,
1145 939 1479 1011 praesertim
1510 952 1647 995 cum
1671 941 1835 995 tanta
1854 952 1944 993 es·

292 1034 381 1085 set
408 1028 670 1103 hostium
702 1025 1094 1093 immensitas,
1128 1029 1189 1085 in
1227 1026 1526 1086 civitatem
1577 1027 1941 1084 Ascalonam

291 1118 508 1174 iterum
548 1117 874 1190 prudenter
903 1132 965 1172 se
995 1120 1361 1188 receperunt
1399 1115 1572 1183 Quod
1610 1112 1838 1171 factum
1879 1115 1942 1170 in

289 1210 520 1263 tantam
555 1205 988 1263 salahadinum
1013 1221 1150 1261 cum
1177 1205 1300 1262 suis
1330 1206 1505 1262 erexit
1532 1205 1942 1279 praesumptio-

291 1308 456 1365 nem,
481 1299 538 1350 ut
562 1294 694 1366 jam
731 1308 852 1349 non
882 1293 941 1348 in
969 1308 1028 1348 se
1058 1292 1248 1349 solide
1274 1291 1644 1360 subsisteret,
1671 1291 1777 1349 sed
1817 1308 1945 1349 am-

291 1381 522 1439 bularet
570 1383 628 1437 in
684 1381 1054 1437 mirabilibus
1102 1396 1287 1452 super
1331 1397 1442 1452 se;
1486 1387 1543 1438 et
1579 1383 1709 1455 jam
1766 1381 1944 1454 quasi

288 1471 497 1536 victor,
521 1469 1034 1526 commilitonibus
1061 1470 1186 1525 suis
1213 1470 1379 1540 regni
1409 1470 1711 1542 subjugati
1725 1470 1944 1542 portio-

290 1572 397 1615 nes
427 1562 618 1615 certas
648 1558 1015 1630 designaret.
1049 1559 1368 1631 Coeperunt
1395 1572 1537 1627 ergo
1584 1557 1658 1614 de
1705 1563 1940 1623 coetero,

2049 418 2312 489 regionis
2336 416 2644 482 desolatae,
2676 419 2732 472 et
2757 429 3068 488 oppressae
3085 413 3512 481 amaritudine,
3534 415 3714 475 indie

2050 524 2174 581 qua
2186 507 2412 564 obtexit
2434 522 2568 564 eam
2583 504 2834 576 caligine
2853 505 3136 560 Dominus
3163 503 3222 560 in
3254 503 3453 560 furore
3472 520 3611 575 suo,
3625 504 3704 563 ad

2049 594 2423 653 iracundiam
2442 600 2830 668 provocatus:
2857 597 3190 649 tamennon
3214 592 3506 650 continuit
3526 593 3591 651 in
3620 592 3714 650 ira

2050 701 2160 743 sua
2188 682 2623 742 misericordias
2654 696 2812 748 suas,
2854 697 2959 739 nec
2984 680 3199 739 oblitus
3253 687 3339 739 est
3383 682 3664 740 misereri
3691 701 3710 750 ,-

2049 775 2153 832 sed
2182 787 2520 844 conversus,
2553 773 2893 830 consolatus
2932 776 3018 829 est
3057 785 3183 837 nos,
3212 776 3262 827 et
3321 771 3604 843 opposuit
3642 778 3711 829 ut

2051 863 2461 934 complacitior
2475 862 2550 920 sit
2570 863 2769 920 adhuc
2785 861 2973 934 (Psat.
2998 876 3188 927 LXXVI,
3206 860 3283 933 7),
3308 866 3366 918 et
3384 862 3713 920 secundum

2050 952 2494 1011 multitudinem
2524 950 2796 1009 dolorum
2818 954 3184 1016 nostrorum,
3216 951 3280 1006 in
3303 951 3483 1008 corde
3500 955 3709 1008 nostro

2050 1042 2475 1100 consolationes
2501 1043 2629 1112 eius
2671 1041 3126 1110 laetificaverunt
3184 1039 3418 1096 animas
3473 1044 3711 1098 nostras

2050 1129 2238 1203 (Psal.
2269 1147 2422 1203 xciii,
2454 1129 2561 1204 19).

2659 1216 2885 1276 CAPUT
2912 1218 3071 1273 xxti.

2050 1308 2179 1366 Rex
2193 1311 2234 1364 Α
2244 1323 2345 1365 sca
2354 1306 2493 1365 lona
2507 1322 2789 1379 emenus,
2800 1306 3060 1364 hostibus
3073 1307 3335 1362 occurrit
3350 1327 3373 1376 ;
3407 1306 3703 1364 ordinan-

2089 1387 2191 1437 tur·
2205 1381 2487 1453 utrinque
2497 1381 2653 1436 acies
2666 1400 2689 1449 ,·
2701 1378 3043 1450 procinctus
3053 1377 3120 1448 fit
3137 1379 3219 1434 ad
3234 1378 3671 1436 dimicandum.

2122 1486 2454 1554 Nam,dum
2483 1486 2611 1543 haec
2640 1485 2718 1542 ita
2748 1485 2807 1540 in
2830 1483 3098 1557 partibus
3132 1483 3243 1539 illis
3275 1488 3585 1555 geruntur,
3610 1485 3709 1542 do-

2050 1575 2252 1632 minus
2280 1592 2380 1632 rex
2408 1574 2664 1630 audiens
2706 1576 2872 1646 quod
2903 1573 3053 1629 fines
3083 1573 3213 1643 ejus
3239 1570 3419 1646 longe
3464 1572 3708 1647 lateque

289 1648 460 1722 ‘1¹¹⁸Si
490 1663 598 1720 P¹⁸0
634 1645 785 1703 *¹05⁸
829 1645 1162 1704 0b¹i⁰⁶¹¹²0⁸
1209 1647 1434 1714 omnia·
1488 1646 1790 1704 incautius
1821 1648 1939 1703 dis·
1974 1646 2022 1704 Β
2048 1663 2312 1720 hostium
2343 1663 2659 1721 multitudo
2688 1661 2907 1718 diffusa
2935 1662 3175 1735 penitus
3195 1666 3619 1733 occupaverat,
3636 1677 3706 1718 ex

290 1751 544 1801 currere,
578 1735 800 1791 habere
838 1751 900 1790 se
930 1735 1392 1807 imprudentius,
1430 1736 1658 1807 passim
1686 1750 1793 1808 per
1822 1739 1941 1793 tur-

290 1841 424 1883 mas
454 1824 806 1881 inordinatis
846 1824 1190 1896 agminibus
1215 1824 1450 1895 vagari.

918 1949 1141 2005 CAPUT
1179 1947 1316 2003 XXI.

290 2036 496 2096 Hostes
526 2035 821 2110 reqionem
836 2037 1010 2108 tonqe
1027 2037 1260 2109 lateque
1273 2036 1735 2110 depopulantur,
1762 2039 1938 2098 urbes

681 2115 735 2166 et
773 2109 1122 2166 suburbana
1157 2110 1545 2166 succendunt.

363 2197 541 2254 Nocte
570 2212 713 2268 ergo
742 2198 842 2253 illa
861 2197 1092 2270 opinati
1124 2199 1536 2272 sumus,quod
1557 2204 1694 2256 ante
1726 2199 1939 2258 urbem

290 2291 487 2343 castra
503 2287 770 2343 locarent
781 2303 915 2351 sua,
937 2287 997 2341 in
1011 2302 1082 2342 ea
1094 2286 1336 2357 regione
1350 2287 1451 2344 ubi
1466 2287 1659 2359 pridie
1672 2287 1936 2361 fuerant3

290 2381 395 2432 aut
423 2375 557 2431 urbi
583 2375 838 2431 vicinius
870 2391 934 2431 se
963 2374 1350 2447 conferentes,
1394 2376 1589 2448 ipsam
1623 2377 1940 2434 obsidione

292 2464 660 2522 clauderent.
682 2466 895 2520 Verum
942 2466 1068 2535 ipse
1094 2478 1291 2535 neque
1339 2464 1451 2520 sibi
1482 2478 1679 2538 neque
1702 2468 1833 2539 ejus
1854 2483 1941 2523 re-

289 2553 495 2624 quiem
525 2553 920 2622 indulgentes.
954 2552 1298 2609 catervatim
1356 2555 1694 2610 universam
1748 2556 1941 2628 perlu-

289 2645 543 2696 strantes
572 2642 898 2711 regionem.
936 2646 1114 2712 prout
1143 2641 1358 2713 cuique
1385 2641 1642 2714 impetus
1682 2651 1830 2710 erat,
1860 2646 1940 2702 ad

288 2728 525 2785 diversa
539 2729 947 2800 rapiebantur.
982 2731 1329 2785 Eratautem
1363 2730 1516 2786 inter
1534 2739 1941 2790 eorumsatra·

289 2832 400 2891 pas
428 2817 698 2890 quidam,
733 2817 991 2873 lvelinus
1019 2817 1282 2884 nomine,
1318 2818 1409 2874 vir
1436 2818 1595 2875 bello
1638 2825 1937 2887 strenuus,

289 2907 367 2963 ad
396 2906 679 2979 quaslibet
701 2906 988 2962 tentanda
1009 2921 1266 2978 pronus;
1298 2907 1391 2963 vir
1405 2913 1705 2979 apostata,
1737 2911 1940 2982 quire-

2047 1751 2344 1808 Ascalona
2376 1765 2512 1808 cum
2542 1749 2669 1807 suis
2694 1749 3013 1822 egreditur,
3042 1762 3111 1805 ac
3153 1748 3429 1804 hostibus
3459 1748 3708 1806 obviam

2046 1841 2130 1898 ire
2144 1846 2342 1914 parat:
2363 1840 2551 1896 satius
2576 1836 2826 1904 ducens,
2858 1853 2996 1894 cum
3022 1837 3298 1894 hostibus
3315 1838 3497 1895 etiam
3512 1837 3707 1896 dublo

2048 1934 2261 1987 eventu
2276 1929 2560 2002 praeliand
2569 1930 2586 1985 i
2611 1929 2915 1986 fortunam
2930 1931 3175 1995 tentare,
3197 1942 3383 2001 quam
3410 1926 3706 2001 praedam,

2046 2019 2345 2084 incendia,
2373 2035 2617 2075 suorum
2645 2025 2910 2089 stragem
2930 2018 3238 2074 sustinere.
3260 2015 3709 2088 Egrediensigi-

2044 2114 2144 2167 tur
2168 2124 2272 2181 per
2299 2108 2660 2164 maritimam
2685 2121 2876 2171 oram,
2905 2106 3064 2163 littus
3082 2121 3324 2179 quoque
3350 2113 3614 2175 secutus,
3642 2116 3707 2163 ut

2047 2198 2245 2254 subito
2258 2203 2313 2253 et
2326 2196 3091 2270 occultus-possetinimicis
3123 2210 3461 2259 occurrere,
3493 2210 3708 2268 perve-

2046 2287 2137 2343 nit
2160 2286 2236 2342 ad
2268 2300 2404 2342 eum
2434 2285 2655 2352 locum,
2690 2285 2791 2342 ubi
2823 2284 3222 2344 Salahadinus
3248 2300 3279 2340 e
3301 2285 3549 2355 regione
3580 2290 3707 2340 erat

2047 2376 2106 2431 in
2122 2377 2577 2447 campestribus.
2596 2378 2722 2440 Quo
2740 2375 3117 2447 perveniens,
3148 2372 3304 2430 acies
3329 2387 3704 2447 omnemque

2049 2473 2410 2536 apparatum
2441 2463 2736 2529 bellicum,
2763 2469 2883 2519 tam
2913 2462 3179 2535 equitum
3220 2477 3404 2534 quam
3435 2461 3709 2534 peditum

2050 2554 2338 2608 adversus
2388 2568 2525 2608 eum
2568 2552 2803 2622 dirigit;
2840 2551 2941 2607 ubi
2974 2551 3384 2622 adjunguntur
3412 2553 3463 2606 ei
3497 2550 3709 2607 fratres

2049 2641 2274 2698 militiae
2303 2640 2551 2714 Templi,
2582 2642 2684 2713 qui
2718 2641 2774 2696 in
2806 2642 2959 2696 Gaza
2989 2645 3422 2696 remanserant.
3449 2638 3594 2695 lnde
3625 2637 3711 2695 in·

2050 2731 2287 2786 structis
2314 2729 2914 2795 ordinibusmilitum,
2948 2728 3483 2785 hostibusobviam
3508 2729 3596 2784 ire
3609 2740 3713 2800 pa-

2047 2823 2204 2885 rant,
2251 2819 2521 2891 dumque
2567 2818 3027 2891 proficiscuntur
3090 2816 3407 2873 unanimes
3456 2815 3713 2888 injurias

2048 2921 2189 2963 suas
2215 2907 2436 2964 ultrum
2464 2907 2554 2972 iri,
2576 2905 2867 2963 incendiis
2888 2921 3021 2979 quoe
3048 2921 3118 2962 ex
3145 2906 3310 2962 omni
3330 2911 3500 2978 parte
3521 2905 3712 2961 intue-

290 2994 427 3053 licta
460 2995 807 3053 mediatoris
836 2997 933 3052 Dei
957 3004 1011 3053 et
1042 2996 1358 3053 hominum
1397 2997 1537 3065 fide,
1566 3003 1640 3055 ad
1657 2999 1939 3069 gentilem
1969 2990 2011 3047 C
2047 2995 2287 3065 bantur,
2315 3000 2369 3052 et
2402 3003 2598 3066 strage
2627 3010 2873 3051 suorum
2900 2994 3128 3060 audita,
3161 2994 3220 3051 in
3263 2992 3495 3050 virilem
3523 2992 3711 3050 auda-

287 3085 658 3156 impietatem
702 3084 870 3140 devia
899 3088 1160 3150 secutus,
1195 3100 1260 3140 se
1308 3086 1660 3158 contulerat,
1693 3090 1937 3146 natione

287 3174 623 3229 Armenius.
644 3173 763 3238 Hic,
778 3188 916 3229 cum
935 3174 1061 3229 acie
1072 3174 1165 3229 cui
1183 3179 1453 3246 praeerat,
1478 3189 1670 3249 usque
1685 3180 1936 3234 Rumam

287 3262 502 3319 urbem
531 3263 591 3318 in
619 3262 1053 3334 campestribus
1070 3262 1248 3320 sitam
1279 3264 1936 3335 pervenit;inveniens-

286 3367 406 3425 que
434 3366 567 3408 eam
600 3351 1228 3422 vacuam‚succendit;
1247 3352 1588 3410 diffidentes
1603 3355 1935 3411 enimillius

286 3440 402 3500 loci
427 3440 611 3509 cives,
633 3455 704 3496 eo
734 3440 902 3513 quod
937 3455 1060 3496 non
1111 3444 1267 3497 esset
1311 3442 1544 3499 munita
1590 3445 1930 3516 commode,

285 3530 505 3602 ps'rtim
534 3545 674 3586 cum
695 3529 944 3586 domino
960 3528 1251 3586 Balduino
1262 3531 1473 3601 regein
1487 3532 1932 3604 expeditionem

283 3618 447 3690 apud
476 3619 834 3675 Ascalonem
860 3617 1107 3691 protecti
1130 3617 1368 3676 fuerant
1393 3636 1409 3687 ;
1441 3634 1581 3692 pars
1606 3637 1744 3679 cum
1774 3622 1935 3679 infir-

283 3707 472 3763 miore
502 3722 863 3774 mcnu‚cum
893 3706 1313 3765 mulieribuset
1342 3710 1681 3782 parvulisin
1697 3711 1932 3785 Joppen

282 3810 346 3852 se
373 3796 744 3852 contulerant
777 3811 790 3863 ;
817 3810 957 3868 pars
985 3796 1046 3852 in
1064 3801 1326 3853 castrum
1357 3798 1416 3853 in
1448 3798 1780 3865 montibus,
1815 3801 1932 3857 situ

282 3885 581 3941 munitum
632 3885 800 3952 satis,
833 3885 928 3941 cui
969 3900 1193 3941 nomen
1222 3885 1474 3953 Mirabel,
1509 3888 1928 3945 ascenderant.

280 3972 529 4029 Incensa
552 3972 731 4043 igitur
762 3972 930 4043 urbe,
961 3972 1315 4044 praedictum
1354 3975 1612 4031 lvelinus
1654 3976 1926 4042 ledam,

278 4061 596 4117 finitimam
613 4065 844 4127 urbem,
860 4075 998 4118 cum
1013 4062 1178 4118 omni
1193 4078 1305 4119 suo
1319 4064 1609 4120 comitatu
1623 4069 1928 4137 properat,

280 4146 483 4205 locum
495 4148 723 4219 partitis
752 4149 1116 4219 agminibus,
1133 4149 1333 4206 subito
1351 4150 1536 4209 vallat
1562 4152 1622 4208 in
1638 4154 1886 4210 circuitu
1911 4169 1927 4220 ;

279 4235 498 4292 deinde
521 4236 873 4306 sagittarum
891 4236 1170 4292 immissa
1181 4238 1929 4307 grandineetomniarmo-

2048 3086 2204 3142 ciam
2234 3086 2518 3141 divinitus
2542 3085 2803 3151 accensi,
2832 3083 3005 3156 quasi
3022 3084 3110 3140 vir
3139 3083 3464 3146 unusfacti,
3493 3096 3708 3155 prope-

2045 3180 2221 3242 rant3
2250 3188 2386 3230 cum
2414 3187 2550 3230 ecce
2588 3187 2661 3229 ex
2687 3172 2936 3229 adverso
2963 3185 3079 3228 non
3115 3170 3366 3228 multum
3422 3170 3708 3228 distantia

2046 3261 2308 3318 hostium
2338 3261 2585 3332 agmina
2615 3266 3000 3317 contuentur.
3035 3261 3389 3316 Eratautem
3416 3258 3574 3315 hora
3592 3258 3706 3315 diei

2042 3351 2220 3423 quasi
2235 3356 2469 3409 octava.
2504 3350 2908 3408 salahadinus
2929 3348 3155 3405 interea
3180 3347 3436 3404 audiens
3466 3352 3705 3404 nostros

2044 3453 2152 3512 spe
2164 3439 2479 3513 pugnandi
2492 3440 2833 3505 adventare,
2852 3439 3261 3511 timensquem
3277 3436 3445 3509 prius
3463 3436 3705 3494 videba-

2040 3531 2136 3586 tur
2154 3535 2401 3602 optasse
2431 3543 2844 3600 congressum,
2877 3527 3081 3584 missis
3127 3527 3229 3599 qui
3282 3538 3426 3583 suos
3473 3526 3702 3598 passim

2040 3618 2343 3692 dispersos
2364 3623 2762 3675 convocarent
2790 3635 2804 3685 ;
2827 3617 3108 3687 clangore
3137 3630 3383 3689 quoque
3410 3614 3703 3672 buccina-

2038 3722 2175 3766 rum
2199 3715 2258 3765 et
2283 3714 2707 3781 tympanorum
2733 3708 2998 3779 strepitu,
3029 3705 3229 3762 verbis
3253 3720 3519 3778 quoque,
3551 3705 3702 3761 sicut

2017 3796 2100 3853 ·in
2129 3796 2345 3853 talibus
2370 3796 2497 3853 fleri
2520 3796 2686 3863 solet,
2712 3794 3056 3868 manipulos
3081 3809 3223 3850 suos
3247 3791 3328 3849 ad
3347 3792 3698 3851 conflictum

2038 3884 2369 3951 animabat,
2384 3889 2441 3942 et
2466 3885 2639 3941 dietis
2665 3885 2819 3941 vires
2850 3883 3071 3940 addere
3101 3882 3422 3939 nitebatur.
3456 3884 3592 3939 Erat
3620 3881 3700 3939 ibi

2036 3989 2177 4031 cum
2206 3974 2455 4032 domino
2484 3988 2643 4044 rege,
2672 3973 2800 4030 odo
2830 3972 2904 4029 de
2937 3973 3155 4030 Sancto
3181 3970 3475 4038 Amando,
3512 3970 3703 4045 magl-

2037 4067 2156 4120 ster
2184 4063 2407 4120 militias
2430 4062 2677 4135 Templi,
2700 4076 2840 4119 cum
2860 4061 3164 4133 octoginta
3212 4075 3285 4117 ex
3325 4060 3449 4116 suis
3474 4080 3490 4129 ς
3546 4060 3703 4134 prin·

2037 4167 2178 4226 ceps
2206 4152 2545 4220 Rainaldus‚
2582 4151 2903 4209 Balduinns
2933 4147 3008 4205 de
3039 4150 3261 4216 Ramis,
3312 4154 3371 4205 et
3424 4148 3704 4206 Balianus

2037 4241 2219 4299 frater
2256 4242 2384 4314 ejus
2410 4259 2429 4309 ,·
2452 4240 2779 4299 Rainaldus
2793 4239 3194 4306 sidoniensis,
3224 4253 3427 4295 comes
3458 4237 3700 4295 Josceli·

279 4339 416 4381 rum
440 4323 956 4395 genere‚inclusos
971 4326 1391 4396 aggredituret
1416 4328 1929 4389 incessantertati-
1960 4342 2008 4397 D
2037 4346 2173 4398 nus,
2215 4332 2372 4403 regis
2402 4328 2736 4387 avunculus
2766 4333 2822 4386 et
2851 4328 3251 4384 senescalcus.
3286 4327 3507 4383 Omnes
3563 4339 3700 4384 vero

280 4418 405 4483 gat.
427 4412 766 4470 contulerat
789 4426 933 4470 sane
950 4428 1013 4469 se
1042 4416 1299 4487 populus
1318 4418 1513 4473 omnis
1537 4434 1718 4492 super
1741 4420 1929 4477 eccle-

279 4502 432 4558 siam
461 4500 619 4558 beati
653 4504 934 4575 martyris
967 4503 1218 4576 Georgii.
1251 4506 1430 4563 Porro
1457 4512 1660 4563 tantus
1692 4514 1929 4565 nostros

277 4590 579 4647 invaserat
608 4590 804 4656 timor,
847 4598 913 4649 ut
949 4593 1078 4665 jam
1111 4609 1232 4651 non
1261 4598 1416 4652 esset
1440 4597 1566 4669 spei
1591 4595 1925 4664 residuum,

274 4680 393 4737 nisi
425 4680 483 4736 in
511 4680 654 4752 iuga
685 4696 698 4745 ;
727 4696 836 4738 nec
859 4681 1052 4739 solum
1074 4683 1285 4757 hisqui
1305 4685 1365 4739 in
1377 4685 1930 4757 campestribusha-

275 4768 573 4837 bitabant,
603 4769 703 4825 ubi
734 4774 858 4826 tam
881 4770 1309 4828 liberhostium
1330 4778 1460 4830 erat
1486 4772 1930 4842 discursus,ve-

277 4872 413 4914 rum
461 4859 640 4914 etiam
672 4861 730 4913 et
762 4861 1056 4916 montium
1090 4860 1304 4917 incolis
1333 4864 1532 4918 tantus
1573 4861 1930 4922 incubuerat

276 4946 508 5015 horror,
531 4953 594 5002 ut
622 4947 919 5005 civitatem
933 4952 1202 5005 sanctam
1230 4964 1417 5022 prope
1437 4950 1927 5027 desererentejus

276 5035 457 5101 cives,
486 5036 632 5091 etde
656 5036 820 5092 urbis
841 5038 1087 5093 tuitione
1111 5035 1477 5107 diffidentes,
1499 5041 1558 5097 in
1574 5054 1771 5098 arcem
1788 5057 1925 5116 quoe

276 5124 487 5180 dicitur
527 5124 730 5190 David,
781 5124 1007 5197 reliqua
1043 5132 1213 5198 parte
1250 5128 1502 5186 civitatis
1525 5129 1817 5200 neglecta,
1862 5146 1924 5187 se

275 5214 543 5270 certatim
574 5212 930 5270 conterrent.
961 5217 1373 5274 processerant
1402 5219 1628 5292 quippe
1649 5233 1924 5276 excurso-

271 5316 369 5358 res
398 5318 585 5376 usque
617 5302 903 5360 adlocum
933 5303 1040 5375 qui
1059 5303 1276 5362 dicitur
1299 5306 1573 5375 Caicalia,
1604 5313 1660 5365 et
1685 5309 1923 5366 obtexe-

273 5395 410 5447 rant
430 5406 584 5464 pene
604 5389 944 5448 universam
960 5393 1335 5465 superficiem
1352 5400 1522 5453 terrae
1542 5409 1753 5454 eorum
1774 5409 1920 5474 pras·

2036 4424 2337 4496 quotquot
2362 4425 2530 4477 erant
2549 4418 2906 4492 promiscuas
2934 4416 3320 4488 conditionis,
3338 4415 3435 4472 vix
3455 4418 3700 4473 trecenti

2039 4508 2420 4582 septuaginta
2434 4506 2944 4580 quinqueinventi
2965 4510 3126 4561 sunt.
3167 4506 3230 4561 ili
3254 4519 3495 4574 omnes,
3527 4504 3702 4562 invo-

2037 4603 2172 4656 cato
2210 4597 2285 4654 de
2315 4597 2591 4669 supernis
2623 4595 2868 4661 auxilio,
2894 4593 3115 4667 praevio
3139 4593 3388 4650 vivificas
3414 4591 3615 4651 crucis
3637 4594 3699 4650 li·

2038 4701 2159 4761 gno
2190 4685 2649 4758 mirabili,quod
2664 4684 2949 4741 domiuus
2968 4682 3243 4739 Albertus
3270 4680 3700 4741 Bethlehemita

2036 4777 2356 4849 episcopus
2371 4774 2708 4846 gestabatln
2727 4770 3028 4839 manibus,
3048 4770 3346 4829 instructis
3358 4770 3697 4838 ordinibus.

2036 4865 2116 4922 ad
2145 4863 2560 4921 dimicandum
2584 4862 2900 4919 viriliterse
2917 4859 3331 4931 accingebant.
3358 4863 3430 4917 At
3447 4874 3589 4917 vero
3606 4860 3699 4916 in·

2036 4956 2196 5010 terea
2213 4950 2943 5022 adhostiumcuneos,qui
2971 4949 3206 5022 longius
3237 4949 3477 5023 praedas
3507 4950 3695 5006 secuti

2034 5047 2091 5099 et
2120 5045 2508 5114 procurantes
2542 5040 2821 5098 incendia
2854 5038 3273 5104 discesserant,
3324 5038 3595 5094 certatim
3619 5051 3693 5095 ex

2033 5131 2281 5188 diversis
2309 5131 2583 5204 partibus
2610 5130 3009 5196 addebantur,
3043 5126 3344 5200 flebatque
3367 5125 3563 5198 maj0r
3583 5141 3693 5183 nu-

2033 5235 2234 5278 merus
2265 5237 2279 5287 ;
2307 5221 2388 5278 ita
2407 5219 2571 5293 quod
2594 5216 2712 5277 uisi
2729 5219 3036 5282 Dominus,
3056 5216 3306 5289 quinon
3330 5214 3693 5290 derelinquit

2032 5315 2342 5383 sperantes
2369 5311 2429 5365 in
2463 5325 2546 5380 se,
2575 5314 2809 5365 nostros
2838 5306 3113 5363 interiore
3133 5304 3401 5378 quadam
3429 5301 3690 5377 inspira·

2028 5399 2189 5457 tione
2210 5397 2561 5456 clementius
2589 5397 2856 5471 erigeret,
2880 5393 3128 5453 omnino
3174 5405 3300 5451 non
3355 5392 3553 5451 solum
3610 5392 3686 5450 de

273 5477 504 5537 ambuli
537 5494 554 5547 ;
583 5484 641 5536 et
663 5479 792 5552 Jam
825 5480 1006 5539 etiam
1035 5480 1303 5541 dimissis
1349 5486 1806 5559 campestribus,
1837 5486 1921 5545 ad
2025 5485 2419 5555 victoria‚sed
2434 5483 2931 5545 etdesaluteetde
2945 5481 3548 5556 libertatedesperare
3577 5493 3686 5542 eo·
