3784 6000
138 235 278 292 1337
1133 224 1492 284 EPISTOLAE
1531 222 1618 280 ET
1654 221 2089 282 PRIVILEGIA.
2133 256 2195 270 —
2232 227 2351 284 AN.
2396 226 2559 284 ¹185.
3415 209 3560 269 1388

132 356 343 415 tratres
374 354 682 413 communi
712 366 1014 410 consensu
1024 349 1119 407 vel
1130 349 1381 406 fratrum
1394 363 1536 420 pars
1546 345 1782 404 consilii
1817 349 1857 401 Α
1896 352 2059 404 ctum
2072 348 2248 406 bonoe
2260 351 2515 408 actionis
2529 349 2861 423 percipiant
2871 351 2928 403 et
2940 342 3100 418 apud
3111 339 3449 398 districtum
3458 337 3557 394 Ju-

128 446 388 504 sanioris
402 444 738 501 secundum
753 446 928 499 Deum
944 439 1310 513 providerint
1326 435 1786 507 eligendumJn-
1895 436 2090 494 dicem
2105 441 2353 512 praemia
2364 447 2597 497 oeternoe
2609 438 2778 512 pacis
2791 435 3118 494 inveniant.
3134 436 3553 495 Amemamen.

125 534 408 591 bibemus
429 534 611 590 etiam
643 548 715 589 ne
742 530 1063 604 proeposito
1084 528 1258 586 liceat
1276 527 1425 584 ullas
1441 527 1658 594 curias,
1686 525 1784 581 de-
1896 542 2096 586 amen.

127 624 339 694 cimas,
371 639 616 679 mansos
633 638 736 678 seu
749 620 910 677 aliud
922 617 1280 675 beneficium
1296 615 1562 673 ecclesias
1573 621 1784 671 vestrm
1969 619 2089 688 Ego
2115 618 2327 674 Lucius
2358 617 2665 675 catholicin
2697 612 2971 673 Ecclesiae
2994 611 3335 683 episcopus.

126 711 413 768 collatum
452 711 628 768 alicui
672 706 1062 782 personaliter
1101 705 1247 763 dare
1296 704 1388 761 vel
1425 705 1645 771 locare,
1679 718 1785 759 seu
1967 707 2086 776 Ego
2107 706 2447 763 Theodinus
2478 708 2750 762 Portuen.
2778 707 2838 759 et
2862 704 2918 760 S.
2952 699 3182 758 Rufina!
3210 696 3372 753 sedis
3392 695 3545 769 epis.

123 801 244 857 alio
272 802 454 857 modo
477 800 736 857 alienare
755 799 883 853 sine
896 795 1205 853 communi
1221 810 1524 851 consensu
1538 791 1784 865 capituli
1966 796 2087 865 Ego
2113 796 2396 853 flenricus
2434 796 2723 852 Albanen.
2755 792 2902 865 epis.

124 893 235 945 aut
256 889 495 961 majoris
510 893 566 944 et
593 886 849 943 sanioris
883 885 1068 957 partis
1099 904 1112 949 ς
1143 881 1286 940 nihil
1303 883 1480 939 etiam
1505 882 1581 938 de
1607 881 1784 938 bonis
1969 885 2088 953 Ego
2116 883 2493 942 Theobaldus
2522 885 2743 943 ostien.
2775 884 2832 939 et
2862 878 3167 937 velletren.
3202 874 3348 948 epis.

125 977 393 1034 ecclesioe
412 979 472 1033 in
503 992 684 1033 usum
698 990 876 1031 suum
902 976 1231 1041 convertat,
1255 971 1610 1046 priusquam
1635 984 1785 1042 prm·
1968 975 2088 1042 Ego
2114 974 2378 1030 loannes
2402 974 2602 1046 presb.
2634 970 2799 1030 card.
2836 970 2917 1025 tit.
2975 970 3033 1025 S.
3066 964 3263 1024 Marci·

127 1066 323 1123 benda
337 1065 577 1123 fratrum
590 1061 1369 1137 plenarie.sicutabantiquo
1383 1064 1661 1116 statutum
1676 1063 1782 1123 est,
1971 1063 2091 1131 Ego
2131 1061 2353 1119 arditio
2382 1061 2538 1119 diac.
2566 1061 2725 1118 card.
2761 1061 2818 1118 S.
2849 1054 3169 1115 Theodori.

135 1154 312 1210 tuerit
333 1154 700 1226 dispensata,
724 1157 781 1208 et
806 1151 1129 1216 cellerario,
1159 1164 1341 1222 quem
1361 1148 1570 1204 tratres
1582 1147 1785 1204 utilem
1971 1152 2092 1220 Ego
2110 1150 2426 1206 Gratianus
2449 1152 2546 1208 SS.
2571 1153 2804 1208 Cosmoe
2820 1153 2877 1205 et
2909 1145 3175 1204 Damiani
3196 1142 3351 1199 diae·
3377 1139 3543 1199 card-

135 1260 205 1298 ac
230 1242 468 1300 fidelem
496 1242 609 1298 sibi
650 1241 952 1309 elegerint,
976 1240 1054 1296 ad
1092 1237 1571 1312 dispensandum
1621 1252 1787 1293 com·
1972 1242 2089 1310 Ego
2116 1239 2426 1297 Goffredus
2449 1242 2506 1298 S.
2537 1240 2729 1298 uariae
2760 1238 2821 1294 in
2845 1238 2946 1292 Via
2969 1237 3109 1291 Lata
3127 1230 3464 1290 diac.card.

136 1333 346 1387 missa.
378 1335 661 1388 Praeterea
680 1330 754 1386 de
780 1329 1204 1396 oblationibus,
1227 1343 1364 1401 quai
1383 1326 1640 1400 suijuris
1667 1340 1788 1381 non
1968 1330 2090 1398 Ego
2119 1328 2385 1386 Albinus.
2417 1329 2551 1386 diac
2577 1328 2741 1385 card.
2779 1328 2851 1391 S„
2870 1324 3062 1383 Marias
3084 1326 3285 1380 Novas.

135 1428 290 1486 sunt,
308 1421 452 1477 nihil
467 1421 580 1477 sibi
597 1419 898 1477 vindicare
921 1422 1269 1491 proesumat,
1288 1418 1394 1473 sed
1424 1415 1789 1472 camerarius
1970 1421 2092 1489 Ego
2125 1418 2428 1474 Laborans
2453 1418 2654 1492 presb.
2685 1417 2849 1474 card.
2882 1416 2938 1471 S.
2970 1413 3158 1470 Uariae
3189 1417 3352 1468 trans
3378 1408 3545 1466 Tibe-

132 1508 526 1577 oblationum,
555 1508 653 1582 qui
679 1508 1011 1582 specialiter
1039 1523 1107 1564 ex
1121 1506 1369 1579 antiqua
1382 1503 1789 1562 etrationabili
1898 1507 1989 1563 rin
2018 1511 2105 1562 tit.
2139 1507 2367 1565 calixti.

129 1598 498 1654 institutione
518 1598 597 1654 ad
627 1614 729 1654 eas
754 1596 1172 1653 observandas
1219 1593 1789 1665 distribuendasque
1974 1598 2184 1653 Datum
2214 1599 2458 1654 Veronae
2478 1613 2587 1669 per
2615 1611 2862 1653 manum
2895 1592 3129 1658 Alberti,
3176 1593 3397 1647 sanctae
3431 1588 3549 1644 Ro-

131 1686 470 1757 praefiostuP2
517 1686 720 1743 debita
777 1685 1120 1758 provisione
1165 1683 1490 1756 dispenset.
1529 1682 1608 1737 De
1648 1681 1790 1737 vino
1828 1700 1868 1755 Β
1900 1701 2096 1742 manae
2126 1685 2402 1742 Ecclesiae
2444 1685 2772 1759 presbyteri
2805 1684 2974 1741 card.
3005 1690 3063 1738 et
3099 1676 3462 1743 cancellarii,
3485 1691 3546 1734 tu

127 1789 269 1830 vero
295 1776 418 1831 sive
445 1775 518 1831 de
550 1776 839 1831 cerevisia
869 1774 1118 1831 fratrum
1141 1772 1287 1829 nihil
1304 1771 1637 1836 subtrahat,
1670 1769 1786 1826 nisi
1899 1774 2244 1841 Kahntartii,
2260 1774 2687 1831 incarnationis
2710 1773 3031 1830 Dominieae
3051 1784 3213 1828 anno
3234 1767 3369 1824 1184
3393 1779 3546 1838 pon-

124 1879 264 1937 quae
289 1864 367 1920 ad
385 1866 723 1937 portionem
745 1881 920 1921 suam
944 1864 1119 1935 juxta
1133 1861 1394 1919 ecclesiae
1416 1865 1624 1917 vestroe
1642 1875 1786 1916 con·
1898 1862 2153 1919 tificatus
2174 1879 2316 1921 vero
2335 1862 2565 1920 domini
2591 1862 2747 1919 Lucii
2766 1876 2941 1935 papie
2961 1858 3038 1915 111
3052 1860 3461 1930 annoquarto.

125 1952 500 2010 suetudinem
515 1955 741 2011 noverit
763 1953 1075 2025 pertinere.
1096 1950 1510 2010 Interdicimus
1537 1951 1785 2022 insuper
2313 1952 2646 2010 Plumbum.
2675 1951 2878 2009 Lucius
2907 1953 3007 2007 PP.
3032 1949 3122 2005 111.

122 2054 199 2096 ne
212 2041 571 2114 praepositus
591 2042 869 2098 ecclesias
895 2045 1123 2097 vestras
1148 2045 1356 2097 contra
1368 2038 1660 2111 justitiam
1684 2039 1783 2095 ali·
2596 2059 2817 2117 CCXIX,

121 2129 355 2202 cuiipse
384 2120 615 2187 tantum
629 2131 920 2188 sacerdoti
939 2129 1250 2197 concedat,
1273 2129 1377 2185 sed
1391 2143 1531 2185 cum
1546 2126 1780 2185 decano
1893 2149 2275 2221 pam-leffium
2314 2166 2426 2219 pro
2476 2147 2830 2206 monasterio
2865 2133 3447 2204 ηαῑιρηιωςριαςρηςϊ
3483 2145 3541 2198 et

119 2222 177 2273 et
206 2217 334 2274 aliis
365 2218 645 2275 tratribus
676 2221 739 2275 in
781 2218 1038 2293 capitulo
1093 2218 1359 2276 residens
1402 2216 1777 2274 sacerdotem
2082 2221 2329 2294 reliquis
2357 2221 2586 2277 ordinis
2610 2217 3014 2279 cisterciensis
3050 2214 3342 2274 ooevaobiis.

119 2306 383 2362 honestae
413 2308 886 2364 conversationis
899 2306 1097 2378 eligat,
1111 2311 1170 2362 et
1193 2305 1447 2363 electum
1475 2320 1616 2361 cum
1642 2304 1776 2361 aliis
2418 2309 2708 2381 (Veronae,
2736 2311 2894 2366 Mart.
2925 2307 3025 2380 4.).

117 2393 452 2450 senioribus
480 2394 770 2467 episcopo
791 2400 1192 2467 repraesentet‚
1220 2411 1257 2451 a
1280 2410 1404 2468 quo
1431 2394 1772 2450 animarum
2242 2398 2650 2473 [Monumenta
2678 2397 2879 2463 Boion,
2911 2400 3001 2462 111,
3030 2394 3181 2470 116]

117 2497 322 2539 curam
352 2483 644 2556 recipiens
670 2484 808 2539 eide
826 2482 1252 2555 spiritualibus,
1276 2483 1451 2539 vobis
1470 2487 1675 2539 autem
1694 2483 1770 2539 de
1959 2488 2157 2545 Lucius
2188 2488 2529 2561 episcopus,
2560 2502 2768 2543 servus
2805 2501 3114 2542 servorum
3150 2482 3270 2548 Dei,
3294 2493 3540 2540 venera·

119 2571 1776 2645 temporalibusdebeatrespondere.Auctoritatequoque
1883 2576 2109 2634 bilibus
2163 2574 2652 2649 archiepiscopis,
2680 2574 3003 2648 episcopis,
3048 2579 3102 2628 et
3134 2570 3361 2628 dilectis
3402 2567 3541 2625 filiis

120 2658 449 2731 apostolica
469 2661 855 2718 nihilominus
885 2661 1171 2718 duximus
1202 2660 1668 2733 prohibendum,
1696 2675 1772 2716 ne
1885 2665 2232 2730 abbatibus,
2252 2665 2552 2737 prioribus
2580 2669 2637 2720 et
2661 2663 2795 2721 aliis
2825 2662 3217 2719 Ecclesiarum
3255 2656 3538 2730 proelatis,

119 2747 446 2804 advocatus
473 2756 660 2807 vester
684 2749 886 2807 locum
936 2750 1158 2822 ipsum,
1193 2748 1280 2806 vel
1328 2765 1462 2823 quae
1505 2750 1582 2806 ad
1632 2764 1771 2805 eum
1884 2755 1962 2811 ad
1990 2769 2145 2827 quos
2176 2753 2381 2810 litteras
2402 2753 2531 2810 istae
2546 2750 3543 2825 pervenerint,salutemetaposto-

117 2838 429 2908 pertinent,
460 2853 711 2910 gravare
729 2838 1774 2912 seuquibuslibetindebitisexactio·
1880 2840 2060 2898 licam
2093 2841 2590 2899 benedictionem.

115 2927 295 2981 nibus
326 2926 574 2996 fatigare
606 2936 952 3000 praesumat,
982 2929 1089 2985 sed
1109 2930 1225 2997 his,
1261 2944 1397 3003 quae
1439 2928 1770 3000 antiquitus
1952 2932 2328 3000 Audivimus,
2345 2935 2404 2987 et
2430 2932 2743 2988 audientes
2758 2928 3091 2985 vehementi
3111 2941 3320 2983 sumus
3345 2921 3538 2981 admi-

117 3015 232 3071 sibi
256 3031 548 3073 concessa
575 3023 717 3074 sunt
743 3022 800 3074 et
829 3018 1222 3089 adjustitiam
1254 3033 1429 3075 suam
1454 3018 1768 3089 pertinent,
1811 3055 1852 3110 C
1882 3021 2110 3077 ratione
2138 3022 2442 3086 commoti,
2471 3020 2787 3094 quodcum
2812 3018 3175 3075 fratribusde
3190 3014 3538 3074 Raitenhas-

114 3108 428 3159 contentus
458 3106 692 3161 existat.
723 3106 1101 3178 sepulturam
1123 3112 1414 3178 praeterea
1441 3106 1631 3178 ipsius
1655 3106 1768 3162 loci
1881 3109 2037 3175 lach,
2060 3110 2212 3166 sicut
2225 3110 2351 3166 aliis
2362 3110 2650 3166 omnibus
2671 3107 3075 3166 cisterciensis
3094 3105 3342 3170 ordinis,
3366 3118 3403 3159 a
3420 3102 3540 3159 tra·

112 3191 367 3248 liberam
398 3208 525 3250 esse
554 3192 954 3260 decernimus,
980 3198 1270 3251 uteorum
1290 3193 1770 3251 devotionietex·
1870 3198 2073 3255 tribus
2102 3203 2159 3254 et
2178 3198 2721 3271 praedecessoribus
2736 3199 2956 3253 nostris
2981 3209 3340 3253 concessum
3365 3192 3461 3262 sit,
3480 3193 3540 3249 et

110 3283 318 3336 tremae
358 3281 670 3349 voluntati,
690 3299 796 3356 qul
817 3300 880 3340 se
893 3283 1013 3340 illic
1035 3281 1270 3355 sepeliri
1287 3281 1766 3356 deliberaverint,
1882 3301 1920 3342 a
1949 3285 2281 3359 nobisipsis
2305 3288 2689 3358 postmodum
2716 3286 3164 3350 confirmatum,
3191 3289 3253 3339 ut
3274 3281 3349 3337 de
3366 3280 3533 3338 labo·

110 3370 223 3425 nisi
254 3369 401 3427 forte
428 3374 929 3430 excommunicati
958 3372 1052 3429 vel
1076 3371 1374 3429 interdicti
1404 3372 1540 3439 sint,
1569 3371 1769 3430 nulius
1879 3374 2070 3439 ribus,
2099 3390 2254 3447 quos
2283 3376 2542 3447 propriis
2564 3375 2840 3430 manibus
2869 3378 2974 3430 aut
2996 3370 3339 3444 sumptibus
3364 3384 3540 3428 exco-

105 3458 377 3526 obsistat,
410 3460 570 3517 salva
606 3467 804 3518 tamen
821 3462 1054 3533 justitia
1076 3460 1311 3518 illarum
1355 3460 1765 3524 ecclesiarum,
1879 3463 2030 3533 lunt,
2071 3463 2295 3519 nemini
2333 3462 2601 3519 decimas
2632 3462 2863 3520 solvere
2918 3465 3254 3526 teneantur,
3281 3458 3533 3529 quidam

94 3554 144 3603 'a
168 3548 391 3620 quibus
442 3557 816 3607 mortuorum
874 3566 1131 3623 corpora
1186 3555 1598 3606 assumuntur.
1629 3550 1765 3607 Haec
1882 3552 1960 3609 ab
1984 3553 2069 3608 eis
2085 3556 2821 3625 extorquerepraesumuni
2849 3552 3163 3608 etsinistra
3188 3549 3539 3620 interpreta-

107 3643 309 3693 autem
339 3639 566 3703 omnia,
598 3639 752 3696 sicut
775 3639 853 3696 ab
883 3640 1130 3714 antiquo
1163 3645 1383 3697 statuta
1414 3644 1628 3696 suntet
1649 3655 1768 3696 ser·
1882 3642 2040 3699 tione
2068 3640 2399 3715 apostolica
2423 3640 2867 3712 privilegiorum
2908 3638 3241 3712 capitulum
3277 3634 3538 3693 afferunt

111 3730 265 3795 vata,
301 3726 477 3783 vobis
515 3733 571 3784 et
605 3744 709 3800 per
731 3744 837 3785 vos
867 3727 1061 3786 eidem
1099 3727 1376 3785 Ecclesiae
1415 3728 1766 3786 auctoritate
1877 3731 1953 3788 de
1984 3729 2303 3788 novalibus
2330 3729 2551 3786 debere
2577 3729 2845 3801 intelligi,
2880 3728 2981 3785 ubi
3004 3729 3078 3785 de
3115 3725 3423 3785 laboribus
3447 3726 3538 3782 est

106 3815 441 3886 apostolica
469 3815 918 3874 confirmamus.
1878 3820 2256 3892 inscriptum.
2287 3818 2584 3885 Quoniam
2611 3818 2793 3890 igitur
2818 3815 3207 3875 manifestum
3237 3818 3328 3872 est
3344 3814 3541 3872 omni-

178 3904 566 3961 Decernimus
609 3906 785 3977 igitur
833 3910 900 3963 ut
940 3906 1087 3962 nulli
1146 3905 1399 3964 omnino
1441 3906 1764 3965 hominum
1877 3908 1992 3966 bus
2024 3908 2127 3982 qui
2151 3913 2306 3965 recte
2331 3907 2579 3980 sapiunt
2599 3906 3148 3981 interpretationem
3179 3903 3532 3977 hujusmodi

101 3990 194 4047 fas
253 3992 330 4047 sit
391 3993 703 4064 praet'atam
755 3995 1072 4055 ecclesiam
1137 4000 1354 4052 temere
1413 3995 1765 4069 perturbare
1875 4012 2217 4072 perversam
2232 4013 2369 4053 esse
2390 4000 2445 4054 et
2469 3995 2783 4054 intellectui
2798 4011 2944 4052 sano
2958 3996 3321 4052 contrariam
3338 4011 3358 4066 3
3389 4008 3530 4050 cnm

103 4084 210 4136 aut
248 4079 380 4150 ejus
440 4083 854 4153 possessiones
920 4082 1152 4140 auterre
1196 4083 1284 4140 vel
1339 4084 1575 4142 ablatas
1629 4085 1766 4143 reti·
1874 4086 2210 4144 secundum
2240 4085 2573 4158 capitulum
2593 4083 2740 4141 illud
2772 4101 2809 4141 a
2838 4083 3132 4142 solutione
3157 4082 3534 4140 decimarum

97 4181 262 4234 nere,
295 4169 584 4237 minuere,
615 4188 721 4228 seu
743 4171 1109 4245 quibuslibet
1157 4172 1574 4230 vexationibus
1629 4174 1760 4233 tati-
1875 4180 1997 4232 tam
2021 4175 2097 4231 de
2117 4175 2281 4231 terris
2304 4174 2413 4231 illis
2436 4189 2589 4246 quas
2610 4173 2989 4231 deduxerunt
3012 4172 3102 4230 vel
3119 4172 3429 4230 deducunt
3452 4169 3532 4229 ad

97 4271 242 4327 gare
273 4274 287 4324 ;
315 4257 420 4315 sed
443 4260 650 4317 omnia
672 4260 902 4332 integra
925 4267 1355 4319 conserventur
1383 4278 1615 4331 eorum,
1648 4279 1759 4336 pro
1871 4264 2119 4330 cultum,
2153 4279 2339 4337 quam
2370 4263 2551 4320 etiam
2583 4262 2659 4319 de
2690 4264 2858 4320 terris
2885 4262 3058 4319 cultis
3079 4277 3238 4333 quas
3270 4260 3531 4335 propriis

94 4360 347 4418 quorum
362 4346 783 4418 gubernatione
796 4366 864 4406 ac
878 4351 1607 4409 sustentationeconcessa
1623 4360 1759 4411 sunt
1790 4404 1836 4461 D
1871 4352 2154 4410 manibus
2176 4352 2264 4409 vet
2288 4352 2630 4425 sumptibus
2645 4352 2926 4409 excolunt
2946 4351 3061 4408 sint
3087 4351 3325 4425 penitus
3350 4350 3533 4408 abso·

94 4433 305 4489 usibus
319 4435 1009 4506 protutura‚salvasedis
1028 4438 1374 4511 apostolicas
1397 4441 1756 4499 auctoritate
1867 4442 1993 4509 luti,
2045 4457 2119 4497 ne
2173 4442 2330 4498 ullus
2383 4447 2593 4499 contra
2616 4457 2720 4499 eos
2758 4441 3067 4498 materiam
3104 4441 3326 4498 habeat
3356 4438 3530 4498 mali-

91 4526 150 4579 et
189 4522 513 4580 dioecesani
542 4525 810 4598 episcopi
838 4527 1128 4584 canonica
1150 4526 1400 4598 iustitia.
1425 4528 1480 4585 Si
1507 4529 1757 4602 quaigi·
1865 4531 2115 4605 guandi,
2140 4534 2247 4587 aut
2274 4529 2728 4603 quomodolibet
2752 4535 2962 4587 contra
2999 4529 3293 4602 justitiam
3344 4527 3531 4586 mole-

93 4616 187 4667 tur
215 4610 568 4669 infuturum
607 4613 1009 4672 ecclesiastica
1060 4615 1435 4673 srecularisve
1474 4633 1753 4689 persona,
1867 4620 2067 4679 standi
2101 4636 2208 4694 per
2259 4620 2586 4693 apostolica
2630 4618 2802 4677 vobis
2846 4620 3065 4692 scripta
3117 4617 3527 4691 praecipiendo

88 4700 248 4757 hanc
279 4707 493 4757 nostras
524 4703 960 4761 constitutionis
991 4705 1275 4777 paginam
1302 4704 1518 4775 sciens,
1545 4713 1756 4766 contra
1868 4708 2566 4783 mandamus,quatenus
2585 4708 2870 4765 omnibus
2887 4708 3217 4780 quivestrte
3234 4706 3531 4780 sintpote-

86 4804 223 4847 eam
238 4795 459 4848 temere
472 4794 669 4848 venire
684 4794 1014 4861 tentaverit,
1030 4794 1297 4852 secundo
1327 4795 1571 4852 tertiove
1590 4812 1756 4854 com·
1865 4798 2053 4869 statis,
2085 4800 2433 4856 auctoritate
2480 4803 2687 4854 nostra
2740 4796 3056 4871 prohibere
3104 4795 3345 4862 curetis,
3377 4811 3453 4853 ne
3491 4812 3530 4855 a

91 4880 338 4943 monita,
368 4880 482 4936 nisi
511 4886 745 4938 reatum
775 4898 952 4939 suum
985 4882 1173 4953 digna
1193 4882 1596 4942 satisfactione
1628 4901 1754 4944 cor·
1865 4889 2215 4946 memoratis
2243 4885 2531 4944 tratribus
2553 4887 2630 4944 de
2660 4885 3121 4945 Raitenhaslach
3154 4885 3246 4942 vel
3268 4900 3307 4942 a
3332 4884 3528 4944 tratri·

88 4970 323 5035 rexerit,
355 4971 671 5041 potestatis
700 4971 1068 5044 honorisque
1099 4971 1194 5028 sui
1219 4971 1506 5043 dignitate
1528 4978 1748 5041 careat,
1846 4977 1980 5033 ·bus
2001 4975 2255 5033 aliorum
2298 4976 2795 5033 monasteriorum
2826 4972 3232 5032 cisterciensis
3271 4973 3528 5030 ordinis,

89 5070 376 5129 reamque
412 5075 476 5115 se
508 5057 714 5116 divino
736 5059 966 5133 judicio
994 5060 1246 5117 existere
1291 5060 1367 5117 de
1412 5066 1753 5135 perpetrata
1857 5064 2499 5139 quiinepiscopatibus
2513 5059 3529 5130 vestrisconsistunt,denovalibns

87 5143 1750 5221 iniquitatecognoscat‚etasacratissimocorporeacsan·
1860 5154 1950 5211 vel
1974 5154 2049 5211 de
2091 5152 2224 5211 aliis
2255 5152 2428 5209 terris
2452 5168 2606 5226 quas
2636 5150 2894 5226 propriis
2932 5151 3218 5209 manibus
3243 5149 3337 5207 vel
3366 5166 3529 5208 sum-

89 5232 267 5302 guine
279 5233 376 5290 Dei
400 5239 456 5291 et
478 5236 713 5294 Domini
744 5236 1157 5309 Redemptoris
1177 5238 1361 5294 nostri
1381 5240 1521 5296 Jesu
1541 5239 1746 5298 Christi
1859 5243 2061 5317 ptibus
2081 5242 2379 5309 excolunt,
2401 5241 2495 5298 vel
2520 5241 2595 5297 de
2616 5241 2993 5298 nutrimentis
3012 5240 3368 5298 animalium
3390 5254 3531 5299 suo-

88 5320 418 5390 alienafiat,
435 5329 615 5399 atque
634 5326 697 5382 in
720 5331 986 5383 extremo
1001 5319 1281 5383 examine
1299 5326 1519 5385 divinas
1540 5328 1749 5387 ultioni
1858 5331 2272 5390 rumdecimas
2286 5329 3525 5404 praesumantquomodolibetssextorquere·

89 5408 414 5482 subjaceat.
429 5410 669 5472 Cunctis
686 5420 877 5473 autem
889 5415 1077 5472 eidem
1091 5414 1222 5472 loco
1240 5431 1345 5472 sua
1355 5416 1488 5488 jura
1506 5433 1749 5477 servan·
1858 5424 2007 5480 Nam
2026 5422 2074 5478 si
2100 5420 2176 5480 de
2201 5420 2522 5478 novalibus
2544 5418 2832 5476 vellemus
2868 5422 3100 5477 tantum
3126 5418 3396 5492 intelligi,
3418 5417 3522 5480 ubi

88 5500 248 5559 tibus
269 5501 344 5561 sit
354 5516 479 5575 pax
490 5503 723 5566 Domini
732 5506 872 5566 Jesu
887 5504 1119 5573 Christi,
1132 5508 1434 5580 quatenus
1450 5506 1615 5567 ethic
1626 5507 1747 5568 tru-
1858 5508 2569 5585 ponimusdelabortbus,
2581 5507 2984 5568 &novalibus
2995 5509 3530 5583 poneremus‚sicut
