3784 6000
38 204 201 264 ‘tw'

880 201 1080 261 oRno
1120 199 1382 260 RERUM
1420 199 1588 270 011AE
1621 197 1693 258 m
1732 196 1873 257 HOC·
1908 196 2110 258 ΤΟΜΟ
2147 197 2630 260 comminuit.

3316 199 3484 259 {sso-

37 337 105 388 οι
128 335 396 388 vestrum
419 335 636 403 prosto
658 329 735 387 sit
754 329 1045 387 auxilium
1070 327 1237 385 nullo
1251 327 1438 384 modo
1456 327 1705 384 retinere
1737 328 1782 382 Α
1816 324 1949 383 silia
1986 329 2044 382 et
2074 325 2360 383 victuaria
2386 341 2524 398 quas
2554 332 2722 382 erant
2749 325 2811 383 in
2840 330 3043 384 eastro
3072 326 3267 393 Faba.
3296 325 3465 401 quod

40 421 401 495 poterimus.
445 420 749 477 Civitatem
794 422 973 476 etiam
1026 420 1246 492 Tyrum
1291 415 1706 490 inpraesentia-

42 526 183 567 rum
217 511 429 566 acriter
465 509 827 580 obsidentes,
861 510 956 564 die
988 514 1310 580 noctuque,
1356 521 1703 578 expugnare

40 614 171 656 non
196 606 458 663 cessant,
482 605 540 655 et
564 604 728 655 tanta
754 605 842 655 est
867 613 1077 654 eorum
1101 596 1297 668 copia,
1321 595 1486 668 quod
1519 600 1703 651 totam

41 692 219 745 terrm
247 687 460 743 taciem
482 703 519 743 a
545 688 698 758 Tyro
721 703 910 759 usque
939 690 1015 742 ad
1045 683 1395 751 Jerusalem,
1427 690 1484 741 et
1512 699 1702 755 usque

42 774 127 833 ad
149 777 367 834 Gazam
395 774 554 832 velut
578 775 844 833 formicas
865 779 1322 847 cooperuerunt.
1353 773 1532 830 Nobis
1559 787 1702 842 ergo

42 869 103 923 et
116 864 534 923 christianitati
552 865 820 931 Orientis,
839 864 919 921 ad
944 878 1210 938 praesens
1230 863 1479 920 omnino
1489 861 1704 934 deper-

43 953 209 1021 diue,
267 955 625 1029 quantocius
680 968 1024 1012 succurrere
1068 952 1437 1023 dignemini,
1482 958 1544 1008 ut
1595 966 1705 1024 per

42 1044 234 1100 Deum
257 1049 315 1099 et
348 1048 554 1099 vestrm
579 1042 961 1100 fraternitatis
993 1042 1400 1108 eminentiam,
1427 1039 1700 1097 residuas

42 1131 338 1197 civitates,
354 1135 551 1189 vestro
565 1131 691 1188 t'ulti
710 1130 1102 1196 adminiculo,
1116 1129 1347 1188 salvare
1358 1129 1666 1202 possimus
1679 1171 1692 1184 .

41 1220 265 1279 Valete.

842 1344 910 1400 V.

40 1453 334 1526 Ejusdem
381 1452 463 1510 ad
509 1452 837 1510 Hem-icum
877 1467 1072 1535 regem
1118 1451 1478 1522 Analorum.
1509 1481 1578 1492 —
1616 1451 1704 1508 De

402 1524 848 1596 eaepuonatt'one
885 1523 1334 1594 Hierosolyma

776 1629 975 1702 (thid.)

122 1756 491 1815 Charissimo
529 1755 780 1812 domino
834 1757 1092 1819 Hesaico,
1129 1754 1230 1810 Dei
1261 1754 1453 1825 gratia
1488 1752 1699 1810 illustri

47 1845 374 1918 Anglorum
408 1844 552 1917 regi,
585 1845 721 1900 duci
760 1844 1141 1901 Normannioe
1170 1848 1227 1899 et
1263 1843 1620 1915 Aquitania»,
1646 1848 1703 1899 et

47 1935 254 1993 comiti
283 1935 662 2006 Andegaviae,
696 1932 878 1990 frater
907 1935 1197 1997 Taniticus,
1229 1932 1541 2004 quondam
1579 1948 1702 1990 ma-

46 2038 206 2096 gnus
250 2028 581 2097 proeceptor
610 2022 829 2079 domus
856 2021 1079 2094 Templi
1132 2021 1519 2090 Hierusalem,
1546 2022 1703 2078 salu·

49 2119 171 2171 tem
196 2113 255 2168 in
281 2129 353 2169 eo
380 2113 482 2185 qui
509 2111 611 2168 dat
641 2111 893 2168 salutem
923 2110 1185 2181 regibus.

122 2201 328 2259 Sciatis
347 2200 513 2273 quod
534 2198 901 2255 Hierusalem
924 2215 1061 2256 eum
1089 2215 1223 2254 arce
1250 2199 1439 2255 David
1467 2198 1702 2256 reddita

47 2296 135 2347 est
151 2289 615 2362 Saladino.Syrii
634 2295 835 2345 autem
851 2288 1420 2345 habentcustodiam
1437 2287 1700 2360 sepulcri

48 2395 240 2453 usque
267 2379 345 2435 ad
365 2386 645 2451 quartum
676 2378 835 2434 diem
862 2383 999 2450 post
1027 2376 1244 2433 testum
1274 2379 1331 2433 S.
1365 2377 1697 2447 Michaelis3

47 2469 251 2541 etipse
278 2468 595 2525 Saladinus
613 2469 673 2525 in
693 2468 878 2524 domo
896 2465 1210 2539 Hospitalis
1232 2467 1497 2538 permisit
1511 2481 1702 2523 rema·

48 2573 189 2614 nere
204 2557 409 2613 decem
426 2556 501 2612 de
516 2554 801 2612 fratribus
817 2554 1130 2628 Hospitalis
1142 2556 1218 2611 ad
1233 2554 1698 2612 custodiendum

49 2646 324 2702 infirmos
348 2645 610 2717 usquein
628 2659 813 2700 unum
833 2659 1084 2700 annum.
1106 2645 1331 2699 Fratres
1343 2658 1485 2700 vero
1499 2644 1703 2716 Hospi-

46 2735 184 2793 talis
199 2735 274 2790 de
299 2733 599 2790 Belliverio
618 2733 842 2805 optime
858 2733 1135 2788 resistunt
1148 2733 1461 2789 Saracenis
1479 2731 1698 2799 adhuc,

47 2828 106 2880 et
117 2823 272 2880 duas
280 2823 407 2895 J'am
421 2837 715 2879 carvanas
729 2824 1166 2879 Saracenorum
1179 2827 1696 2894 expugnaverunt,

45 2913 107 2970 in
132 2928 392 2986 quarum
414 2911 656 2968 alterius
681 2909 1196 2982 captione,omnia
1220 2926 1391 2967 arma
1418 2916 1475 2967 et
1505 2916 1702 2967 usten-

1816 415 2096 472 Saraceui
2122 415 2558 480 destruxerant,
2579 415 2820 472 viriliter
2837 414 3046 472 lucrati
3070 421 3226 472 sunt.
3256 414 3465 473 Adhuc

1814 505 1993 560 etiam
2016 503 2295 560 resistunt
2323 503 2607 561 Saladiuo
2637 504 2944 574 Gragchus
2973 503 3278 578 [Gregeus]
3313 507 3465 562 lon-

1816 592 1887 649 tis
1930 592 2165 664 regalis,
2196 598 2253 649 et
2300 595 2463 650 Mons
2509 593 2746 664 regalis,
2776 601 2833 649 et
2867 594 3088 665 Saphet
3126 592 3374 666 Templi,
3406 599 3463 651 et

1813 683 2121 754 Gragchus
2164 682 2503 754 Hospitalis,
2552 689 2609 738 et
2658 685 3008 753 Margatum,
3049 689 3105 739 et
3155 683 3466 741 castellum

1813 770 2119 837 Blancum,
2139 777 2195 827 et
2224 777 2377 828 terra
2400 769 2673 844 Tripolis,
2695 778 2751 828 et
2773 777 2927 830 terra
2956 772 3301 829 Antiochioe.
3324 772 3468 844 Cap-

1812 864 1869 916 ta
1886 871 2087 916 autem
2100 860 2533 932 Hierosolyma,
2558 859 2875 918 saladinus
2896 876 3136 918 crucem
3146 860 3222 917 de
3243 859 3468 934 templo

1815 949 2048 1006 Domini
2077 949 2299 1021 deponi
2321 949 2475 1016 fecit,
2501 955 2561 1006 et
2582 965 2716 1006 eam
2743 964 2849 1021 per
2862 947 3018 1007 duos
3036 949 3165 1006 dies
3196 965 3303 1023 per
3324 948 3467 1007 eivi-

1813 1041 1994 1094 tatem
2023 1038 2081 1094 in
2109 1046 2410 1096 ostentum
2439 1038 2782 1110 fustigando
2811 1039 3036 1109 portari
3064 1038 3218 1096 fecit.
3241 1037 3464 1096 Deinde

1812 1125 1948 1184 tecit
1968 1126 2257 1198 templum
2280 1127 2511 1185 Domini
2530 1143 2688 1196 aqua
2710 1134 2910 1185 rosata
2928 1129 3090 1185 intus
3104 1134 3159 1185 et
3182 1129 3464 1189 exterius.

1811 1231 2056 1272 sursum
2077 1222 2135 1273 et
2156 1217 2444 1274 deorsum
2468 1216 2680 1281 lavari,
2701 1222 2758 1272 et
2783 1217 2976 1287 legem
3006 1233 3181 1274 suam
3205 1217 3466 1292 desuper

1810 1304 1958 1362 illud
1999 1321 2105 1377 per
2130 1311 2392 1379 quatuor
2419 1313 2618 1377 partes
2648 1304 2801 1362 miro
2830 1305 3087 1363 tumultu
3117 1306 3462 1364 acclamari.

1810 1394 1856 1451 A
1884 1392 2034 1449 festo
2059 1408 2200 1449 vero
2227 1393 2287 1449 S.
2328 1393 2557 1451 Martini
2590 1407 2785 1464 usque
2815 1393 2896 1450 ad
2933 1384 3463 1453 Circumcisionem

1813 1481 2047 1539 Domini
2078 1480 2316 1538 obsedit
2341 1482 2583 1553 Tyrum,
2610 1482 2896 1538 tredecim
2918 1482 3187 1555 pierariis
3209 1482 3305 1540 die
3324 1498 3465 1543 noe·

1813 1578 2008 1645 teque,
2041 1571 2273 1643 lapides
2312 1570 2372 1626 in
2403 1587 2539 1627 eam
2576 1573 2945 1628 incessanter
2976 1572 3368 1644 iactantibus.
3400 1574 3464 1631 In

1733 1672 1778 1728 Β
1810 1661 2011 1731 vigilia
2064 1664 2122 1718 S.
2164 1658 2442 1733 Sylvestri
2494 1659 2780 1716 dominus
2832 1659 3143 1718 Conradus
3197 1662 3466 1722 marchio

1811 1749 2027 1807 milites
2050 1754 2108 1806 et
2128 1748 2356 1821 pedites
2379 1763 2484 1820 per
2513 1764 2753 1804 murum
2783 1749 3037 1806 civitatis
3056 1751 3378 1823 disposuit,
3404 1757 3466 1810 et

1812 1840 2063 1896 armatis
2074 1837 2500 1910 septemdecim
2518 1836 2701 1908 galeis
2713 1836 2988 1894 etdeeem
3003 1837 3133 1895 aliis
3146 1840 3462 1911 naviculis,

1810 1944 1948 1985 cum
1997 1928 2220 1985 auxilio
2258 1926 2477 1984 domus
2510 1925 2830 1997 Hospitalis
2861 1934 2919 1983 et
2945 1926 3198 1986 fratrum
3234 1930 3466 2005 Templi

1810 2017 2099 2074 adversus
2130 2016 2333 2089 galeas
2364 2015 2628 2074 Saladini
2656 2015 2984 2084 dimicavit,
3015 2033 3237 2091 easque
3283 2010 3468 2093 expu-

1808 2121 2027 2179 gnans,
2047 2105 2324 2162 undecim
2341 2120 2415 2161 ex
2434 2105 2520 2160 eis
2544 2105 2804 2173 retinuit,
2823 2109 2879 2162 et
2897 2120 3187 2176 magnum
3212 2106 3465 2166 Alexan-

1809 2199 1956 2254 driae
1983 2194 2386 2253 admiraldum
2418 2209 2559 2252 cum
2587 2200 2722 2250 octo
2747 2193 2877 2251 aliis
2903 2195 3253 2253 admiraldis
3280 2198 3460 2271 cepit,

1811 2287 2247 2344 Saracenorum
2278 2282 2659 2340 multitudine
2688 2283 3014 2341 interfecta.
3041 2285 3302 2360 Reliquoe
3323 2302 3463 2345 vero

1810 2375 1992 2447 galeae
2012 2372 2277 2430 Saladini
2300 2373 2771 2431 Christianorum
2793 2389 3007 2430 manus
3019 2375 3365 2444 evadentes,
3380 2376 3460 2435 ad

1812 2461 2077 2521 Saladini
2096 2462 2421 2518 exercitum
2446 2461 2863 2531 confugerunt.
2891 2462 3115 2535 quibus
3135 2471 3458 2538 proecepto,

1809 2551 1970 2610 illius
2021 2551 2099 2609 ad
2154 2557 2368 2607 terram
2437 2551 2735 2616 extractis,
2774 2552 2903 2624 ipse
2958 2550 3273 2610 Saladinus
3317 2555 3455 2625 igne

1810 2642 2086 2719 apposito
2107 2641 2168 2696 in
2188 2640 2447 2696 cinerem
2467 2644 2526 2695 et
2548 2638 2813 2696 favillam
2842 2639 2975 2697 tecit
2994 2641 3181 2716 redigi
3209 2661 3225 2713 ;
3248 2643 3464 2703 nimio-

1809 2747 1928 2804 que
1947 2729 2151 2787 dolore
2164 2734 2523 2797 commotus,
2536 2729 2678 2800 equi
2697 2729 2789 2785 sui
2810 2730 3110 2787 auriculas
3121 2737 3178 2788 et
3196 2733 3457 2792 caudam

1808 2825 2157 2893 amputans,
2171 2833 2396 2891 equum
2410 2816 2578 2875 illum
2591 2833 2695 2891 per
2709 2823 2898 2876 totum
2909 2821 3229 2879 exercitum
3247 2822 3459 2880 viden-

1807 2908 1970 2966 tibus
1994 2907 2276 2965 omnibus
2302 2906 2606 2980 equitavit.
2639 2907 2853 2966 Valete.

821 3244 1515 3412 ORDO
1671 3244 2633 3407 RERUM

488 3578 823 3727 QUAE
882 3579 1031 3701 ΙΝ
1104 3582 1394 3706 Hoc
1447 3579 1852 3706 ΤΟΜΟ
1910 3579 2965 3705 CONTINENTUR.

216 4000 279 4072 ,4
292 3997 601 4050 nummos
613 3998 792 4050 LEXO
803 3998 1087 4052 VIENSIS
1104 4000 1272 4052 EPIS
1279 4000 1408 4052 GOP
1418 4000 1510 4052 US.

107 4061 417 4199 §.efflatum
445 4123 673 4197 epistola
700 4123 1043 4177 dedicatoria.
1638 4066 1698 4176 ig

106 4185 407 4300 ‘klisuoifffi'
473 4186 774 4299 ‘5553'oe
835 4248 922 4299 An
981 4249 1318 4302 neumenia
1374 4250 1419 4301 ιι
1477 4189 1698 4303 anesii

42 4311 325 4368 ANGLIAE,
351 4312 403 4362 S.
420 4311 703 4362 TIIOMAM
728 4311 1024 4362 ARCHIEP.
1042 4313 1237 4369 CANT.
1261 4314 1343 4363 ET
1365 4314 1568 4365 Amos.
1637 4316 1699 4366 17

107 4373 146 4424 1.
178 4401 236 4412 -
268 4374 510 4425 l’raet'atio
547 4373 614 4423 ad
644 4375 914 4439 AEgidium
939 4375 1228 4425 archidiac.
1261 4376 1514 4428 Rotbom.
1637 4377 1698 4427 17

106 4435 172 4488 11.
205 4465 266 4474 -
296 4436 374 4487 Ad
405 4438 685 4486 dominum
703 4450 897 4502 papam
927 4436 1290 4488 Coelestinum.
1638 4441 1696 4489 18

104 4499 190 4550 111.
223 4527 285 4537 —
307 4498 382 4549 Ad
415 4500 688 4549 eumdem.
1636 4505 1697 4552 19

104 4562 196 4615 IV.
231 4589 292 4601 -—
312 4560 396 4611 Ad
431 4560 721 4612 Robertum
750 4562 1174 4613 Lincolniensem
1207 4564 1540 4638 episcopum.
1634 4566 1697 4614 20

104 4624 168 4675 V.
187 4653 250 4662 —
276 4624 355 4675 Ad
380 4624 665 4688 Sugerium
684 4623 933 4674 abbatem
956 4625 1008 4674 S.
1037 4627 1290 4688 Dyonisii.
1634 4628 1692 4677 21

102 4686 190 4738 VI.
221 4714 283 4724 ·-
303 4686 380 4737 Ad
407 4685 688 4736 dominum
715 4699 912 4751 papam
947 4687 1273 4752 Eugenium.
1634 4692 1693 4740 21

102 4749 217 4804 VII.
247 4776 311 4788 --
334 4750 413 4799 Ad
441 4747 712 4798 eumdem.
1634 4754 1698 4802 22

101 4811 236 4865 V1II.
268 4839 330 4850 —
354 4810 433 4860 Ad
463 4810 736 4860 Danielem
770 4811 1000 4875 priorem
1022 4810 1074 4861 S.
1106 4812 1369 4866 Barbarie.
1634 4815 1696 4864 23

101 4874 185 4925 IX.
206 4901 268 4912 —
287 4874 368 4925 Ad
402 4872 697 4923 Arnaldum
726 4872 1180 4925 Bonoevallensem
1205 4874 1476 4925 abbatem.
1632 4878 1696 4927 23

100 4938 171 5047 IX.
186 4937 341 5011 3-Ad
355 4936 639 4989 dominum
652 4948 852 5001 papam
873 4935 1235 4987 Alexandrum
1259 4950 1383 4988 cum
1403 4941 1546 4989 esset
1573 4950 1696 5052 0838

39 5009 99 5049 ce
140 5011 302 5049 anua.

99 5061 198 5111 xl.
225 5086 285 5100 -
314 5062 392 5112 Ad
417 5061 480 5117 G.
521 5060 827 5112 monialem.
1632 5066 1695 5114 25

100 5121 208 5173 XII.
245 5151 296 5164 ·-
327 5124 411 5175 Ad
440 5126 721 5175 dominum
749 5135 947 5188 papam
971 5122 1255 5177 Adrinum.
1631 5128 1695 5178 27

99 5185 233 5235 XIII.
264 5211 326 5225 —
351 5187 430 5237 Ad
449 5187 722 5241 eumdem.
1630 5190 1693 5240 28

100 5247 232 5299 XIV.
256 5275 319 5285 —
344 5249 423 5298 Ad
452 5251 767 5315 magistrum
796 5249 1010 5298 Petrum
1040 5247 1222 5313 Helye.
1628 5253 1692 5300 29

100 5310 213 5365 XV.
249 5336 312 5346 —
340 5310 418 5360 Ad
443 5314 736 5363 Arnaldum
766 5309 1221 5362 Bonaevallensem
1249 5311 1526 5367 abbatem.
1627 5314 1690 5363 29

36 5372 414 5490 miztia-Ad
426 5372 766 5439 Radulpbum
782 5376 849 5425 de
877 5373 1060 5424 Diceto
1075 5373 1507 5425 Londoniensem
1518 5374 1692 5489 arcb²ii

100 5498 262 5555 XVII.
291 5525 354 5537 —
370 5496 450 5547 Ad
477 5509 674 5563 papam
694 5500 1018 5557 Adrianum.
1630 5502 1695 5553 30
1720 5541 1724 5548 .

1868 3998 2049 4049 XVIII.
2092 4026 2155 4038 -
2185 3998 2265 4050 Ad
2297 4000 2562 4053 Joannem
2596 4001 3006 4068 Neapolitanum
3036 4008 3089 4055 et
3130 4006 3464 4061 willelmum

1807 4062 1879 4113 Pa
1921 4063 2122 4113 iensem
2147 4062 2495 4114 cardinalem.
3398 4072 3456 4121 31

1939 4126 2006 4180 X.
2043 4152 2101 4162 —
2130 4124 2213 4175 Ad
2242 4124 2495 4176 abbatem
2524 4126 2576 4177 8.
2605 4126 2831 4180 Ebrulfl.
3399 4135 3464 4185 88

1866 4188 1982 4242 XX.
2013 4215 2075 4226 —
2101 4188 2179 4237 Ad
2213 4187 2484 4239 eumdem.
3401 4197 3463 4247 33

1802 4249 2185 4368 ϋοξξιέἆοΑᾱ
2213 4249 2496 4301 dominum
2523 4264 2722 4317 papam
2746 4252 3127 4314 Alexandrum,
3159 4256 3225 4307 de
3252 4271 3465 4372 proma

1865 4375 2019 4426 xxu.
2045 4401 2105 4412 —
2138 4374 2471 4441 Rescriptum
2492 4375 2865 4444 dominipapoe
2898 4379 3213 4435 Alexandri.
3400 4385 3463 4436 3⁶

1864 4437 2053 4492 XXIII.
2081 4464 2140 4475 -
2168 4438 2247 4488 Ad
2263 4438 2590 4504 archiepisco
2628 4454 2690 4492 os
2722 4446 2778 4492 et
2803 4444 3083 4510 episcopos
3109 4446 3335 4511 Anglioe.
3403 4449 3465 4500 ³7

1864 4500 2121 4551 xx1v.-
2150 4500 2229 4551 Ad
2254 4501 2550 4573 cardinales
2624 4517 2835 4556 omanoe
2861 4506 3105 4558 Ecclesiae
3123 4509 3191 4559 de
3205 4509 3467 4562 electione

1803 4561 2012 4614 domini
2034 4576 2188 4628 papoe
2210 4563 2518 4615 Alexandri.
3398 4573 3462 4623 to

1802 4626 2138 4739 Εοξιξέζὼ.-
2174 4625 2253 4676 Ad
2300 4626 2590 4678 Henricum
2620 4628 2872 4680 Pisanum
2925 4629 3164 4695 legatum
3206 4632 3465 4747 Romani}

1864 4750 2046 4802 XXVI.
2066 4776 2127 4788 —
2149 4749 2230 4800 Ad
2256 4750 2528 4803 eumdem.
3399 4758 3466 4810 4⁸

1863 4811 2072 4863 xxvn.
2112 4839 2175 4851 —
2201 4813 2281 4864 Ad
2344 4813 2678 4865 willelmum
2723 4814 3223 4871 Cenomannensem
3253 4822 3464 4887 episco-

1803 4890 2097 4995 panXVIII.
2140 4967 2203 4979 —
2230 4939 2312 4990 Ad
2341 4941 2624 5008 nugonem
2651 4944 3141 5011 Rothomagensem
3174 4878 3469 5014 arcliiepitP

1801 5014 1865 5052 ω
1907 5014 2043 5114 mInX’.
2066 5090 2126 5138 .-
2147 5063 2227 5115 Ad
2242 5070 2493 5117 sanctum
2508 5066 2769 5120 Thomam
2789 5069 2919 5121 dum
2936 5075 3080 5124 esset
3093 5073 3238 5140 regis
3252 5010 3460 5139 Angli4‘g

1798 5126 2167 5178 cancellarius.
3397 5131 3461 5185 4⁹

1859 5188 2016 5239 XXX.
2048 5214 2109 5229 —
2138 5189 2219 5240 Ad
2247 5189 2530 5241 dominum
2557 5206 2755 5259 papam
2784 5194 3171 5256 Alexandrum.
3394 5197 3458 5249 80

1858 5251 2038 5302 XXXI.
2068 5277 2131 5289 —
2154 5250 2237 5301 Ad
2270 5252 2539 5304 eumdem.
3393 5261 3452 5312 5¹

1856 5313 2068 5365 XXXII.
2092 5340 2153 5352 -—
2179 5313 2260 5364 Ad
2282 5314 2553 5366 eumdem.
3380 5324 3467 5374 ⁸5-

1857 5375 2088 5427 xxxut.
2124 5401 2185 5416 —
2226 5376 2311 5430 Ad
2334 5377 2598 5430 Thomam
2627 5379 3065 5436 cantuariensem
3098 5385 3461 5453 archiepisc-‚05

1798 5453 2087 5560 lmX1X'XIV.
2114 5526 2178 5540 —
2208 5500 2290 5553 Ad
2322 5502 2599 5561 eumdem.
3395 5449 3484 5576 a:
