3784 6000
91 187 237 246 ¹8⁴5

788 309 1054 368 CCXXW.

20 394 23 401 ¹
93 416 1750 490 Romanimonasteriiprotectionemsuscipit,immunita-

171 498 394 564 temque
423 490 743 546 talliarum
753 504 852 546 seu
865 489 1133 546 aliarum
1146 503 1442 546 novarum
1457 497 1511 546 et
1520 488 1747 545 indebi-

172 569 371 621 tarum
410 560 775 619 exactionem
825 562 1163 630 confirmat.

599 651 888 720 (Veronoe,
928 651 1091 706 Mart.
1141 648 1256 721 23.)

94 737 303 816 [Mem.
335 746 391 797 et
419 739 664 795 Docum.
695 737 862 882 (ξειιιιιι
895 737 1101 900 ΐσέόειξ
1125 737 1209 900 Jde
1237 738 1300 794 la
1333 736 1534 796 Suisse
1561 737 1752 803 Rom„

176 938 376 993 Lucius
407 933 751 1006 episcopus,
783 948 993 990 servus
1022 947 1335 990 servorum
1371 932 1494 1000 Dei,
1525 931 1755 990 dilectis

95 1024 268 1091 filiis,
300 1022 481 1097 priori
523 1025 583 1078 et
618 1021 935 1078 conventui
974 1023 1220 1079 Romani
1268 1020 1635 1089 monasterii,
1667 1037 1759 1078 sa·

95 1114 292 1170 lutem
322 1117 378 1169 et
403 1109 796 1183 apostolicam
835 1109 1340 1168 benedictionem.

171 1199 360 1259 Officii
388 1200 577 1256 nostri
609 1214 721 1255 nos
744 1199 1014 1256 hortatur
1036 1199 1366 1258 auctoritas
1388 1214 1499 1273 pro
1529 1197 1761 1269 religio-

101 1305 316 1348 sorum
349 1288 617 1345 locorum
664 1292 823 1344 statu
869 1291 1140 1359 satagere
1167 1293 1227 1346 et
1267 1302 1475 1344 eorum
1524 1287 1658 1360 paci
1705 1291 1764 1344 et

101 1376 522 1452 tranquillitati
574 1375 895 1434 salubriter
928 1377 991 1434 in
1049 1381 1382 1450 posterum.
1436 1376 1801 1439 auxiliante.

104 1466 390 1532 Domino,
412 1465 743 1538 providere.
776 1467 1120 1539 Eapropter‚
1151 1465 1350 1523 dilecti
1391 1465 1453 1522 in
1508 1465 1762 1522 Domino

103 1555 237 1621 filii,
266 1554 477 1612 vestris
494 1554 671 1626 justis
683 1554 1193 1628 postulationibus
1220 1560 1391 1628 grato
1409 1570 1761 1612 concurren-

1092 180 1462 242 EPISTOLAE
1499 181 1588 240 ΕΤ
1626 176 2068 240 PRIVILEGIA.
2108 210 2179 226 —
2215 180 2333 238 AN.
2374 177 2532 237 ¹185.

1776 308 2093 381 lituisque
2146 307 2623 372 successoribus,
2650 312 2708 365 et
2747 307 2978 370 illibata
3029 317 3426 386 permaneant
3497 328 3513 379 ;

3382 184 3524 243 1816

1855 396 1914 451 in
1947 395 2173 469 quibus
2193 397 2322 453 hoec
2349 396 2605 469 propriis
2623 396 2905 455 duximus
2922 400 3316 473 exprimenda
3341 416 3514 458 voca-

1856 484 2018 542 bulis
2049 502 2063 541 :

1933 574 2154 630 Locum
2185 574 2380 646 ipsum
2414 573 2475 630 in
2504 590 2626 648 quo
2650 583 2981 635 memorata
3011 575 3262 636 ecclesia
3286 581 3399 636 sita
3429 583 3520 636 est

1859 677 2002 720 cum
2031 660 2314 718 omnibus
2344 662 2700 734 adjacentiis
2729 672 2785 721 et
2811 667 3180 737 pertinentiis
3207 668 3334 724 suis
3375 684 3392 736 ;
3422 684 3521 725 ec·

1861 750 2104 808 clesiam
2139 751 2335 808 Sancti
2378 751 2598 809 Nicolai
2642 768 2778 809 cum
2835 755 3149 827 adjacente
3205 756 3516 829 parochia,

1862 842 2015 897 sicut
2041 855 2176 897 eam
2190 839 2351 912 juste
2375 845 2430 897 et
2457 842 2584 897 sine
2636 845 3039 902 controversia
3090 845 3436 918 possidetis,
3479 859 3519 902 a

1863 929 1994 985 rivo
2024 928 2249 986 scilicet
2267 928 2507 986 Corbuli
2542 946 2730 1003 usque
2737 971 2847 988 .....
2880 950 3062 1006 super
3113 939 3339 991 Arnum
3381 950 3396 1001 ;
3428 948 3523 990 eo·

1865 1016 2109 1075 clesiam
2138 1017 2337 1074 Sancti
2369 1019 2514 1074 Petri
2542 1019 2715 1089 juxta
2735 1019 2927 1078 lmam
2957 1038 3093 1078 cum
3119 1027 3283 1081 curte
3304 1028 3358 1079 et
3388 1037 3519 1095 per·

1869 1104 2128 1163 tinentiis
2184 1105 2306 1160 suis
2313 1144 2421 1160 .....
2471 1104 2548 1161 de
2602 1109 2906 1165 musciano
2961 1126 3101 1168 cum
3153 1109 3523 1185 pertinentiis

1868 1193 1993 1251 suis
1997 1231 2131 1252 ......
2156 1192 2616 1251 decimationem
2626 1235 2758 1253 ......
2789 1212 2977 1271 quam
3004 1200 3236 1257 habetis
3264 1201 3326 1257 in
3374 1240 3519 1263 ......

1868 1283 1945 1340 de
1976 1282 2274 1339 lutinnula
2303 1323 2435 1340 ......
2465 1287 2523 1339 et
2542 1300 2703 1340 nunc
2734 1286 2978 1356 pacifice
3010 1289 3325 1360 possidetis
3346 1313 3359 1358 ς
3384 1308 3524 1352 eam

1869 1372 2046 1430 etiam
2077 1386 2264 1445 quam
2288 1371 2522 1428 habetis
2550 1374 2610 1429 in
2635 1373 2811 1445 plebe
2837 1377 3038 1432 Sancti
3071 1378 3220 1435 Petri
3226 1420 3336 1436 .....
3370 1387 3432 1439 to
3462 1383 3526 1441 in

1873 1460 2162 1519 territorio
2194 1459 2385 1532 plebis
2416 1462 2649 1519 Sanctae
2680 1463 2874 1520 Marias
2923 1463 3000 1520 de
3051 1467 3248 1525 Pineta
3289 1485 3303 1535 ;
3336 1472 3525 1528 eccle-

1872 1551 2025 1608 siam
2058 1551 2289 1607 Sanctae
2312 1550 2503 1607 Harioe
2529 1550 2605 1607 de
2634 1551 2853 1617 Quinto
2880 1568 3020 1610 cum
3050 1561 3215 1613 curte
3256 1563 3317 1614 et
3354 1561 3529 1632 perti-

106 1649 201 1703 tes
218 1659 494 1716 assensu,
516 1643 861 1700 coenobium
884 1648 1145 1701 vestrum
1166 1660 1305 1701 cum
1328 1644 1765 1717 omnibusquo
1795 1647 1838 1703 Β
1875 1640 2088 1695 nentiis
2116 1639 2262 1703 suis,
2289 1636 2753 1696 decimationem
2781 1655 2969 1712 quam
2997 1643 3234 1702 habetis
3259 1647 3322 1703 in
3351 1648 3528 1721 plebe

108 1733 178 1792 in
208 1733 662 1807 proesentiarum
693 1731 1123 1790 rationabiliter
1144 1732 1435 1806 possidet,
1465 1733 1557 1789 vel
1588 1732 1647 1789 in
1677 1732 1768 1788 fu-

111 1828 320 1881 turum
371 1821 550 1894 justis
598 1822 815 1888 modis,
868 1827 1187 1894 proestante
1238 1822 1508 1889 Domino,
1552 1823 1769 1895 poterit

111 1911 384 1985 adipisci,
419 1911 533 1967 sub
553 1911 708 1968 beati
736 1910 883 1968 Petri
910 1916 967 1968 et
1009 1917 1215 1968 nostra
1261 1911 1625 1984 protectione
1672 1928 1770 1968 su·

116 2001 407 2075 scipimus
430 2005 488 2057 et
507 2000 815 2073 proesentis
841 2000 1038 2072 scripti
1072 1999 1405 2071 patrocinio
1434 2001 1770 2058 communi·

120 2106 281 2156 mus,
296 2088 968 2146 districtiusinhibentes
991 2104 1066 2145 ne
1098 2088 1245 2146 tales
1267 2105 1374 2145 seu
1403 2087 1557 2149 alias
1581 2104 1768 2148 novas

119 2184 179 2239 et
206 2178 506 2236 indebitas
528 2177 870 2235 exactiones
892 2177 1343 2251 archiepiscopi,
1370 2177 1657 2250 episcopi,
1681 2194 1770 2235 ar-

119 2266 458 2325 chidiaconi
478 2266 571 2323 vel
589 2265 721 2322 alioe
741 2265 1022 2339 quaslibet
1039 2266 1458 2324 ecclesiasticas
1475 2281 1769 2339 personas,

121 2373 161 2416 a
178 2355 351 2413 vobis
369 2354 511 2413 vela
528 2354 887 2428 presbyteris
904 2354 1110 2411 vestris
1126 2359 1336 2412 contra
1358 2354 1770 2412 Lateranensis

120 2448 339 2504 statuta
389 2443 623 2501 concilii
681 2442 922 2500 ulterius
970 2448 1324 2517 extorquere
1383 2448 1769 2517 praesumant.

119 2533 272 2593 Nulli
292 2548 434 2605 ergo
465 2531 715 2590 omnino
743 2531 1060 2588 hominum
1099 2531 1279 2590 liceat
1304 2533 1464 2590 hanc
1487 2533 1774 2605 paginam

123 2628 346 2681 nostrai
375 2620 763 2695 protectionis
795 2625 853 2677 et
878 2621 1318 2677 constitutionis
1342 2620 1666 2692 infringere
1683 2617 1776 2678 vel

125 2712 180 2770 ei
205 2727 361 2769 ausu
406 2710 723 2767 temerario
765 2709 1081 2766 contraire.
1117 2709 1174 2766 Si
1225 2710 1362 2783 quis
1414 2715 1618 2767 autem
1660 2710 1776 2766 hoc

126 2805 418 2860 attentare
442 2799 894 2872 praesumpserit
921 2797 1331 2870 indignatione
1351 2798 1778 2871 omnipotentis

125 2890 228 2947 Dei
258 2895 313 2945 et
334 2888 650 2945 beatorum
675 2887 822 2944 Petri
849 2892 907 2944 et
933 2887 1095 2943 Pauli
1121 2887 1537 2960 apostolorum
1558 2887 1686 2960 ejus
1714 2901 1779 2945 se

127 2977 363 3038 noverit
386 2977 788 3035 incursurum.

206 3072 419 3125 Datum
434 3066 704 3133 Verona,
734 3081 775 3123 x
799 3063 1100 3123 Kalendas
1132 3065 1370 3138 Aprilis.

834 3172 1072 3228 CCXXV.

131 3260 527 3334 Privileqium
553 3275 667 3331 pro
693 3260 1074 3388 ωοηβὲἑῖἷὲἶι
1071 3258 1135 3317 S.
1166 3258 1433 3317 Miniatis
1447 3261 1638 3331 juxta
1657 3259 1784 3317 Flo-

711 3421 1002 3488 (Veronoe,
1029 3419 1220 3492 Mart.)

491 3510 740 3584 [Annal-
775 3507 1137 3575 camaldul„
1161 3510 1252 3576 lv,
1286 3506 1433 3582 ¹26]

204 3601 400 3658 Lucius
429 3599 772 3672 episcopus,
806 3613 1018 3654 servus
1051 3612 1365 3654 servorum
1406 3596 1529 3665 Dei,
1559 3596 1788 3654 dilectis

131 3687 272 3746 filiis
300 3693 559 3745 Aura-ro
588 3686 787 3745 Sancti
810 3684 1060 3743 miniatis
1080 3685 1332 3758 eiusque
1361 3683 1639 3745 tratribus
1665 3690 1787 3742 tam

131 3775 539 3851 proesentibus
555 3790 742 3849 quam
763 3773 975 3830 futuris
995 3772 1332 3844 regularem
1356 3772 1543 3831 vitam
1567 3772 1792 3846 proles-

133 3868 241 3934 sis,
277 3865 339 3921 in
371 3868 751 3938 perpetuum.

208 3955 569 4025 Religiosam
601 3954 787 4010 vitam
818 3951 1172 4023 eligentibus
1218 3951 1616 4025 apostolicum
1652 3966 1793 4008 con-

135 4045 299 4102 venit
323 4042 538 4099 adesse
568 4041 933 4115 praesidium,
955 4057 1029 4098 ne
1059 4040 1208 4099 torte
1227 4041 1545 4114 cujuslibet
1566 4041 1792 4100 temeri·

140 4134 276 4191 tatis
301 4132 572 4188 incursus
598 4138 702 4189 aut
727 4146 829 4187 eos
860 4147 896 4187 a
917 4129 1226 4203 proposito
1257 4135 1516 4197 revocet,
1550 4134 1657 4187 aut
1699 4145 1797 4188 ro-

140 4222 277 4287 bur,
308 4221 475 4295 quod
500 4220 656 4277 absit
685 4220 699 4275 l
724 4235 910 4278 sacras
926 4218 1225 4289 religionis
1249 4218 1554 4289 infringat.
1579 4220 1798 4291 Eapro-

1876 1728 2076 1786 Sancti
2098 1725 2328 1784 Hartini
2356 1727 2431 1783 de
2454 1729 2629 1785 Sexto
2660 1743 2677 1794 ;
2722 1729 3037 1787 ecclesiam
3079 1734 3311 1792 Sancta
3336 1738 3533 1795 Uario

1874 1815 1952 1872 de
1971 1814 2195 1872 Novule
2223 1830 2364 1871 cum
2391 1823 2556 1871 curte
2581 1820 2637 1872 et
2668 1816 3035 1889 pertinentiis
3061 1823 3184 1878 suis
3207 1841 3226 1894 3
3260 1822 3522 1884 decima·

1875 1905 2100 1963 tionem
2118 1919 2303 1977 quam
2324 1901 2558 1962 habetis
2581 1905 2641 1961 in
2665 1910 2784 1962 toto
2816 1906 3058 1979 plebatu
3084 1911 3283 1968 Sancti
3297 1913 3530 1971 Martini

1875 1993 1952 2051 de
1981 1991 2209 2051 Corella
2236 2008 2376 2049 cum
2404 1998 2572 2049 curte
2590 1995 3455 2058 etomnibusdecimationibus
3475 2006 3533 2060 et

1877 2080 2249 2156 pertinentiis
2295 2081 2455 2147 suis;
2484 2080 2798 2140 ecclesiam
2842 2085 3072 2142 Sanctae
3115 2088 3309 2145 Hariae
3337 2090 3415 2147 de
3443 2090 3536 2148 al-

1876 2172 2065 2229 buino
2092 2186 2230 2227 cum
2254 2171 2625 2244 pertinentiis
2654 2173 2776 2230 suis
2800 2189 2817 2240 ;
2841 2173 3161 2234 ecclesiam
3195 2180 3395 2236 Sancti
3421 2181 3538 2238 Do·

1877 2261 2003 2318 nati
2026 2260 2088 2317 in
2112 2260 2295 2333 plano
2328 2261 2592 2334 majore3
2633 2268 2902 2319 castrum
2932 2265 3347 2325 Montis-Acuti
3388 2285 3530 2327 cum

1878 2348 2128 2407 ecclesia
2168 2354 2225 2405 et
2275 2350 2641 2421 pertinentiis
2679 2352 3130 2421 suis;castrum
3182 2356 3536 2415 Montis-alti

1880 2453 2022 2496 cum
2050 2437 2323 2504 ecclesia,
2354 2444 2519 2495 curte
2550 2445 2609 2496 et
2645 2441 3015 2513 pertinentiis
3055 2446 3218 2516 suis;
3254 2452 3536 2519 patrona-

1880 2531 2011 2585 tum
2041 2541 2223 2599 quem
2247 2527 2483 2583 habetis
2523 2527 2584 2583 in
2628 2528 2879 2586 ecclesia
2928 2532 3127 2589 Sancti
3169 2534 3421 2592 Andreae
3462 2535 3539 2593 de

1886 2617 2099 2673 Doccia
2124 2632 2141 2682 ;
2175 2616 2629 2689 possessionem
2655 2616 2730 2673 de
2747 2618 2956 2690 Campi
2989 2642 3001 2686 ;
3028 2621 3329 2680 decimam
3351 2640 3538 2698 quam

1883 2703 2122 2761 habetis
2149 2705 2209 2759 in
2236 2704 2479 2777 plebatu
2497 2706 2695 2761 Sancti
2715 2707 2997 2779 Stephani
3022 2710 3096 2766 de
3119 2713 3328 2785 Campi
3348 2730 3367 2784 ;
3384 2712 3547 2771 deci·

1886 2809 2055 2850 mam
2085 2808 2270 2866 quam
2295 2793 2530 2850 habetis
2549 2794 2609 2850 in
2640 2794 2813 2867 plebe
2843 2795 2918 2852 de
2957 2799 3192 2870 Empuli
3221 2817 3236 2868 ;
3268 2800 3541 2860 decimas

1885 2883 1964 2940 de
2015 2887 2219 2939 monte
2266 2881 2468 2940 Crucis
2497 2889 2555 2940 et
2604 2885 2681 2940 de
2733 2891 2937 2943 monte
2987 2888 3201 2957 Fesuli,
3223 2891 3538 2948 ecclesiam

1810 2998 1852 3057 c
1890 2971 2092 3029 Sancti
2123 2971 2270 3029 Petri
2282 2971 2359 3028 de
2383 2973 2632 3030 Camilia
2652 2987 2792 3030 cum
2815 2975 3181 3047 pertinentiis
3208 2979 3331 3036 suis
3360 2998 3376 3051 ;
3405 2996 3541 3039 om·

1891 3075 2033 3118 nem
2056 3060 2517 3119 decimationem
2545 3078 2733 3135 quam
2757 3063 2991 3121 habetis
3021 3067 3079 3123 in
3117 3067 3301 3139 podio
3343 3070 3546 3128 Sancti

1891 3149 2144 3206 liniatis
2166 3151 2305 3206 etin
2344 3150 2518 3222 plebe
2547 3152 2778 3208 Sanctae
2811 3154 3138 3226 Reparatae,
3161 3158 3313 3214 sicut
3344 3159 3545 3216 hacte-

1890 3253 2011 3296 nus
2031 3254 2168 3295 eam
2206 3241 2493 3296 canonice
2524 3242 2811 3307 tenuistis,
2839 3247 2899 3299 et
2929 3259 3092 3302 nunc
3138 3246 3264 3302 sine
3307 3252 3546 3305 contro-

1895 3328 2092 3386 versia
2115 3327 2458 3399 possidetis.
2487 3328 2684 3385 Liceat
2716 3330 2884 3387 vobis
2913 3347 3157 3406 quoque
3208 3335 3455 3393 clericos
3496 3341 3557 3393 et

1892 3417 2082 3474 laicos
2089 3453 2198 3473 .....
2234 3415 2455 3473 liberos
2510 3421 2570 3473 et
2619 3416 2927 3474 absolutos
2969 3421 3050 3477 ad
3097 3424 3554 3482 conversionem

1893 3505 2184 3578 recipere,
2211 3509 2272 3561 et
2294 3519 2397 3561 eos
2429 3506 2557 3561 sine
2590 3504 3061 3565 contradictione
3098 3511 3371 3568 retinere.
3403 3514 3553 3569 Cum

1896 3597 2100 3653 autem
2127 3592 2403 3664 generale
2431 3594 2813 3651 interdictum
2840 3602 3009 3653 terrai
3039 3597 3214 3655 fuerit
3249 3598 3427 3657 liceat
3452 3614 3555 3657 vo-

1896 3683 1992 3740 bis
2013 3697 2137 3740 non
2167 3681 2416 3755 pulsatis
2444 3683 2777 3756 campanis,
2805 3684 3024 3741 clausis
3047 3686 3271 3757 januis,
3292 3687 3555 3745 exclusis
3589 3713 3606 3732 ο

1898 3770 3560 3846 excommunicatisetinterdictis,suppressavocedivina

1900 3859 2101 3918 officia
2112 3860 2433 3917 celebrare.
2457 3862 2748 3933 Antiquae
2764 3863 3216 3921 etrationabiles
3238 3872 3560 3924 consuetu·

1900 3949 2075 4007 dines
2105 3949 2369 4007 ecclesias
2399 3957 2607 4006 vestrae
2639 3966 2828 4023 usque
2845 3952 2922 4007 ad
2945 3955 3265 4024 prasentia
3286 3959 3560 4027 tempora

1903 4040 2252 4098 observatas
2276 4043 2333 4095 et
2355 4039 2622 4096 decimas
2644 4055 2800 4112 quas
2842 4055 2880 4096 a
2918 4041 3324 4113 quadraginta
3382 4042 3561 4099 annis

1907 4143 2100 4202 usque
2123 4142 2286 4184 nunc
2335 4126 2581 4200 pacifice
2629 4128 2972 4201 possidetis,
2997 4130 3166 4187 vobis
3212 4131 3563 4189 auctoritate

1906 4216 2239 4290 apostolica
2259 4216 2618 4273 roboramus
2631 4222 2687 4273 et
2702 4217 3055 4277 confirmam
3065 4237 3156 4277 us.
3182 4221 3561 4294 sepulturam

143 4316 295 4385 pter,
321 4308 518 4366 dilecti
548 4309 608 4364 in
639 4308 890 4365 Domino
919 4307 1041 4374 filii,
1068 4308 1285 4365 vestris
1310 4307 1489 4378 justis
1533 4306 1796 4380 postula·
1833 4348 1877 4403 D
1905 4322 2050 4364 vero
2075 4306 2266 4380 ipsius
2286 4304 2666 4363 lociliberam
2684 4322 2814 4364 esse
2834 4310 3246 4376 concedimus,
3268 4316 3562 4369 uteorum

144 4398 410 4457 tionibus
436 4397 758 4453 clementer
782 4397 1132 4462 annuimus,
1158 4402 1217 4453 et
1238 4395 1551 4467 abbatiam
1599 4396 1800 4454 Sancti
1908 4396 2230 4462 devotioni,
2256 4394 2560 4469 quiseillic
2590 4397 2821 4469 sepeliri
2838 4398 3364 4469 deliberavenriut,
3386 4406 3445 4458 et
3462 4416 3565 4457 ex·-

147 4486 426 4551 Miniatis,
439 4486 498 4541 in
524 4500 646 4558 quo
659 4484 863 4542 divino
878 4484 1202 4558 mancipati
1215 4484 1355 4542 estis
1368 4483 1662 4559 obsequio
1685 4486 1799 4542 sub

150 4575 310 4635 beati
365 4575 515 4631 Petri
566 4578 624 4630 et
666 4579 870 4630 nostra
911 4574 1278 4645 protectione
1325 4574 1706 4647 suscipimus,
1744 4580 1803 4632 et

151 4663 463 4739 proesentis
521 4661 724 4734 scripti
774 4661 1086 4734 privilegio
1154 4662 1461 4718 communi
1510 4676 1526 4729 ;
1588 4661 1802 4734 impri-

151 4754 267 4813 mis
297 4751 595 4826 siquidem
620 4754 968 4819 statuentes,
1001 4754 1066 4806 ut
1089 4750 1241 4808 ordo
1275 4749 1671 4818 monasticus,
1698 4750 1803 4823 qui

150 4842 488 4901 secundum
520 4842 704 4897 Deum
733 4845 791 4897 et
811 4839 972 4898 beati
986 4838 1290 4896 Benedicti
1308 4837 1597 4909 Regulam
1623 4838 1686 4896 in
1710 4854 1806 4896 eo·

151 4933 293 4990 dem
305 4932 436 4989 loco
451 4930 757 4987 institutus
775 4943 904 4985 esse
924 4927 1314 5000 dignoscitur,
1329 4927 1635 5002 perpetuis
1655 4927 1717 4985 in
1732 4944 1807 4986 eo

153 5020 515 5094 temporibus
527 5017 1809 5091 inviolabiliterobservetur-Praetereaquas·

153 5125 393 5183 cunque
418 5110 850 5182 possessiones,
881 5121 1260 5181 quaecunque
1279 5105 1447 5163 bona
1465 5106 1812 5179 impraesen-

158 5199 373 5255 tiarum
409 5196 568 5269 juste
624 5201 682 5253 et
739 5195 1028 5254 canonice
1086 5193 1373 5267 possidet.
1403 5198 1509 5251 aut
1558 5195 1621 5251 in
1654 5193 1812 5252 lutu-

155 5302 292 5344 rum
322 5285 709 5342 concessione
739 5283 1112 5359 pontificum,
1139 5282 1451 5355 largitione
1484 5297 1698 5354 regum
1718 5282 1812 5342 vel

156 5374 521 5450 principum,
542 5372 846 5432 oblatione
872 5373 1166 5433 fidelium.
1198 5388 1309 5430 seu
1335 5370 1467 5430 aliis
1488 5372 1669 5445 justis
1689 5387 1817 5431 mo·

158 5465 276 5535 dis,
321 5461 440 5520 Deo
485 5466 823 5537 praestante,
868 5464 1085 5539 poterit
1136 5461 1413 5537 adipisci,
1460 5460 1639 5521 firma
1683 5461 1809 5531 tibi,

1911 4490 2114 4543 tremoe
2140 4483 2451 4554 voluntati,
2479 4486 2595 4542 nisi
2621 4487 3128 4544 excommunicati
3152 4487 3240 4545 vel
3266 4488 3567 4546 interdicti

1911 4575 2050 4640 sint,
2088 4572 2285 4631 nullus
2317 4574 2587 4639 obsistat,
2620 4574 2788 4632 salva
2811 4582 3009 4632 tamen
3050 4576 3288 4649 justitia
3329 4576 3567 4635 illarum

1912 4661 2301 4721 ecclesiarum
2331 4678 2369 4721 a
2405 4663 2627 4735 quibus
2674 4669 3046 4722 mortuorum
3104 4680 3358 4737 corpora
3397 4679 3567 4723 assu·

1915 4756 2181 4808 muntur.

1987 4840 2372 4896 Decernimus
2391 4854 2534 4910 ergo
2547 4843 2612 4896 ut
2626 4838 2771 4896 nulli
2791 4842 3041 4897 omnino
3053 4841 3367 4899 hominum
3393 4840 3571 4898 liceat

1916 4926 2233 5001 praelatum
2251 4928 2683 4984 monasterium
2695 4931 2919 4985 temere
2931 4929 3300 5001 perturbare,
3324 4935 3428 4987 aut
3442 4928 3495 5000 ej
3503 4944 3574 4986 us

1918 5015 2328 5088 possessiones
2352 5015 2606 5082 auferre,
2625 5015 2720 5072 vel
2733 5014 2968 5074 ablatas
2989 5016 3262 5086 retinere,
3281 5019 3573 5085 minuere,

1922 5120 2026 5162 seu
2057 5104 2428 5177 quibuslibet
2458 5105 2873 5163 vexationibus
2911 5105 3178 5177 fatigare,
3208 5107 3312 5164 sed
3367 5106 3575 5163 omnia

1921 5194 2154 5265 integra
2176 5198 2606 5251 conserventur
2631 5209 2864 5261 eorum,
2893 5209 3002 5267 pro
3053 5211 3317 5269 quorum
3362 5192 3580 5268 guber-

1922 5282 2164 5341 natione
2174 5298 2247 5341 ac
2263 5284 2693 5342 sustentatione
2710 5298 3001 5343 concessa
3013 5289 3151 5341 sunt
3162 5285 3374 5342 usibus
3386 5282 3576 5341 omni-

1922 5372 2123 5430 modis
2153 5371 2486 5446 protutura,
2514 5371 2688 5430 salva
2726 5372 2887 5430 sedis
2940 5374 3287 5445 apostolicas
3322 5372 3580 5432 auctori·

1923 5462 2047 5520 tate
2088 5464 2147 5520 et
2198 5461 2528 5521 diocesani
2571 5460 2843 5536 episcopi
2899 5462 3194 5521 canonica
3232 5462 3486 5538 justitia.
3519 5460 3582 5534 Si
