3784 6000
107 210 249 270 113⁷

1103 211 1472 273 EPISTOLAE
1505 213 1592 273 ET
1631 214 2073 279 PRIVILEGIA.
2114 248 2181 268 -v
2222 219 2336 276 AN.
2392 215 2550 274 1182.

3391 206 3535 266 1138
3651 154 3658 161 ¹

104 334 309 406 gensis
322 339 577 392 monetae
591 336 1193 409 persolvitis.Mansos
1207 338 1761 412 sexdecimquoque
1789 349 1835 406 Α
1941 343 2060 411 Ego
2099 343 2384 400 numerus
2398 343 2455 398 s,
2487 333 2817 410 Gom-guad
2844 333 3054 391 velum
3078 335 3342 390 Aureum
3367 330 3528 390 ἀίω,

103 438 257 498 quos
272 422 450 481 bonae
470 424 773 483 memoirae
785 427 1074 484 Heroldus
1087 427 1626 498 wirtzeburgensis
1641 427 1763 500 epi-

102 526 344 586 scopus,
373 519 491 569 tres
539 512 724 570 libras
752 530 891 571 eum
920 515 1171 573 decimis
1205 517 1265 573 in
1291 516 1653 586 Turrebach,
1680 515 1761 573 ad

102 601 651 675 opusinfirmorum
662 609 862 661 vestro
886 606 1160 663 caenobio
1182 606 1454 672 contulit,
1472 606 1630 663 unde
1646 605 1762 662 sin·

101 690 255 764 gulis
284 690 427 748 anni
460 690 676 750 libram
703 694 755 750 ei
785 694 1143 765 persolvitis.
1167 698 1418 767 lnsuper
1445 694 1674 752 curiam
1700 693 1761 750 in

101 781 258 838 Mose
288 785 346 835 et
373 780 603 836 curiam
630 781 689 837 in
721 781 1234 853 Richesbrunnen‚
1268 799 1403 839 cum
1437 782 1685 840 decimis
1705 785 1763 839 et

103 866 388 925 omnibus
412 868 782 942 pertinentiis
803 870 926 927 suis
951 878 1006 929 et
1031 872 1262 929 curiam
1286 873 1344 929 in
1364 871 1757 942 wirciburcg,

103 962 161 1014 et
185 956 353 1014 bona
378 961 573 1015 vestra
598 958 655 1014 in
686 960 1032 1017 Gernestatd
1081 966 1136 1018 et
1161 962 1220 1017 iu
1254 961 1553 1029 Karbach,
1581 965 1639 1018 et
1662 975 1763 1017 cu·

103 1046 256 1103 riam
285 1046 346 1102 in
372 1046 771 1118 Hetingesfeld
797 1065 937 1105 cum
955 1050 1141 1106 vineis
1169 1049 1579 1107 attinentibus.
1607 1049 1762 1105 Sane

103 1135 411 1192 novalium
449 1141 802 1204 vestrorum,
856 1154 993 1212 quae
1041 1138 1296 1213 propriis
1340 1138 1621 1196 manibus
1669 1134 1764 1193 vel

105 1224 452 1298 sumptibus
484 1227 695 1282 vestris
724 1225 942 1293 colitis,
980 1228 1103 1284 sive
1128 1228 1204 1285 de
1235 1227 1612 1285 nutrimentis
1639 1225 1762 1282 ani-

106 1312 356 1371 malium
381 1318 733 1382 vestrorum,
757 1316 957 1373 nullus
989 1333 1023 1372 a
1054 1317 1224 1374 vobis
1245 1315 1507 1374 decimas
1524 1315 1760 1386 exigere

100 1401 196 1460 vel
243 1407 589 1475 extorquere
640 1410 985 1476 proesumat.
1019 1406 1152 1462 Paci
1203 1421 1447 1479 quoque
1492 1410 1549 1462 et
1604 1410 1761 1461 tran-

103 1490 380 1567 quillitati
405 1497 616 1548 vestrae
633 1499 884 1566 paterna
905 1493 1306 1551 sollicitudine
1327 1493 1638 1568 providere
1661 1508 1762 1549 vo-

101 1580 313 1652 lentes,
345 1582 731 1638 auctoritatea
750 1582 1043 1656 postolica
1073 1583 1464 1657 prohibemus
1498 1586 1578 1649 ut,
1609 1581 1764 1639 infra

101 1668 416 1727 clausuras
438 1669 708 1727 locorum
741 1671 826 1729 vel
854 1673 1241 1744 grangiarum
1266 1676 1621 1739 vestrarum,
1639 1671 1764 1726 nul·

1868 430 2036 486 card.

1941 521 2063 592 Ego
2085 521 2397 579 Gratianus
2424 519 2523 577 SS.
2544 517 2774 573 Cosmoe
2796 518 2854 569 et
2879 515 2958 569 Da
2969 510 3150 568 miani
3178 509 3332 567 diac.
3357 508 3530 567 card.

1947 611 2069 683 Ego
2099 610 2387 667 Rainerus
2419 607 2575 664 diac.
2617 603 2782 661 card.
2823 603 2880 658 S.
2913 599 3189 660 Adriani.

1942 705 2157 759 Datum
2224 697 2455 756 Velletri
2524 709 2630 767 per
2697 706 2949 748 manum
3013 687 3235 744 Alberli
3304 690 3531 743 sanetae

1868 794 2153 849 Romanas
2183 785 2453 843 Ecclesiae
2486 779 2814 857 presbyteri
2850 776 3178 835 cardinalis
3209 779 3266 832 et
3295 772 3531 831 cancel·

1868 880 1996 947 arii,
2044 875 2291 934 Kalend.
2350 875 2504 944 Maii,
2545 870 2868 929 indictione
2914 883 3037 932 xiv,
3085 861 3523 921 lucarnationis

1868 968 2190 1026 Dominicae
2213 980 2375 1022 anno
2402 965 2557 1026 ¹181,
2578 958 2964 1031 pontificatus
2990 971 3133 1013 vero
3165 951 3399 1010 domini
3418 952 3532 1008 Lu-

1868 1057 1942 1114 cii
1969 1072 2143 1130 papoe
2173 1055 2247 1111 ΙΙΙ
2279 1068 2444 1111 anno
2468 1068 2500 1107 1.

2639 1153 2784 1211 LIV.

1868 1252 2191 1311 Ecclesiam
2213 1251 2275 1308 S.
2295 1248 2501 1305 Mariae
2515 1246 2588 1302 de
2603 1247 2763 1302 Reno
2780 1241 3064 1300 tuendam
3078 1236 3317 1308 suscipit
3329 1243 3383 1294 et
3404 1236 3534 1308 εἰπε

2307 1319 2459 1376 bona
2489 1333 2561 1375 ac
2574 1318 2724 1388 jnra
2756 1313 3094 1382 confirmat.

2418 1404 2697 1480 (Velletri,
2739 1402 2875 1459 Maii
2905 1401 2987 1473 3.)

2145 1500 2504 1574 [Τκοκιιιςιιι.
2531 1495 2714 1552 Mem.
2750 1491 2811 1548 di
2829 1492 3007 1555 Rene,
3033 1504 3096 1561 p.
3117 1485 3270 1560 376.]

1946 1590 2140 1646 Lucius
2170 1588 2510 1661 episcopus,
2538 1598 2743 1640 servus
2797 1592 3105 1636 servorum
3131 1576 3257 1640 Dei,
3304 1570 3539 1630 dilectis

1872 1680 2010 1737 filiis
2046 1678 2314 1735 Gensano
2353 1673 2621 1732 ecclesias
2678 1672 2911 1728 Sanctoe
2959 1667 3153 1724 Marioe
3208 1664 3283 1720 de
3349 1664 3536 1728 Reno,

105 1757 201 1815 lus
241 1759 605 1826 violentiam,
639 1759 727 1816 vel
779 1761 1056 1832 rapinam
1087 1777 1196 1818 seu
1226 1760 1451 1817 furtum
1495 1759 1767 1817 commit·
1793 1733 1835 1788 B
1874 1768 2120 1842 ejusque
2151 1765 2451 1830 fratribus,
2483 1768 2607 1820 tam
2633 1757 3032 1831 proesentibus
3084 1769 3274 1829 quam
3302 1751 3537 1818 futuris,

107 1852 229 1906 tere
258 1852 362 1904 aut
414 1848 614 1918 ignem
664 1864 988 1921 apponere,
1022 1866 1127 1906 seu
1172 1848 1480 1906 hominem
1530 1864 1764 1921 capere,

106 1936 202 1995 vel
227 1936 554 1994 interficere
585 1938 821 1995 audeat.
844 1937 1039 1996 Liceat
1062 1953 1307 2012 quoque
1329 1938 1500 1994 vobis
1523 1936 1768 1994 clericos

110 2031 214 2084 aut
254 2026 439 2083 laicos
466 2042 497 2082 e
539 2026 758 2083 saeculo
800 2027 1094 2099 fugientes
1123 2027 1345 2084 liberos
1375 2031 1433 2084 et
1463 2025 1768 2085 absolutos

107 2114 338 2187 absque
351 2114 525 2187 alicuj
537 2131 603 2171 us
620 2116 1089 2173 contradictione
1106 2115 1186 2172 ad
1207 2115 1663 2173 conversionem
1683 2130 1769 2171 re-

106 2205 303 2277 cipere
330 2210 385 2259 et
410 2203 470 2260 in
500 2210 695 2262 vestra
722 2206 975 2262 ecclesia
1004 2206 1278 2263 retinere.

180 2292 565 2350 Prohibemus
596 2295 840 2368 insuper
863 2300 927 2351 ut
956 2294 1103 2350 nulli
1136 2293 1386 2351 fratrum
1414 2299 1768 2356 vestrorum,

111 2387 249 2457 post
269 2382 490 2440 iactam
520 2383 580 2439 in
611 2383 825 2439 eodem
858 2383 991 2440 loco
1014 2383 1475 2456 professionem,
1507 2381 1634 2439 sine
1665 2381 1767 2437 ab·

112 2472 273 2528 batis
301 2470 539 2527 licentia
563 2471 651 2528 ias
687 2472 853 2529 sitde
884 2472 1094 2529 eodem
1125 2471 1261 2529 loco
1289 2471 1590 2528 discedere
1616 2470 1774 2538 ;dis-

115 2560 429 2618 cedentem
448 2577 587 2618 vero
604 2561 834 2634 absque
849 2563 1265 2619 communium
1292 2561 1618 2618 litterarum
1637 2575 1775 2616 cau·

116 2652 278 2708 tione
308 2649 509 2706 nullus
540 2653 762 2708 audeat
784 2653 1055 2709 retinere.
1089 2654 1234 2709 Cum
1267 2656 1466 2708 autem
1498 2648 1777 2721 generale

119 2739 498 2797 interdictum
522 2745 690 2797 terrae
738 2741 932 2807 fuerit,
964 2741 1134 2798 liceat
1179 2741 1350 2797 vobis
1387 2739 1591 2812 januis
1620 2737 1778 2795 clau·

123 2831 204 2886 sis
223 2845 340 2884 non
355 2829 606 2902 pulsatis
619 2831 953 2902 campanis,
978 2829 1236 2887 exclusis
1248 2844 1518 2886 excomm
1528 2826 1781 2884 unicatis

123 2924 179 2976 et
217 2918 563 2984 interdictis,
604 2920 902 2976 submissa
947 2936 1111 2986 voce,
1166 2919 1371 2976 diviua
1405 2915 1782 2975 officia'cele-

122 3008 320 3065 brare.
351 3008 620 3065 Obeunte
647 3025 784 3066 vero
816 3014 890 3077 te,
927 3025 1085 3066 nune
1106 3008 1380 3080 ejusdem
1409 3006 1521 3066 loci
1538 3006 1778 3071 abbate.

118 3097 212 3155 vel
245 3103 481 3153 tuorum
507 3097 771 3171 quolibet
799 3114 1240 3165 successorum,
1290 3096 1489 3154 nullus
1519 3096 1602 3153 ibi
1630 3111 1785 3168 qua-
1818 3077 1859 3133 C

117 3187 262 3244 libet
291 3186 691 3259 subreptionis
714 3187 928 3244 astutia
959 3203 1063 3242 seu
1074 3186 1355 3243 violentia
1378 3189 1784 3259 praeponatur,

124 3277 238 3333 nisi
264 3292 444 3348 quem
474 3275 684 3333 fratres
715 3276 1021 3332 communi
1062 3289 1379 3342 consensu,
1422 3273 1512 3331 vel
1536 3273 1787 3330 fratrum

126 3381 269 3439 pars
307 3364 537 3421 consilii
569 3364 845 3429 sanioris,
889 3363 1224 3419 secundum
1268 3363 1365 3419 Dei
1411 3362 1689 3419 timorem
1717 3364 1781 3417 et

128 3455 284 3510 beati
305 3453 609 3525 Augustini
634 3452 922 3523 Regulam
950 3452 1275 3524 providerit
1298 3450 1662 3523 eligendum.
1688 3451 1792 3507 Se-

130 3542 437 3615 pulturam
458 3557 701 3615 quoque
724 3541 914 3614 ipsius
935 3540 1050 3597 loci
1076 3541 1325 3597 liberam
1354 3555 1490 3596 esse
1520 3538 1787 3595 decerni·

132 3648 288 3696 mus,
322 3635 382 3686 ut
403 3645 612 3686 eorum
639 3630 940 3686 devotioni
972 3634 1025 3686 et
1050 3633 1324 3685 extremae
1347 3627 1660 3694 voluntati,
1683 3613 1789 3700 qui

131 3737 193 3777 se
223 3720 339 3776 illic
363 3719 598 3792 sepeliri
618 3717 1312 3786 deliberaverint,nullus
1340 3714 1793 3783 obsistat,salva

133 3817 334 3867 tamen
354 3807 584 3881 justitia
616 3807 853 3865 illarum
883 3807 1292 3877 ecclesiarum,
1318 3823 1355 3864 a
1382 3806 1604 3880 quibus
1627 3820 1789 3861 mor-

133 3901 373 3955 tuorum
402 3911 656 3969 corpora
692 3901 1094 3954 assumuntur.
1139 3895 1522 3952 Decernimus
1552 3908 1695 3964 ergo
1727 3899 1792 3951 ut

134 3986 278 4044 nulli
311 3986 560 4042 omnino
585 3984 904 4043 hominum
937 3985 1112 4042 liceat
1140 3983 1444 4057 praefatam
1475 3981 1793 4041 ecclesiam

136 4085 355 4134 temere
396 4075 766 4147 perturbare,
792 4080 903 4132 etc.

211 4165 331 4240 Ego
372 4164 680 4222 conradus
724 4165 841 4223 Sal.
877 4164 1146 4221 minister
1183 4162 1519 4220 Galinensis
1561 4160 1793 4235 episco-

144 4272 280 4330 pus.

213 4343 335 4415 Ego
382 4343 719 4399 Theodinus
772 4343 1107 4400 portuensis
1155 4348 1211 4399 et
1259 4342 1316 4400 S.
1360 4339 1589 4397 Rufinae
1638 4336 1796 4395 sedis

141 4434 487 4507 episcopus.

214 4525 336 4593 Ego
361 4523 561 4578 Petrus
589 4521 901 4579 Tusculan.
952 4521 1294 4595 episcopus.

214 4613 335 4683 Ego
367 4613 562 4668 Petrus
592 4612 675 4668 tit.
706 4612 765 4668 S.
806 4613 1097 4669 Susannae
1127 4611 1386 4684 presbyt.
1418 4608 1582 4666 card.

216 4712 338 4782 Ego
363 4708 643 4766 vivianus
682 4710 748 4765 tit
781 4752 794 4765 .
850 4710 909 4766 S.
951 4706 1233 4781 Stephani
1287 4705 1347 4763 in
1378 4703 1560 4762 Coelio
1610 4705 1801 4762 Monte

144 4798 346 4875 presb.
381 4798 546 4856 card.

218 4891 339 4960 Ego
370 4888 657 4962 Cynthius
684 4887 880 4961 presb.
929 4885 1093 4942 card.
1147 4886 1228 4944 tit.
1263 4886 1326 4944 S.
1365 4884 1610 4942 Ceciliae.

221 4978 343 5049 Ego
370 4976 669 5033 Arduinus
724 4976 903 5050 presb
929 4976 1099 5034 card.
1139 4976 1224 5032 tit.
1256 4976 1314 5031 S.
1335 4974 1538 5032 Crucis
1563 4973 1623 5030 in
1651 4974 1811 5031 Jeru-

151 5075 369 5133 salem.

224 5168 348 5236 Ego
377 5166 683 5223 Mattbaeus
714 5163 912 5237 presb.
956 5162 1119 5220 card.
1154 5162 1237 5220 tit.
1274 5164 1331 5220 S.
1360 5159 1634 5220 Marcelli.

1876 1857 2213 1930 regularem
2254 1855 2438 1911 vitam
2469 1849 2754 1925 professis
2783 1848 2845 1904 in
2875 1849 3253 1919 perpetuum.

1950 1949 2094 2004 Cum
2127 1945 2302 2001 nobis
2330 1943 2467 2009 sint,
2500 1941 2631 1997 licet
2655 1935 2987 2000 immeritis,
3038 1932 3311 1989 omnium
3350 1926 3544 1985 Eccle-

1877 2038 2104 2094 siarum
2124 2050 2270 2092 cura
2293 2038 2350 2090 et
2375 2028 2712 2088 sollicitudo
2731 2023 3101 2093 commissae,
3130 2036 3233 2093 pro
3260 2021 3422 2076 statu
3441 2018 3545 2073 Ec·

1879 2126 2072 2184 clesiae
2106 2129 2317 2182 vestras
2358 2118 2721 2194 pastoralem
2769 2114 3043 2185 cogimur
3080 2106 3543 2167 sollicitudinem

1880 2230 2103 2288 gerere,
2124 2219 2179 2270 et
2210 2211 2340 2285 paci
2372 2215 2604 2274 vestrae,
2634 2209 2813 2279 prout
2842 2201 3019 2260 nobis
3050 2197 3340 2257 Dominus
3365 2195 3545 2253 dede-

1879 2307 1975 2372 rit,
2007 2302 2314 2361 intendere
2344 2299 2673 2369 diligenter.
2709 2296 2779 2352 Ut
2808 2296 3010 2350 autem
3037 2306 3074 2347 a
3102 2302 3431 2361 pravorum
3450 2284 3545 2341 in-

1881 2394 2158 2454 cursibus
2181 2389 2514 2464 apostolica
2539 2386 2665 2443 sitis
2691 2382 3040 2440 defensione
3076 2376 3311 2444 muniti,
3354 2374 3549 2432 Eccle-

1882 2485 2033 2542 siam
2073 2489 2330 2540 vestram
2358 2479 2418 2535 in
2448 2493 2571 2551 qua
2595 2475 2803 2531 divino
2833 2472 2969 2528 estis
2997 2466 3294 2541 obsequio
3324 2463 3551 2522 manci-

1884 2574 2026 2648 pati,
2052 2571 2278 2629 inducti
2307 2569 2422 2643 piis
2454 2564 2733 2638 precibus
2755 2567 2808 2619 et
2822 2561 3000 2634 justis
3029 2553 3551 2632 postulationibus

1886 2662 2122 2732 vestris,
2150 2660 2264 2716 sub
2295 2656 2452 2714 beati
2474 2653 2627 2711 Petri
2654 2657 2713 2710 et
2744 2656 2946 2707 nostra
2970 2645 3339 2721 protectione
3366 2641 3553 2699 susci·-

1886 2753 2088 2825 pimus
2108 2755 2165 2807 et
2181 2744 2495 2822 praesentis
2519 2740 2716 2815 scripti
2737 2737 3051 2813 privilegio
3072 2731 3550 2796 communimus,

1890 2845 2220 2900 statuentes
2233 2841 2295 2894 ut
2310 2847 2705 2909 quascunque
2721 2827 3159 2902 possessiones,
3172 2833 3552 2897 quaecunque

1889 2932 2055 2988 bona
2084 2927 2297 2985 eadem
2329 2922 2582 2981 ecclesia
2621 2917 3143 2993 inpraesentiarum
3170 2913 3331 2985 Juste
3361 2914 3420 2968 et
3456 2925 3556 2967 ca-

1891 3019 2108 3078 nonice
2141 3014 2427 3091 possidet,
2466 3015 2570 3069 aut
2608 3010 2667 3068 in
2698 3009 2965 3066 futurum
2996 3002 3381 3062 concessione
3406 3014 3555 3073 pon·

1893 3109 2143 3174 tificum,
2170 3103 2488 3175 largitione
2521 3115 2732 3174 regum
2753 3097 2841 3154 vel
2865 3095 3228 3168 principum,
3250 3089 3557 3147 oblatione

1897 3197 2183 3264 fidelium,
2207 3211 2312 3251 seu
2330 3191 2462 3250 aliis
2477 3190 2658 3263 justis
2685 3186 2902 3252 modis,
2926 3185 3248 3257 praestante
3275 3179 3550 3242 Domino,

1897 3287 2110 3361 poterit
2138 3283 2412 3356 adipisci,
2434 3280 2611 3336 firma
2641 3277 2813 3334 vobis
2845 3273 3177 3346 vestrisque
3199 3267 3557 3328 successori·

1897 3377 2011 3435 bus
2040 3380 2098 3431 et
2126 3372 2350 3431 illibata
2378 3370 2791 3443 permaneant.
2818 3364 2884 3420 ln
2906 3362 3127 3435 quibus
3147 3361 3277 3417 baec
3297 3356 3558 3433 propriis

1899 3465 2184 3523 duximus
2214 3456 2607 3533 exprimenda
2632 3451 2943 3511 vocabulis
2974 3465 2990 3505 :

1970 3553 2196 3609 Locum
2226 3551 2425 3624 ipsum
2459 3547 2520 3602 in
2550 3559 2672 3618 quo
2696 3540 2984 3615 praedicta
3016 3537 3271 3596 ecclesia
3291 3539 3563 3593 constru-

1900 3646 1997 3700 cta
2019 3646 2131 3707 est.
2165 3655 2305 3697 cum
2334 3635 2619 3693 omnibus
2659 3627 3030 3705 pertinentiis
3061 3626 3214 3694 suis;
3251 3621 3565 3681 ecclesiam

1902 3730 2100 3793 Sancti
2126 3728 2399 3794 Andreae,
2432 3725 2494 3781 in
2517 3719 2863 3788 Turricella,
2893 3715 3206 3775 ecclesiam
3230 3711 3429 3771 Sancti
3450 3713 3568 3770 Do-

1901 3820 2048 3879 mini
2080 3819 2254 3893 juxta
2281 3818 2573 3887 Boguum,
2615 3807 2932 3867 ecclesiam
2974 3803 3173 3864 Sancti
3204 3800 3568 3874 Salvator-1⁸3

1900 3910 2310 3988 possessiones
2339 3920 2471 3979 quae
2510 3902 2748 3959 fuerunt
2776 3895 3026 3955 Gerardi
3062 3894 3137 3949 de
3179 3891 3351 3964 Salas,
3379 3889 3571 3948 eccle·

1900 4001 2052 4059 siam
2080 4000 2310 4056 Sanctae
2340 3990 2608 4056 paxedis,
2638 3988 2787 4044 sicut
2811 4001 2848 4043 a
2866 3985 2980 4058 piae
3011 3980 3321 4039 memoriae
3343 3977 3577 4053 prede·

1900 4088 2235 4149 cessoribus
2251 4083 2469 4143 nostris
2484 4076 2801 4137 Anastasio
2826 4071 3255 4137 etAlexandro,
3281 4066 3571 4127 Romanis

1902 4175 2308 4253 pontificibus,
2329 4170 2502 4229 vobis
2527 4181 2814 4227 concessa
2833 4168 2944 4231 est,
2969 4162 3137 4219 salvo
3153 4161 3288 4232 iure
3327 4162 3383 4217 et
3410 4172 3577 4215 reve-

1901 4267 2093 4327 rentia
2127 4261 2447 4323 cardinalis
2478 4258 2583 4333 qui
2612 4271 2723 4329 pro
2743 4259 3015 4328 tempore
3045 4251 3106 4307 in
3135 4249 3346 4307 eadem
3386 4246 3575 4305 eccle-

1904 4355 2179 4416 siatuerit
2201 4371 2216 4422 ;
2235 4351 2549 4410 ecclesiam
2576 4345 2776 4405 Sancti
2800 4343 3007 4401 Jacobi
3026 4355 3164 4414 quoe
3191 4338 3405 4396 dicitur
3422 4336 3578 4393 Casa

1827 4425 1874 4481 D
1906 4446 2028 4517 Dei,
2072 4459 2211 4501 cum
2243 4438 2615 4515 pertinentiis
2655 4436 2779 4493 suis
2810 4451 2828 4502 ;
2860 4436 3112 4507 pontem
3140 4428 3243 4502 qui
3270 4428 3444 4499 juxta
3482 4438 3576 4482 ec·

1908 4533 2147 4593 clesiam
2174 4535 2438 4589 vestram
2478 4542 2661 4601 super
2690 4527 2921 4583 Renum
2955 4520 3107 4576 situs
3151 4521 3260 4583 est,
3288 4530 3427 4572 cum
3451 4511 3579 4569 suls

1910 4621 2420 4699 possessionibus.
2449 4617 2787 4677 Libet-tates
2816 4622 3061 4684 quoque
3084 4611 3142 4663 et
3168 4602 3580 4660 immunitates

1909 4710 2339 4772 rationabiliter
2357 4705 2620 4765 indultas
2650 4719 2687 4760 a
2715 4703 2894 4759 bonoe
2927 4693 3234 4754 memoriae
3259 4690 3508 4749 Henrico
3525 4691 3585 4746 et

1914 4802 2161 4861 Girardo
2208 4796 2535 4860 Bononien,
2592 4787 2896 4865 episcopis
2923 4783 3188 4843 ecclesias
3230 4785 3464 4847 vestroe,
3515 4781 3582 4837 et

1917 4892 2046 4949 aliis
2071 4889 2331 4947 ecclesiis
2360 4884 2564 4942 vestris
2592 4896 2749 4956 quas
2778 4875 3187 4952 praediximus‚
3222 4868 3496 4928 videlicet
3515 4871 3581 4925 ut

1920 4996 2061 5040 cum
2089 4977 2372 5036 omnibus
2391 4972 2574 5031 rebus
2603 4969 2749 5038 suis,
2776 4970 2900 5025 tam
2923 4961 3247 5022 mobilibus
3266 4973 3455 5033 quam
3475 4957 3587 5015 im·

1925 5067 2263 5133 mobilibus,
2297 5063 2375 5122 ab
2400 5061 2568 5120 omni
2598 5057 2941 5116 conditione
2966 5058 3022 5110 et
3052 5069 3088 5109 a
3116 5048 3357 5107 servitio
3397 5050 3456 5105 et
3486 5044 3589 5104 tri-

1880 5214 1889 5220 .
1926 5161 2075 5219 buto
2105 5155 2430 5215 tenentium
2461 5151 2540 5210 ab
2567 5148 2878 5223 episcopo,
2911 5149 3033 5202 tam
3066 5137 3502 5197 monachorum
3531 5138 3592 5194 et
3692 5177 3699 5188 .

228 5257 341 5327 Ego
374 5254 671 5312 Laborans
697 5253 895 5327 presb.
926 5253 1094 5310 card.
1122 5253 1178 5309 S.
1207 5251 1405 5309 Marias
1449 5256 1615 5308 trans
1653 5248 1822 5307 Tibe-
1929 5247 2281 5307 elericorum
2310 5256 2497 5316 quam
2524 5238 2842 5301 laicorum,
2873 5232 2967 5289 vel
3002 5230 3278 5301 alicujus,
3306 5231 3430 5284 tam
3460 5240 3591 5283 ma·

157 5346 297 5402 rim.
343 5343 408 5401 tit
439 5346 499 5402 S.
532 5344 763 5403 Calixti.

228 5436 351 5506 Ego
380 5434 642 5491 Iacobus
671 5434 729 5491 S.
769 5433 965 5490 Mariae
995 5432 1054 5488 in
1081 5429 1425 5489 cosmedin.
1455 5430 1615 5487 diac.
1642 5426 1813 5488 card.

235 5523 361 5596 Ego
388 5523 619 5583 Arditio
649 5525 711 5581 S.
750 5521 1099 5581 Theodorici
1118 5520 1280 5579 diac.
1320 5517 1484 5577 card.

1932 5353 2065 5409 gnae
2085 5351 2269 5409 quam
2291 5346 2493 5407 parvas
2507 5342 2795 5403 personae,
2811 5321 3104 5387 dominio,
3123 5325 3339 5393 praeter
3359 5315 3589 5390 episco-

1933 5426 2069 5500 pale
2084 5425 2183 5499 jus
2220 5423 2414 5480 liberae
2448 5418 2569 5476 sint
2596 5414 2833 5490 penitus
2856 5416 2913 5470 et
2947 5409 3186 5486 quietae,
3215 5409 3380 5466 ratas
3408 5403 3592 5463 habe·

1936 5531 2073 5574 mus
2098 5518 2156 5573 et
2169 5512 2376 5571 firmas
2386 5522 2613 5582 easque
2625 5502 2926 5580 perpetuis
2942 5495 3316 5573 temporibus
3333 5492 3592 5553 illibatas
3703 5521 3710 5526 ·
