3784 6000
195 308 313 372 183

1241 303 1583 369 ARNULFI
1626 301 2146 366 LEXOVIENSIS
2190 302 2543 370 EPISCOPI

3481 313 3598 373 ¹84

184 446 276 502 cet
303 443 655 519 operationis
685 441 967 516 exemplo.
999 441 1068 497 At
1097 453 1231 498 vero
1263 439 1395 513 quis
1416 438 1494 497 sit
1516 439 1627 496 iste
1647 453 1825 512 quem
1855 440 1914 509 Α
1941 440 2308 500 adverteret:
2341 456 2531 516 neque
2576 443 2901 519 quidquam
2949 443 3267 517 cuiuslibet
3314 445 3593 505 laudibus

182 534 484 606 reprobas,
516 535 935 604 consequenter
966 529 1216 586 attende.
1240 530 1302 586 Si
1352 545 1541 603 genus
1571 529 1702 603 ejus
1735 546 1829 586 re-

178 623 404 682 censita
433 621 735 678 nativitate
784 619 1154 693 disquiritur,
1206 618 1395 677 fidelis
1436 626 1609 676 natus
1656 635 1726 676 ex
1757 618 1828 674 fl-

180 709 412 767 delibus
441 710 794 766 advertetur.
827 708 886 764 Si
916 711 1224 780 pareutum
1255 707 1314 763 in
1365 707 1552 779 ipsius
1607 707 1826 764 educa-

181 799 338 856 tione
365 797 452 854 vel
482 797 751 855 doctrina
779 795 1114 864 consilium,
1138 799 1203 853 ut
1226 795 1514 854 babitaret
1543 796 1600 852 in
1652 797 1825 853 domo

180 883 412 943 Domini
443 885 710 943 omnibus
741 885 950 942 diebus
979 883 1105 941 vitae
1136 900 1276 953 suae,
1308 887 1367 941 et
1393 885 1612 942 videret
1658 882 1828 941 volu-

177 978 400 1048 ptatem
431 974 683 1032 Domini.
716 974 776 1032 Si
810 989 1066 1049 personae
1103 972 1394 1046 qualitas:
1423 977 1485 1029 ut
1523 972 1684 1045 prius
1714 973 1829 1030 ha—

177 1063 383 1121 bitudo
413 1080 688 1138 corporea
709 1064 1103 1131 describatur,
1129 1062 1212 1119 vir
1237 1066 1467 1120 statura!
1493 1061 1825 1132 mediocria,

179 1169 354 1226 quem
378 1169 483 1211 nec
505 1153 796 1226 abjectum
818 1151 1090 1224 brevitas,
1117 1166 1222 1209 nec
1251 1152 1569 1208 immanem
1621 1152 1829 1210 reddat

175 1241 478 1300 immenso
509 1243 858 1316 quantitatis
888 1258 1183 1301 excessus.
1232 1246 1481 1315 Apparet
1533 1244 1592 1297 in
1639 1242 1827 1299 oculis

174 1333 303 1405 ejus
331 1337 388 1390 et
413 1332 577 1391 vultu
601 1334 843 1391 robusta
865 1332 1235 1404 simplicitas,
1258 1336 1315 1390 et
1335 1348 1464 1405 quae
1490 1332 1825 1390 castitatem

177 1421 359 1479 animi
381 1423 585 1495 probet
607 1422 956 1480 verecundia
975 1421 1163 1480 faciei.
1198 1424 1331 1490 Quae
1364 1423 1618 1495 prolecto
1649 1421 1825 1478 iacies

173 1515 333 1569 tanta
361 1511 643 1585 dignitate
679 1512 1026 1586 resplendet,
1060 1516 1125 1569 ut
1152 1515 1209 1568 et
1238 1511 1351 1585 ipsi
1382 1510 1703 1584 quamdam
1739 1526 1829 1567 re-

172 1601 489 1658 verentiam
520 1602 748 1674 ingerat
776 1600 1052 1658 intuenti.
1085 1600 1150 1657 mi
1183 1616 1414 1673 quoque
1471 1601 1623 1657 hanc
1677 1600 1828 1657 inter

173 1693 379 1749 ooetera
409 1690 821 1748 munificentiae
854 1708 971 1747 suae
1003 1691 1158 1747 dona
1207 1690 1520 1763 specialem
1570 1689 1824 1762 gratiam

174 1777 264 1836 vis
292 1779 489 1836 divina
519 1780 723 1852 largita
752 1783 864 1847 est,
895 1785 959 1836 ut
997 1795 1200 1837 omnes
1248 1795 1311 1836 se
1354 1779 1614 1836 videntes
1646 1795 1817 1837 man-

173 1873 339 1926 sueta
364 1869 477 1927 sibi
500 1869 856 1941 benignitate
884 1867 1174 1938 conciliet,
1200 1873 1258 1926 et
1289 1868 1662 1926 dilectionem
1695 1868 1818 1926 solo

172 1959 547 2016 nanciscatur
573 1965 832 2030 aspectu.
864 1959 1061 2029 Ipsius
1084 1958 1300 2016 etenim
1331 1956 1520 2016 oculis
1554 1958 1820 2016 divinum

171 2046 453 2120 quiddam
481 2062 739 2120 superna
768 2047 1004 2105 bonitas
1036 2047 1364 2121 inspiravit,
1398 2048 1556 2120 quod
1585 2048 1821 2121 plenum

169 2136 389 2211 gratias,
422 2137 578 2210 quod
610 2137 931 2194 reverentia
960 2136 1222 2210 dignum,
1249 2138 1404 2209 quod
1447 2137 1651 2195 honori
1683 2153 1823 2195 con-

169 2242 386 2300 gruum
415 2225 767 2298 generaliter
795 2227 1132 2283 arbitretur.
1155 2225 1278 2282 Vox
1306 2227 1555 2296 bianda;
1581 2228 1681 2284 sed
1706 2243 1821 2284 non

174 2315 234 2373 in
258 2315 498 2373 nimiam
522 2322 719 2372 tamen
744 2315 998 2374 resoluta
1012 2314 1345 2381 mollitiem,
1366 2320 1430 2371 ut
1467 2320 1527 2373 et
1550 2317 1822 2374 suavitati

173 2404 352 2472 favor,
367 2407 425 2461 st
444 2405 830 2476 magnitudini
857 2420 971 2461 non
994 2403 1140 2461 desit
1161 2405 1500 2462 auctoritas.
1534 2406 1821 2464 Continua

178 2493 372 2550 vultus
392 2492 679 2561 alacritas,
699 2494 854 2549 risus
878 2493 936 2548 in
958 2494 1248 2551 sermonis
1277 2510 1525 2552 excursu
1562 2495 1822 2568 saepissi-

135 2638 139 2643 .
181 2597 336 2651 mus,
369 2585 534 2639 tanta
561 2588 754 2638 tamen
785 2581 1021 2639 habitus
1069 2582 1391 2652 honestate,
1422 2587 1485 2640 ut
1513 2585 1823 2642 verborum

182 2670 499 2744 vultusque
530 2669 715 2743 possit
743 2685 972 2743 augere,
1005 2687 1119 2728 uon
1152 2672 1416 2730 minuere
1453 2673 1821 2745 dignitatem.

179 2761 345 2827 Quod
376 2759 610 2833 quidem
650 2776 717 2817 eo
749 2760 935 2833 magis
971 2760 1157 2818 allicit
1193 2760 1506 2831 intuentes,
1540 2764 1822 2835 quoniam

181 2848 242 2905 id
273 2848 486 2922 inipso
507 2848 801 2921 quoddam
824 2848 982 2905 illius
999 2851 1226 2907 aeternae
1243 2849 1628 2920 jncunditatls
1656 2853 1822 2910 vide-

181 2943 274 2997 tur
299 2937 737 3011 initium,cujus
758 2955 892 2995 eum
914 2939 972 2994 in
1001 2939 1127 3013 ipso
1148 2955 1385 3013 corpore
1405 2942 1684 3014 quasdam
1708 2941 1825 3000 exi-

176 3028 353 3087 stimo
377 3028 665 3104 primitias
694 3029 1009 3102 accepisse.

251 3121 319 3176 At
352 3119 402 3176 si
442 3119 569 3175 vitae
613 3118 1010 3176 consideretur
1055 3120 1383 3195 integritas,
1428 3125 1486 3178 et
1533 3138 1567 3177 a
1613 3122 1819 3193 primis

177 3208 348 3266 annis
368 3207 478 3266 sub
499 3224 741 3266 examen
762 3209 961 3266 omnia
986 3210 1345 3284 redigantur,
1368 3210 1515 3267 nibil
1537 3212 1822 3268 deforma·
1852 3182 1896 3249 C

174 3305 299 3356 tum
339 3297 602 3368 crimine,
643 3297 788 3353 nihil
838 3297 1082 3356 infamia
1130 3299 1603 3357 condemnatum.
1648 3304 1709 3358 In
1752 3317 1817 3358 eo

172 3386 333 3446 enim
352 3385 432 3444 nil
471 3386 754 3444 illiberale
783 3388 1053 3460 pueritia.
1073 3388 1156 3445 nil
1170 3388 1814 3461 adolescentiatluxum,

177 3477 263 3536 nil
288 3478 564 3549 iuventus
583 3477 822 3549 infame,
846 3478 926 3535 nil
959 3478 1139 3537 virilis
1168 3484 1305 3537 astas
1347 3480 1532 3536 edidit
1578 3481 1819 3540 indeco-

174 3582 327 3625 rum.
349 3566 697 3625 Inconcussa
716 3567 864 3625 tides
883 3569 1204 3641 operationi
1245 3569 1411 3628 bonae
1439 3570 1822 3629 fundamenta

176 3655 533 3731 prostruxit.
573 3657 825 3714 Consilio
859 3658 1157 3729 providus,
1182 3659 1496 3734 benignus,
1542 3660 1821 3736 alloquio,

175 3748 449 3806 facundia
469 3746 736 3818 celebris,
769 3764 942 3821 quam
975 3765 1081 3807 nec
1110 3750 1415 3808 verborum
1463 3753 1648 3809 fastus
1704 3752 1823 3810 ela·

176 3844 316 3907 tam,
349 3852 454 3894 nec
484 3837 791 3896 multitudo
824 3838 998 3895 saciat
1046 3839 1401 3897 effluentem.
1449 3840 1824 3914 Tantumque

177 3926 544 4001 apudomnes
566 3926 730 3984 boues
767 3926 1210 3986 existimationis
1233 3929 1575 3987 servabatur
1603 3935 1660 3987 et
1687 3947 1822 4005 gra·

178 4015 295 4083 tiis,
328 4018 392 4071 ut
421 4015 577 4087 quod
607 4014 753 4072 alias
774 4032 1076 4088 perrarum
1108 4023 1221 4089 est,
1252 4024 1408 4078 esset
1437 4019 1492 4076 ei
1522 4024 1659 4078 ante
1706 4021 1823 4079 ele-

179 4103 393 4163 ctionis
422 4105 548 4176 ejus
579 4109 840 4177 tempora
869 4105 1067 4164 nullus
1099 4107 1309 4166 hostis.
1348 4109 1495 4177 Cibi,
1532 4115 1821 4183 potusque

176 4197 338 4251 tanta
366 4191 743 4261 sobrietas,ut
763 4193 881 4251 illis
908 4211 1022 4252 non
1042 4196 1370 4268 fastidium,
1393 4199 1486 4256 sed
1519 4199 1818 4257 abstinen-

175 4281 270 4340 tis
283 4283 493 4340 modus
514 4282 856 4340 terminator
872 4284 1130 4342 assistat.
1164 4284 1426 4344 Vestitus
1454 4293 1649 4348 autem
1679 4307 1818 4365 apo·

176 4370 422 4431 stolatus
451 4372 701 4444 tempori
731 4388 873 4431 sane
902 4375 1252 4433 conveniens
1274 4392 1289 4444 ;
1315 4379 1500 4450 {quem
1547 4396 1650 4438 nec
1682 4398 1819 4454 pro-

175 4461 351 4521 l'eeeio
389 4461 673 4521 clericalis
722 4462 1075 4533 excluderet,
1126 4466 1522 4527 cardinalatus
1570 4469 1818 4542 dignitas

1932 528 2119 600 ipsius
2146 529 2409 602 praelatio
2432 533 2760 606 derogaret.

2002 619 2307 677 Postremo
2335 620 2387 676 si
2410 636 2525 678 non
2544 621 2642 679 ille
2664 621 2907 679 humani
2932 621 3163 689 generis
3189 622 3447 695 perfidus
3478 624 3593 681 ad-

1934 710 2189 764 versator
2206 708 2266 763 in
2289 713 2454 766 Petro
2477 709 2685 767 Leonis
2707 709 2974 768 Ecclesiae
3016 710 3119 767 Dei
3156 712 3591 782 praestruxisset

1930 794 2199 866 insidias,
2230 795 2393 853 nulla
2410 797 2537 870 jam
2568 803 2700 870 post
2730 815 2937 872 papam
2965 799 3287 858 Honorium
3330 802 3402 858 de
3450 817 3587 860 suc-

1933 884 2194 944 cessione
2224 887 2465 958 quaestio
2487 892 2837 960 superesset,
2868 904 3004 947 cum
3035 889 3123 948 vir
3154 889 3369 947 unicus
3399 890 3585 947 unicae

1933 973 2202 1046 dignitati
2231 975 2572 1050 divinajam
2602 977 2895 1035 videretur
2943 977 3310 1049 providentia
3356 979 3585 1053 praesor-

1934 1067 2151 1122 matus.
2183 1066 2379 1137 Ipsum
2409 1065 2567 1124 enim
2590 1065 2698 1124 hoc
2746 1067 3068 1125 divinitatis
3116 1067 3363 1126 consilio
3408 1068 3582 1126 talem

1934 1158 2159 1211 constat
2179 1170 2307 1212 esse
2329 1153 2705 1227 plasmatum.
2723 1162 2782 1213 ut
2798 1157 2938 1214 dum
2961 1157 3239 1216 adversus
3257 1158 3582 1217 Ecclesiam

1933 1241 2021 1299 vis
2041 1241 2219 1314 hujus
2238 1243 2657 1316 persecutionis
2673 1244 3021 1318 insurgeret,
3043 1247 3200 1302 esset
3218 1245 3317 1318 qui
3341 1260 3407 1302 se
3439 1250 3586 1303 tem-

1934 1329 2140 1404 pestati
2169 1331 2261 1388 sui
2293 1347 2532 1389 securus
2550 1336 2890 1405 opponeret,
2914 1335 2971 1390 et
2991 1333 3145 1390 inter
3174 1333 3392 1392 fluctus
3424 1336 3583 1409 peri-

1935 1419 2159 1477 clitanti
2180 1419 2455 1477 naviculae
2474 1421 2827 1479 subveniret.
2851 1421 3119 1494 Cumque
3134 1422 3331 1495 ipsum
3364 1422 3440 1479 ad
3470 1423 3585 1482 hoc

1935 1525 2086 1567 onus
2105 1511 2372 1567 omnium
2398 1526 2543 1583 pene
2562 1510 2926 1568 conscientia
2941 1512 3285 1581 destinaret,
3308 1511 3434 1584 ipse
3463 1510 3578 1570 sibi

1925 1599 2052 1672 jam
2076 1600 2296 1672 adeptas
2318 1600 2622 1672 dignitatis
2642 1599 2833 1658 locum
2861 1616 3231 1673 nequaquam
3270 1601 3581 1660 videbatur

1933 1689 2181 1762 explere.
2206 1688 2284 1745 De
2302 1704 2357 1744 se
2379 1689 2532 1745 enim
2555 1687 2697 1745 citra
2736 1705 2906 1746 suam
2948 1689 3184 1746 credere
3234 1689 3579 1747 facultatem

1926 1778 2213 1851 judicium
2232 1777 2508 1850 sapientis
2529 1783 2635 1835 est.
2662 1778 2824 1845 Quod
2852 1778 2975 1850 ipse
2998 1780 3068 1835 de
3087 1793 3150 1835 se
3181 1779 3327 1837 satis
3353 1779 3582 1838 eviden-

1931 1873 2020 1926 ter
2038 1867 2435 1934 edocuit,dum
2451 1866 2997 1941 ipsumeligentium
3020 1882 3237 1925 corona
3253 1866 3577 1938 clauderet,

1930 1958 2073 2015 etad
2097 1956 2454 2030 apostolatus
2468 1956 2697 2029 fastigia
2726 1960 3030 2014 vocaretur
3064 1956 3405 2026 ;instabant
3446 1973 3582 2030 pre-

1931 2049 2182 2120 cibus,et
2211 2048 2628 2106 reclamantem
2643 2046 2923 2122 lacrymis
2950 2048 3344 2115 obsecrantes,
3359 2047 3577 2120 injecto

1933 2137 2168 2212 pluviali
2198 2137 2541 2195 renitentem
2575 2137 2844 2195 manibus
2872 2137 3052 2195 etiam
3085 2136 3574 2210 comprimebant.

1931 2228 2194 2302 Cumque
2210 2228 2618 2301 ipseinJectam
2632 2227 2974 2285 sibivestem
2997 2228 3255 2284 secundo
3278 2228 3366 2301 (ut
3384 2228 3577 2303 aiunt)

1932 2320 2069 2376 totis
2084 2319 2300 2377 viribus
2312 2319 2647 2376 obsistendo
2667 2335 2728 2376 ru
2737 2318 2939 2392 pisset;
2962 2317 3164 2392 illique
3183 2317 3576 2377 nihilominus

1933 2409 2271 2466 instandum
2298 2410 2619 2470 crederent.
2652 2407 2701 2465 si
2742 2409 2880 2481 quid
2928 2408 3144 2466 sanctis
3189 2409 3577 2467 electionibus

1932 2498 2205 2569 creditur,
2238 2499 2585 2564 timuerunt,
2616 2513 2690 2554 ne
2720 2497 2870 2555 inter
2901 2514 3110 2554 manus
3158 2513 3360 2555 eorum
3417 2504 3578 2558 tanta

1933 2587 2311 2645 reluctatione
2349 2592 2408 2643 et
2456 2587 2890 2660 compressione
2957 2584 3233 2660 fatigatus
3279 2587 3491 2656 obiret,
3522 2595 3580 2644 et

1932 2677 2270 2734 suffocatam
2293 2674 2650 2748 singultibus
2674 2675 2927 2733 animam
2948 2669 3214 2747 protinus
3235 2677 3576 2748 exspiraret.

1935 2766 2203 2823 Manibus
2219 2764 2413 2838 igitur,
2427 2764 2610 2822 donec
2627 2763 2923 2822 modicum
2941 2764 3274 2838 respiraret,
3290 2765 3578 2838 inhibitis,

1934 2854 2404 2912 dumtertiumex
2423 2853 2743 2927 longinquo
2777 2852 3028 2925 pluviale
3057 2853 3402 2926 requiritur,
3429 2854 3577 2911 Inter

1932 2946 2192 3003 rorantes
2211 2943 2403 2999 adhuc
2424 2941 2731 3017 lacrymas,
2755 2944 2811 2998 et
2830 2945 3203 3015 erumpentes
3242 2956 3574 3016 usquequa·

1932 3051 2048 3109 que
2068 3032 2477 3108 singultus,sic
2488 3032 2695 3089 affatur
2706 3035 2962 3089 astantes
2983 3030 3324 3102 :Expediret
3341 3032 3573 3089 instans

1932 3125 2230 3196 negotium
2260 3121 2492 3179 exclusa
2520 3121 2849 3179 animorum
2880 3119 3187 3177 affectione
3216 3120 3480 3188 tractari,
3505 3137 3577 3179 ne

1931 3214 2271 3271 charitatem
2307 3212 2466 3269 zelus
2513 3212 2791 3269 alteruter
2834 3210 3162 3283 impediret,
3204 3214 3263 3266 et
3302 3210 3576 3283 generale

1930 3304 2303 3361 commodum
2333 3301 2465 3359 odio
2496 3300 2791 3367 familiari,
2822 3301 2909 3356 vel
2932 3301 3120 3373 gratia
3143 3299 3204 3355 in
3236 3299 3573 3372 oppositum

1928 3392 2493 3464 verteretur.Saspius
2523 3391 2678 3447 enim
2710 3392 3136 3461 praeoccupatas
3173 3391 3404 3445 mentes
3425 3388 3577 3444 rsltit

1930 3481 2179 3553 allectio,
2214 3488 2279 3540 ut
2308 3485 2365 3538 et
2394 3482 2602 3555 dignos
2658 3479 2790 3536 odia
2846 3478 3179 3551 reprobent,
3234 3482 3292 3535 et
3340 3478 3574 3552 indigui

1932 3576 2275 3646 suggerente
2305 3572 2496 3645 gratia
2525 3570 2926 3642 pranserantur.
2962 3570 3147 3635 Quam
3177 3567 3415 3641 quidem
3436 3584 3576 3642 gra·

1929 3663 2073 3720 tiam
2105 3663 2162 3719 in
2193 3662 2304 3720 hoc
2334 3662 2481 3719 vires
2510 3661 2621 3718 sibi
2654 3660 2817 3717 video
2856 3659 3185 3716 vindicasse
3228 3659 3570 3731 proecipuas,

1932 3751 2730 3810 ubisolaobtineredebuerat
2750 3765 3005 3822 expensa
3035 3748 3157 3822 pari
3207 3746 3375 3806 lance
3422 3749 3573 3806 ratio

1933 3844 2291 3900 meritorum.
2316 3842 2461 3898 Nam
2482 3840 2580 3897 ubi
2614 3855 2707 3897 me
2729 3840 2851 3913 pari
2875 3842 3004 3896 voto
3026 3837 3378 3895 contenditis
3396 3841 3574 3895 tantae

1933 3932 2223 4006 praeficere
2243 3930 2536 4005 dignitati,
2560 3930 2812 4003 proiecto
2835 3946 2951 3985 non
2972 3928 3198 3985 obtinet
3221 3928 3576 3985 examinatio

1932 4021 2296 4089 meritorum,
2318 4020 2627 4093 palamque
2648 4017 2915 4089 praevalet
2937 4015 3335 4089 indulgentior
3354 4016 3572 4089 gratia,

1930 4128 2058 4186 quaa
2082 4127 2173 4168 me
2195 4110 2356 4167 vobis
2377 4113 2606 4166 nuncet
2631 4108 2915 4165 hactenus
2936 4105 3361 4179 inimpert'ectis
3373 4106 3576 4176 operi·

1929 4201 2041 4259 bus
2067 4198 2480 4273 acceptabilem
2512 4201 2766 4271 praestat.
2820 4196 2927 4254 Per
2968 4212 3145 4269 quam
3193 4195 3372 4253 etiam
3423 4194 3568 4253 olim

1929 4290 2068 4348 huic
2090 4295 2292 4348 sancto
2306 4306 2399 4347 me
2416 4287 2689 4345 voluistis
2718 4287 2913 4346 inesse
2941 4286 3253 4353 consortio,
3275 4300 3455 4359 quem
3477 4285 3577 4343 de-

1921 4380 2147 4452 jectum
2178 4381 2421 4436 interius
2450 4379 2621 4451 longe
2652 4394 2882 4435 morum
2926 4375 3178 4450 qualitas
3227 4374 3569 4433 amovisset.

1926 4472 2104 4537 Quem
2128 4478 2317 4527 tamon
2336 4469 2526 4526 locum
2540 4469 2649 4526 etsi
2668 4467 2755 4525 vir
2774 4466 2993 4524 nullius
3011 4466 3243 4523 virtutis
3256 4464 3576 4537 tenuisque

175 4568 293 4610 non
313 4552 593 4610 horreret.
613 4552 835 4621 Quibus
849 4555 1005 4611 enim
1019 4554 1098 4611 im
1104 4557 1544 4627 praesentiarum
1562 4560 1816 4618 vestibus
1847 4557 1896 4624 D
1926 4560 2179 4618 scientia.-
2195 4557 3078 4633 impleret,vestrainfirmitatem
3091 4571 3270 4612 meam
3287 4553 3580 4628 sapientia

175 4640 476 4709 induatur,
499 4642 627 4714 Jam
660 4658 774 4700 non
807 4659 874 4700 ex
916 4644 1102 4717 ipsius
1158 4647 1372 4719 pendet
1419 4647 1685 4720 arbitri0,
1717 4656 1818 4707 sed

176 4731 521 4789 Sanctorum
543 4733 784 4791 Patrum
800 4732 1044 4807 antiqua
1064 4735 1484 4793 constitutione
1515 4737 1815 4796 decretum

176 4824 286 4879 eet.
319 4820 599 4880 Praedicta
629 4837 759 4880 vero
799 4823 1193 4881 cardinalatus
1241 4824 1516 4899 dignitas,
1565 4827 1639 4884 ab
1686 4828 1818 4902 ipso

178 4926 295 4967 non
323 4910 631 4984 impetrata
659 4912 916 4986 quidem,
950 4915 1055 4973 sed
1101 4915 1175 4973 ob
1225 4916 1352 4976 vitis
1393 4918 1721 4977 mundioris
1760 4922 1820 4977 et

176 4999 432 5060 scientias
461 5001 739 5074 plenioris
760 5004 1056 5077 meritum,
1087 5005 1238 5064 ultro
1268 5007 1422 5066 data.
1471 5008 1652 5081 CuJus
1696 5026 1820 5069 ma-

179 5088 336 5148 neris
357 5090 441 5147 sic
470 5090 653 5165 gessit
672 5092 882 5162 officia,
908 5098 974 5151 ut
1002 5096 1123 5154 suis
1161 5096 1348 5170 ipsum
1388 5099 1662 5160 laudibus
1693 5116 1816 5157 am·

177 5180 408 5253 pliaret.
441 5179 640 5238 Fiebat
667 5181 856 5240 bonos
883 5182 1075 5243 titulis
1118 5186 1242 5245 suis
1288 5190 1647 5262 possessoris
1679 5189 1815 5247 illu·

176 5270 371 5339 atrior,
396 5286 500 5329 neo
519 5275 751 5329 tantum
769 5274 1025 5346 propria,
1047 5280 1332 5348 quantum
1363 5279 1819 5338 administratio-

175 5359 269 5417 nIs
287 5377 411 5418 suae
429 5360 615 5434 gloria
635 5363 1036 5440 praefulgebat.
1069 5367 1342 5441 Adeoque
1390 5372 1629 5429 caeteros
1658 5385 1820 5443 egre-

174 5448 282 5523 gio
302 5452 678 5522 praerogativa
699 5453 978 5513 bonitatis
999 5462 1344 5527 excesserat,
1371 5461 1436 5516 ut
1467 5475 1572 5519 nec
1601 5465 1819 5517 restare

173 5536 338 5597 locus
365 5538 593 5597 invidias
624 5541 937 5617 videretur,
967 5559 1151 5618 eoque
1181 5545 1356 5619 plane
1383 5548 1635 5623 quisque
1679 5564 1817 5607 suos

169 5628 250 5687 ad
281 5630 670 5703 aequalitatem
699 5630 886 5706 ipsius
915 5634 1172 5708 aspirare
1201 5652 1321 5698 non
1349 5653 1523 5711 posse
1569 5641 1817 5701 conatus

1932 4649 2480 4724 supportabat,quos
2501 4649 2761 4722 ejusdem
2778 4644 3189 4705 sollicitudinis
3201 4644 3357 4701 idem
3370 4642 3577 4702 Domi-

1930 4756 2043 4797 nus
2072 4738 2132 4795 in
2162 4739 2365 4795 eadem
2395 4737 2645 4811 paritate
2676 4736 2814 4794 fecit
2842 4751 2971 4792 esse
3001 4733 3573 4800 ministros.verum,

1931 4831 2157 4902 oportet
2174 4843 2325 4883 nunc
2338 4844 2406 4885 ex
2428 4825 2672 4895 meritis,
2698 4842 2812 4883 non
2835 4841 2904 4881 ex
2931 4822 3121 4896 gratia
3145 4822 3435 4895 judicare,
3470 4838 3579 4879 nec

1930 4916 2244 4993 gratiosum
2266 4921 2514 4987 tantum,
2536 4917 2636 4974 sed
2654 4920 2714 4973 et
2732 4915 2975 4988 dignum
2996 4911 3349 4969 constituere
3378 4927 3583 4969 sacer-

1931 5008 2146 5066 dotem.
2180 5007 2282 5064 Hic
2311 5006 2468 5063 enim
2498 5004 2727 5063 nullum
2756 5004 3018 5077 capietur
3052 5017 3124 5060 ex
3152 5000 3581 5073 paritatesola-

1932 5097 2104 5163 tium,
2119 5096 2219 5155 ubi
2235 5098 2561 5156 consortem
2580 5095 2842 5153 muneris
2852 5090 3235 5167 praerogativa
3246 5088 3578 5164 singularis

1931 5188 2209 5248 excludit.
2244 5186 2593 5246 Excludatur
2621 5202 2757 5260 ergo
2788 5181 3216 5252 benevolentia,
3246 5184 3302 5240 et
3323 5196 3579 5253 persona

1925 5281 2299 5352 comparetur
2310 5276 2502 5336 otticio
2514 5277 2583 5334 ad
2597 5276 2749 5348 quod
2762 5278 2999 5333 vocatur
3013 5299 3027 5343 ς
3040 5273 3161 5331 vita
3183 5269 3549 5345 probabilem
3561 5312 3578 5342 ,

1928 5367 2172 5428 scientia
2199 5367 2528 5441 praditum,
2559 5365 2914 5424 celebratum
2940 5365 3096 5422 lama
3134 5366 3335 5421 tantus
3383 5359 3579 5418 honor

1928 5459 2213 5531 exposcit;
2235 5460 2301 5515 ut
2328 5457 2438 5530 ipsi
2467 5456 2730 5513 dlvinum
2777 5455 3032 5513 favorem
3080 5449 3401 5527 probabilis
3458 5449 3584 5509 vita

1927 5548 2215 5620 conciliet,
2238 5548 2626 5623 gerendorum
2638 5544 2971 5605 facultatem
2998 5540 3247 5603 scientia
3286 5538 3578 5612 conferat,

1928 5646 1984 5700 et
2001 5640 2257 5700 nominis
2276 5638 2613 5700 celebritate
2630 5635 2791 5698 clara
2819 5636 3188 5711 comparetur
3214 5630 3580 5694 auotoritas.
