3784 6000
1020 228 1225 295 ms‘r.
1268 229 1540 295 RERUU
1585 231 2111 302 reassumam
2155 270 2235 291 —
2275 238 2424 305 un.
2468 238 2573 305 1v.

3410 250 3532 319 2ss

109 375 267 433 vires
298 390 419 433 nen
450 389 585 430 esse
611 370 685 428 ab
717 368 965 427 invIcem
1020 370 1381 442 separandas
1409 368 1762 441 allegabant.
1794 375 1847 442 Α
1876 376 2089 433 castris
2117 375 2339 433 domini
2374 375 2720 449 Boamundi,
2743 394 2934 454 usqne
2959 381 3032 438 ad
3073 389 3300 455 portam
3332 382 3532 456 Canis,

114 465 348 524 Placuit
389 464 577 537 Igitur
602 465 675 517 de
702 461 1005 520 communi
1036 461 1308 529 consiliu,
1340 467 1407 515 ut
1453 461 1522 516 ad
1567 461 1773 519 urbem

117 554 479 613 nnanImiter
503 552 847 609 accederent
873 556 931 607 et
954 566 1076 607 eam
1107 550 1393 607 vallarent
1420 550 1726 607 obsidione
1757 566 1774 607 t

116 646 279 703 unde
306 646 533 701 Iactum
568 650 659 699 est
685 647 768 710 ut,
802 639 1015 697 solutis
1048 651 1278 709 castris,
1300 640 1428 697 urbi
1459 640 1776 713 appropin-

118 741 394 809 quantes,
420 749 625 791 mense
650 730 1130 797 Octobri,octava
1159 730 1386 786 decima
1405 728 1501 786 die
1534 731 1777 797 mensis,

116 832 251 885 ente
292 823 504 882 urbem
561 824 974 891 consisterent,
1032 824 1451 879 castrametati.
1503 822 1572 879 itt
1639 822 1777 880 lic-et

115 922 459 973 nostmrnm
491 915 591 983 qui
623 912 886 984 gladium
937 917 1200 985 poterent
1242 911 1509 975 educere,
1540 913 1611 968 ad
1664 921 1776 967 tre·

114 1012 281 1065 cente
304 1005 500 1061 millia
519 1005 812 1061 diceretur
832 1002 1399 1073 numerus,excsptis
1424 1000 1771 1059 mulieribus

115 1101 175 1154 et
194 1094 484 1167 parvulis,
517 1098 713 1151 tamen
759 1091 1050 1149 civitatem
1083 1107 1199 1148 non
1249 1096 1561 1162 potuerunt
1607 1091 1776 1148 undi-

120 1200 235 1259 que
296 1184 520 1241 castris
562 1181 996 1252 circumpositis
1026 1180 1292 1248 vallarez
1340 1197 1472 1236 nam
1515 1184 1776 1252 exceptis

116 1273 444 1335 montibus,
486 1274 611 1345 qni,
665 1276 731 1327 ut
783 1268 1182 1343 prediximus,
1229 1268 1523 1326 monibus
1570 1285 1772 1327 eorum

115 1363 576 1430 claudebantur,
603 1361 761 1416 circa
783 1374 929 1433 quos
948 1374 1055 1415 nec
1075 1364 1424 1414 attentatum
1457 1359 1566 1416 fuit
1589 1367 1777 1417 eastra

115 1452 333 1522 locare,
359 1450 614 1508 civitatis
636 1459 880 1521 partem,
902 1464 1032 1520 quo
1063 1464 1095 1503 a
1127 1450 1341 1506 montis
1371 1448 1563 1505 radice
1588 1465 1775 1521 usque

115 1541 189 1600 ad
220 1540 485 1599 fluvium
533 1538 661 1596 loco
707 1537 1072 1609 protenditur
1119 1537 1397 1608 planiore,
1430 1552 1545 1595 non
1591 1538 1778 1611 potuit

116 1630 357 1690 obsidio
415 1627 765 1687 continuate
811 1627 1146 1684 universam
1207 1626 1495 1685 cohibere.
1544 1628 1612 1685 In
1664 1628 1776 1686 boc

1886 471 2079 521 castra
2107 483 2239 523 cum
2276 467 2402 524 suis
2440 471 2817 540 Not-mannis,
2851 470 3090 528 Francis
3137 477 3196 529 et
3241 473 3534 533 Britannis

1886 556 2368 611 continuaverant
2407 572 2536 614 sua.
2586 558 2751 615 Circa
2800 567 3025 631 portam
3077 577 3212 619 vero
3262 563 3532 623 eamdem

1886 642 2165 701 dominus
2197 644 2569 702 Raimundus
2589 663 2786 704 comes
2803 649 3044 707 Tolosan
3056 668 3123 708 us
3144 657 3202 709 et
3223 653 3536 724 episcopua

1887 728 2210 800 Podiensis,
2242 750 2376 792 cum
2409 735 2547 793 aliis
2597 738 2916 804 nobilibus,
2945 741 3045 813 qui
3094 756 3295 799 eorum
3344 748 3537 804 castre

1886 823 2065 879 secuti
2101 822 2347 892 fuerant,
2380 841 2634 897 cumque
2663 828 2824 885 cmiii
2873 829 3269 900 Guascunum,
3301 830 3535 891 Provin-

1885 908 2122 965 cialium
2158 917 2218 968 et
2251 912 2728 985 Burgundionum
2755 917 2983 973 inllnita
3013 918 3411 984 multitudine,
3433 936 3534 978 oa·

1884 1004 2008 1054 stra
2039 999 2394 1071 locaverant,
2425 1018 2614 1070 usque
2642 1005 2710 1059 ad
2745 1013 3083 1078 sequentem
3113 1018 3337 1078 portam
3360 1024 3532 1068 omne

1883 1087 2138 1158 spatium
2189 1102 2560 1160 occupantes.
2592 1090 2756 1149 Circa
2798 1109 2934 1152 vero
2974 1099 3234 1152 eamdem
3285 1103 3530 1168 portem,

1881 1176 2000 1232 dux
2031 1175 2357 1235 Goldet'rius
2396 1194 2532 1235 cum
2579 1181 2753 1238 fratre
2798 1198 2907 1238 suo
2951 1182 3267 1240 Eustacbio
3295 1189 3355 1239 et
3400 1184 3536 1241 Bal-

1882 1263 2066 1322 duino
2094 1270 2507 1334 Hemacorum,
2539 1269 2834 1327 Rainnrio
2881 1271 3264 1339 Tutiensium,
3294 1272 3532 1332 Conone

1883 1353 1957 1409 de
1982 1357 2367 1422 Monteacuto,
2400 1358 2712 1416 comitibus
2757 1360 3052 1433 preclaris
3093 1366 3153 1419 et
3200 1361 3531 1421 illustribus

1884 1443 2046 1512 viris,
2079 1454 2134 1502 et
2155 1445 2292 1503 aliie
2332 1447 2651 1506 nobilimus
2679 1452 2780 1523 qui
2831 1452 2905 1508 ab
2953 1450 3124 1508 initio
3168 1454 3299 1522 ejus
3336 1458 3532 1511 cestre

1882 1536 2065 1593 secuti
2135 1537 2384 1605 fuerant,
2445 1538 2835 1614 Lotbaringis,
2885 1541 3245 1613 Frisonibus,
3304 1542 3532 1610 Suevis,

1884 1623 2229 1696 saxonibus,
2261 1628 2659 1687 Franconibus
2688 1636 2748 1688 et
2795 1630 3052 1700 Bavaris,
3083 1640 3278 1691 castra
3323 1632 3533 1690 locavit

122 1719 313 1794 igitur
364 1724 705 1777 nostrorum
736 1718 985 1774 adventu
1017 1721 1075 1773 et
1102 1720 1429 1774 castrorum
1462 1717 1774 1791 positione,
1806 1735 1854 1803 B
1882 1730 2014 1779 sua.
2044 1715 2304 1791 reliquas
2338 1724 2546 1791 partes,
2582 1735 2725 1791 pene
2757 1736 2946 1795 usque
2972 1722 3042 1778 ad
3078 1726 3303 1796 portam
3339 1721 3538 1795 pontis

116 1810 257 1869 lieet
282 1826 423 1866 cum
476 1808 664 1864 multo
692 1808 938 1878 strepitu
991 1812 1051 1863 et
1095 1806 1462 1864 cornicinum
1502 1807 1775 1878 stridore,

116 1912 533 1973 equorumque
552 1896 808 1965 hinnitu,
840 1901 900 1951 et
929 1911 1227 1953 armorum
1260 1899 1510 1969 fragore,
1542 1902 1600 1953 et
1637 1912 1779 1954 con-

119 1990 247 2049 lnsa
278 1985 721 2057 vociferatione,
752 2001 881 2060 quae
910 2000 1103 2057 nsque
1130 1985 1202 2042 ad
1234 1985 1424 2042 sidera
1452 1984 1576 2043 tolli
1621 1987 1779 2043 vide·

117 2084 305 2147 retur,
338 2087 537 2135 noster
577 2078 875 2134 accederet
912 2076 1241 2145 exercitum
1275 2079 1466 2132 tamen
1512 2080 1633 2132 tota
1678 2074 1778 2134 illa

120 2168 237 2239 die,
286 2172 353 2225 et
413 2181 519 2240 per
558 2166 986 2238 subsequentes
1031 2164 1275 2238 aliquot,
1326 2170 1488 2221 tento
1549 2163 1778 2223 ellentio

120 2256 467 2333 conquievit
494 2254 719 2321 civitas,
752 2258 819 2311 ut
842 2268 1031 2328 neque
1060 2269 1129 2310 ex
1159 2269 1226 2311 ea
1253 2268 1477 2312 sonnns
1511 2259 1613 2311 aut
1639 2259 1779 2312 stre·

124 2349 283 2421 pitns
302 2344 715 2412 audiretunet
734 2347 798 2401 ut
818 2345 947 2401 meri
957 2349 1014 2400 to
1035 2346 1365 2400 crederetur
1376 2344 1782 2402 defensoribus

121 2454 326 2508 veens,
359 2451 497 2510 qun
525 2443 720 2491 tamen
756 2433 952 2491 mullis
981 2438 1099 2490 tam
1130 2432 1569 2501 alimentorum,
1599 2449 1779 2508 quam

122 2525 350 2602 optime
392 2529 755 2583 armatorum
821 2523 1006 2595 copiis
1071 2522 1326 2580 militum
1386 2523 1779 2582 redundabat.

753 2628 985 2689 CAPUT
1015 2629 1165 2688 XIII.

130 2725 523 2799 nispe-untur
558 2721 834 2793 principes
874 2724 1020 2776 eirea
1043 2721 1258 2807 ‚ug-bem
1281 2719 1622 2807 stelionibus
1650 2736 1781 2778 eos·

191 2796 677 2927 &ngat-som
704 2794 918 2851 vallant
936 2793 1248 2861 otszawne5
1275 2807 1414 2850 cwes
1444 2794 1648 2850 timore
1661 2810 1785 2850 eon·

196 2978 391 3038 Erant
416 2974 619 3051 itaque
646 2973 706 3031 in
745 2988 817 3031 ce
852 2971 1107 3030 civitatis
1137 2976 1323 3046 parte,
1352 2988 1481 3046 quo
1510 2971 1568 3030 in
1609 2976 1784 3047 plano

1886 1820 2182 1876 occupans
2213 1824 2228 1864 ε
2262 1807 2414 1865 inter
2450 1809 2762 1874 civitatem,
2791 1815 2850 1868 et
2891 1811 2944 1868 ei
2987 1813 3110 1881 Jam
3150 1812 3530 1870 cohaerentem

1886 1892 2154 1963 fluvium,
2186 1901 2243 1953 et
2271 1898 2628 1970 reliquorum
2671 1905 2864 1955 castra
2895 1900 3244 1973 principum,
3275 1901 3445 1974 quasi
3471 1900 3533 1958 in

1885 1984 2184 2058 triangulo
2218 1986 2589 2046 constitutus.
2623 1992 2796 2044 Erant
2827 1993 3019 2046 autem
3045 1990 3103 2045 in
3137 1989 3413 2061 prodicta
3441 2004 3532 2047 re-

1885 2074 2058 2148 gione
2088 2076 2393 2147 promeria,
2424 2093 2552 2151 quie
2603 2077 2787 2135 nostri
2834 2079 3200 2137 succidentes
3240 2079 3531 2149 universa,

1887 2161 2142 2222 claustra
2187 2166 2322 2237 sibi,
2367 2171 2426 2224 et
2475 2167 2666 2240 equiia
2710 2183 2913 2226 eorum
2967 2169 3101 2225 inde
3148 2170 3537 2229 contexebant

1888 2253 2186 2328 repagula.
2217 2255 2678 2315 Admirabantur
2709 2257 2907 2329 itaque
2936 2257 3038 2330 qui
3077 2256 3152 2315 de
3189 2257 3449 2317 turribus
3478 2261 3536 2317 et

1889 2342 2073 2399 muris
2104 2359 2207 2417 per
2232 2344 2523 2404 cancellos
2560 2349 2750 2403 castra
2780 2346 3324 2419 contemplabantur
3359 2347 3535 2421 cives,

1890 2448 2189 2490 armorum
2210 2433 2510 2506 fulgorem,
2534 2451 2777 2509 operum
2808 2435 3146 2508 diligentem
3172 2436 3534 2507 instantiam,

1895 2521 2225 2594 hospitandi
2249 2522 2511 2593 modum,
2533 2530 2859 2582 castrorum
2882 2525 3230 2596 positionem
3261 2531 3319 2583 et
3336 2542 3515 2597 suspe

1891 2614 2045 2666 ctam
2094 2616 2212 2669 tam
2261 2612 2485 2669 viribus
2531 2629 2709 2686 quam
2759 2629 3001 2671 numero
3053 2614 3534 2687 multitudinemg

1888 2699 2150 2774 dumque
2180 2703 2486 2773 presentis
2524 2718 2658 2760 oum
2689 2703 2992 2777 preteritis
3020 2709 3367 2777 comparant
3383 2710 3537 2764 tem·

1890 2805 2052 2861 pora,
2068 2798 2408 2863 presentem
2430 2791 2754 2851 molestiam
2779 2809 2912 2851 cum
2936 2794 3254 2868 tranquillo
3273 2795 3371 2866 qui
3394 2811 3538 2868 pro-

1888 2886 2143 2938 cesserat
2174 2896 2366 2939 rerum
2399 2887 2553 2939 statu
2588 2884 2974 2953 conferentes,
3005 2886 3283 2941 uxoribus
3313 2888 3372 2942 et
3391 2882 3538 2943 libc-

1888 2969 1997 3035 ris,
2029 2971 2283 3042 paternis
2330 2984 2563 3045 quoque
2601 2970 2841 3040 laribus,
2874 2977 2932 3029 et
2973 2975 3129 3045 quod
3180 2974 3535 3046 precipuum

133 3067 245 3125 sita
296 3076 413 3138 est,
445 3073 743 3140 portarum
776 3062 973 3119 aditus
1016 3061 1299 3133 quinque.
1336 3062 1397 3117 ln
1430 3062 1603 3134 plaga
1624 3064 1778 3119 enim
1891 3066 1983 3118 cst
2011 3061 2374 3126 mortalubus.
2402 3062 2655 3120 libertati
2690 3065 2986 3131 timentes,
3018 3066 3213 3123 l'ellcss
3238 3083 3337 3123 eos
3367 3083 3538 3142 repu-

134 3154 461 3228 superiore,
500 3168 630 3226 quo
675 3152 747 3208 ed
795 3150 1076 3207 orientem
1131 3149 1387 3221 rescipit,
1437 3154 1562 3206 erat
1617 3155 1783 3224 porte
1811 3124 1857 3194 c
1895 3156 2205 3223 tent,quos
2232 3153 2414 3209 tantis
2445 3168 2604 3210 mors
2621 3153 2809 3210 amica
2828 3155 3199 3212 subtraxerat
3230 3153 3533 3227 periculis3

137 3263 277 3316 nna,
309 3261 443 3317 qua.-
476 3243 647 3300 bodie
672 3240 891 3297 dlcitur
920 3238 1120 3297 Sancti
1152 3237 1350 3307 Pauli,
1383 3253 1451 3296 eo
1486 3240 1641 3312 quod
1667 3255 1787 3296 mo-

136 3334 401 3394 nasterio
435 3334 697 3403 ejusdem
727 3329 995 3400 apostoli,
1023 3328 1081 3385 in
1130 3328 1277 3384 clivo
1316 3327 1534 3385 montis
1577 3330 1785 3400 posito,

135 3428 211 3484 sit
228 3425 527 3498 subjecta.
542 3422 809 3480 Secunda
824 3436 958 3478 vero
973 3419 1164 3476 eidem
1186 3436 1219 3476 e
1248 3419 1480 3490 regione
1498 3418 1787 3492 opposita,

134 3520 375 3575 tantum
409 3515 573 3570 abes
598 3513 848 3576 distans,
877 3516 1166 3583 quantum
1199 3509 1256 3564 in
1306 3507 1549 3579 longum
1591 3508 1790 3567 civitas

138 3604 472 3678 porrigitur
512 3602 807 3669 universa,
858 3607 1026 3671 porta
1070 3606 1159 3654 est
1216 3598 1615 3667 occidentalis,
1660 3614 1789 3671 qun

134 3695 311 3754 bodie
340 3693 404 3751 S.
438 3690 667 3766 Georgii
697 3689 949 3760 dicitur3
1000 3705 1068 3747 eo
1096 3692 1248 3762 quod
1281 3689 1539 3759 ejusdem
1572 3695 1792 3763 marty·

136 3785 211 3843 ris
240 3782 513 3842 basilice
541 3783 620 3839 sit
648 3779 863 3838 vicina.
896 3780 959 3837 ln
1001 3780 1180 3836 latere
1207 3784 1406 3836 autem
1438 3778 1789 3852 septentrio·

136 3875 279 3946 nali,
310 3881 441 3932 tres
487 3875 658 3929 erant
703 3875 900 3943 porte,
932 3885 1058 3945 qun
1105 3870 1179 3927 ed
1228 3870 1446 3927 {lumen
1496 3869 1792 3927 habebant

135 3967 363 4025 exitum
396 3989 413 4021 ι
452 3978 696 4037 quarum
718 3959 983 4034 superior
1014 3965 1177 4031 porta
1204 3960 1380 4018 Canis
1408 3960 1791 4029 dieitur-‚pon-

141 4065 253 4114 tem
286 4055 524 4113 hebens
553 4056 687 4110 ante
715 4066 799 4117 se,
834 4066 935 4123 per
963 4066 1133 4123 quem
1188 4049 1377 4121 palus,
1411 4049 1602 4107 muris
1648 4065 1792 4106 con-

138 4146 393 4205 termina
412 4144 735 4210 trensitur3
765 4140 1025 4199 secunda
1054 4157 1208 4208 vero,
1230 4140 1403 4198 bodie
1434 4148 1599 4212 porta
1614 4139 1791 4198 Ducis

137 4234 493 4310 appellatur,
546 4246 793 4306 querum
843 4234 1109 4302 utraque,
1159 4228 1330 4303 quasi
1379 4228 1569 4299 spatio
1618 4229 1791 4285 unius

138 4323 404 4384 milliarii
454 4323 637 4379 distet
676 4319 902 4379 fluvius.
953 4319 1149 4377 Tertia
1196 4333 1329 4375 vero
1372 4322 1557 4390 porta,
1592 4317 1792 4376 Pontis

136 4414 467 4481 dicitur-,eo
485 4409 641 4485 quod
663 4408 741 4466 ibi
766 4424 915 4482 pons
933 4418 1042 4478 est,
1064 4424 1215 4481 quos
1236 4407 1453 4464 fluvius
1473 4409 1791 4475 transitur:

1892 3241 2224 3313 quibusque
2282 3242 2518 3298 dederat
2562 3241 2776 3312 obitus,
2826 3260 2899 3301 ne
2963 3248 3049 3300 tot
3111 3243 3538 3302 involverentur

1895 3327 2340 3387 calamitatibus.
2358 3329 2641 3402 Suspensi
2685 3330 2867 3404 igitur
2893 3331 2966 3390 de
2989 3332 3082 3390 die
3121 3333 3181 3391 in
3213 3333 3369 3390 diem
3399 3349 3540 3392 sno-

1896 3433 2024 3475 rum
2082 3420 2305 3476 cladem
2363 3427 2422 3478 et
2480 3422 2640 3478 urbis
2685 3422 3100 3494 exspectabant
3151 3422 3541 3496 impugnatio·

1898 3524 2067 3566 nem:
2094 3510 2265 3582 quasi
2305 3516 2527 3567 certum
2581 3511 2876 3570 babentes.
2903 3514 3060 3584 quod
3110 3513 3337 3585 absque
3374 3514 3543 3571 ruina

1897 3598 2148 3656 civitatis
2177 3606 2236 3656 et
2266 3599 2550 3657 libertatis
2580 3602 2709 3670 ejus
2750 3603 3073 3672 naufragio,
3106 3605 3273 3657 tanta
3317 3602 3542 3661 obsidio

1897 3688 2043 3746 solvi
2097 3704 2210 3746 non
2261 3694 2483 3760 posset,
2513 3705 2640 3762 quai
2688 3689 2761 3746 ad
2809 3690 2865 3746 id
2911 3692 3052 3748 totis
3096 3688 3323 3750 viribus
3368 3692 3545 3748 anbe-

1904 3774 2081 3834 lebat.

2513 3885 2743 3944 CAPUT
2783 3884 2932 3946 xw.

1898 3974 2088 4033 Nostri
2111 3990 2279 4046 super
2315 3975 2526 4046 flumen
2570 3982 2790 4045 pontem
2819 3977 3055 4045 eriqunt
3083 3976 3348 4048 liyneum,
3379 3981 3442 4034 ut
3471 3976 3553 4034 li-

1973 4045 2154 4102 berius
2190 4046 2516 4117 pabulatum
2561 4054 2784 4104 emani.
2818 4048 2880 4105 ln
2929 4053 3112 4105 castra
3151 4049 3366 4107 comitis
3425 4049 3551 4108 Toto

1969 4117 2097 4176 suni
2122 4135 2158 4175 a
2183 4118 2398 4176 civibus
2426 4119 2571 4190 fiunt
2597 4120 2916 4192 eruptiones
2947 4124 3276 4193 repentinae.

1974 4226 2155 4299 igitur
2200 4226 2300 4300 qui
2346 4226 2408 4283 in
2455 4228 2669 4285 castris
2711 4232 2900 4299 erant,
2931 4233 2998 4286 ut
3033 4227 3202 4303 equis
3248 4227 3552 4301 pabulum,

1900 4313 2134 4388 sibique
2156 4316 2551 4374 necessarium
2593 4324 2980 4390 procurarent
3004 4317 3368 4389 alimoniam,
3389 4327 3553 4380 trans

1906 4403 2148 4461 ssuvIum
2180 4408 2252 4465 de
2277 4408 2621 4465 necessitate
2648 4408 2845 4481 egredi
2875 4419 3318 4477 consueverant,
3340 4414 3400 4466 et
3428 4425 3557 4483 pro-

136 4518 275 4561 nam
296 4502 463 4560 inter
480 4499 819 4574 predictam
843 4496 1016 4555 Ducis
1034 4502 1432 4570 portamque
1463 4495 1655 4554 media
1682 4502 1796 4566 est,
1829 4502 1875 4570 1)
1907 4494 2112 4553 cedere
2171 4494 2404 4570 longius
2462 4496 2920 4569 aliquantulum.
2976 4497 3241 4574 Cumque
3289 4513 3444 4566 eope
3484 4513 3553 4557 ec

138 4609 333 4670 nequ
379 4591 457 4649 ed
504 4591 677 4660 benc,
707 4605 834 4661 qus,-
882 4593 971 4646 sst
1012 4587 1071 4644 in
1120 4603 1188 4644 eo
1218 4587 1399 4644 latere
1451 4587 1794 4658 novissima,

136 4684 216 4742 ite
262 4681 467 4741 mni-le
508 4680 836 4754 applicatur
880 4676 1116 4746 fluvius,
1150 4680 1214 4733 ut
1256 4677 1328 4733 de
1357 4682 1562 4734 cisterc
1613 4676 1795 4735 muris

134 4773 482 4841 mnunnus,
512 4785 554 4828 e
588 4769 821 4826 eivitste
848 4783 966 4824 non
1010 4766 1263 4825 recedat.
1296 4770 1459 4823 Hanc
1508 4767 1709 4838 igitur,
1740 4774 1798 4825 et

135 4877 261 4920 eam
292 4877 433 4935 qno
456 4858 673 4915 dicitnr
692 4861 750 4913 8.
772 4856 1024 4928 Georgii,
1056 4857 1334 4927 quoniam
1382 4857 1454 4914 ad
1487 4866 1797 4928 utramque

134 4955 402 5020 illarum,
450 4965 567 5009 non
618 4948 729 5006 nisi
777 4949 1024 5008 flumine
1069 4949 1441 5020 transmisso,
1490 4949 1795 5022 pervenire

135 5050 368 5118 poteret
407 5040 721 5107 exercitus,
767 5038 1102 5095 inobsessas
1146 5037 1518 5101 dimiserunt,
1552 5037 1795 5109 reliquis

132 5137 330 5192 tribus
359 5129 764 5202 superioribus
790 5128 1094 5185 obsidione
1134 5124 1385 5183 valletis.
1418 5125 1791 5199 Superiorem

132 5224 318 5296 igitur
362 5221 650 5280 dominus
706 5217 1084 5275 Boemundus
1113 5215 1362 5282 obsedit,
1394 5231 1531 5273 cum
1562 5214 1653 5273 bis
1690 5217 1791 5290 qui

132 5315 207 5372 eb
234 5312 407 5370 initio
437 5311 573 5383 ejus
600 5317 795 5366 caetra
828 5305 1013 5364 secuti
1057 5306 1291 5363 fuerant
1317 5323 1341 5373 ,·
1391 5305 1542 5361 circa
1576 5320 1732 5374 eum,
1758 5323 1790 5364 a

134 5409 297 5476 perte
341 5401 644 5466 Inferiore,
696 5395 985 5453 Robertus
1032 5410 1227 5453 comes
1287 5393 1785 5466 Normsnnorum,

132 5491 593 5552 Prendrensium
629 5503 825 5545 comes
857 5485 1163 5554 liebertus,
1190 5484 1525 5557 Stephanus
1553 5499 1788 5559 quoque

132 5582 505 5645 Elaeensium
554 5593 777 5648 comes,
812 5576 1092 5638 Dominus
1130 5574 1300 5648 Ilugo
1343 5589 1613 5648 magnus,
1646 5574 1707 5633 bl
1752 5594 1786 5635 a

1904 4587 2116 4659 sapius
2161 4587 2299 4644 illuc
2345 4595 2719 4661 properantes
2761 4606 2898 4646 cum
2946 4589 3104 4646 omni
3153 4587 3556 4649 incolumitate

1906 4682 2335 4735 reverterentur
2353 4678 2687 4749 indemnes;
2711 4678 2935 4736 civibus
2957 4676 3151 4735 adhuc
3172 4678 3325 4735 infra
3347 4677 3552 4738 urbem

1905 4782 1968 4825 se
1987 4767 2418 4836 cohibentibus,
2443 4785 2548 4826 nec
2573 4770 3061 4840 praesumentibus
3087 4767 3281 4826 adhuc
3298 4767 3552 4827 exterius

1906 4858 2175 4930 evagarig
2221 4874 2325 4930 pro
2369 4861 2796 4916 consuetudine
2841 4859 2957 4916 sibi
2997 4858 3273 4922 fecerant,
3307 4857 3547 4917 fluvium

1904 4947 2117 5017 sapius
2137 4946 2197 5003 in
2221 4947 2315 5005 die
2336 4950 2584 5006 transire
2606 4964 2622 5007 t
2645 4948 2821 5022 idque
2841 4963 2974 5005 cum
3001 4948 3188 5005 multe
3210 4948 3385 5008 (lebet
3402 4946 3552 5008 dim·

1903 5035 2153 5105 cultate;
2201 5053 2333 5093 nam
2384 5035 2732 5096 invadabilis
2761 5044 2886 5096 erat
2915 5037 3152 5111 fluvius,
3184 5045 3244 5097 et
3291 5037 3549 5096 natando

1901 5128 2150 5184 transire
2193 5128 2512 5196 oportebat.
2542 5128 2701 5195 Quod
2743 5135 3106 5203 compertum
3142 5129 3421 5187 babentes
3443 5128 3545 5201 qui

1898 5215 1959 5274 ln
1991 5215 2223 5274 civitate
2251 5229 2433 5289 erant,
2455 5215 2802 5290 plerumque
2857 5219 3072 5292 palam,
3102 5221 3201 5275 sed
3232 5218 3381 5275 clam
3428 5219 3549 5274 Ire-

1899 5307 2197 5379 quentius,
2230 5322 2334 5379 per
2380 5312 2614 5381 pontem
2646 5306 2889 5364 flumine
2919 5309 3285 5374 transmisso,
3319 5306 3543 5365 nostris

1897 5392 2129 5453 incaute
2162 5397 2650 5466 discurrentibus,
2674 5400 2733 5453 et
2757 5397 2947 5469 gratie
2973 5397 3252 5468 quaerenti
3280 5411 3545 5454 neceas·

1897 5485 2004 5557 ria,
2032 5486 2316 5561 dispersis
2343 5486 2419 5547 ab
2449 5486 2721 5546 invicem.
2751 5487 2965 5550 cadem
2998 5485 3395 5547 inferebantet
3422 5486 3546 5546 vul·
3663 5525 3668 5532 -

1897 5591 2040 5635 nere
2071 5591 2178 5636 :se
2209 5578 2464 5636 maxime
2491 5577 2622 5636 lreti
2661 5576 2897 5649 fiducia,
2931 5579 3084 5651 quod
3127 5593 3242 5637 nen
3273 5579 3545 5654 peterent
