3784 6000
1022 224 1231 287 ms'r.
1276 223 1548 287 RERUM
1596 219 2135 287 TRANSMARtrt.
2182 257 2260 271 -—
2304 223 2452 285 [ΑΒ.
2500 225 2608 289 ΙΙΙ.

111 370 315 435 strage
341 362 682 427 innumera,
713 373 818 416 eos
848 355 907 413 in
954 356 1143 430 fugam
1178 362 1444 415 vertunt:
1482 355 1759 426 fugienti·
1792 356 1847 425 Α
1880 363 2142 429 portante
2177 359 2414 429 gemina
2463 357 2686 430 fatigati
2735 355 3022 425 molestia,
3048 359 3222 432 coeplt
3269 370 3526 437 populus

112 454 221 511 bus
250 452 433 507 etiam
463 455 630 506 tanta
676 449 1040 505 adherentes
1084 448 1382 515 instantia,
1417 455 1478 503 ut
1526 464 1626 518 per
1655 446 1768 503 tria

111 550 211 602 aut
240 549 500 616 quatuor
530 537 806 594 milliaria
838 538 993 593 ultra
1031 553 1227 593 eorum
1270 546 1498 603 caetra;
1548 554 1673 605 qus,-
1705 537 1764 594 in

110 635 259 695 valle
304 636 507 706 opima
548 631 905 697 locaverant,
936 629 1275 685 continuam
1327 644 1396 684 ex
1432 629 1520 684 eis
1548 631 1765 685 eisdem

115 737 451 795 operantes,
499 725 1008 796 persequerentur.
1050 716 1216 775 Unde
1264 717 1348 773 eis
1397 734 1528 774 cum
1584 719 1769 775 multa

118 813 464 874 contusione
518 811 803 882 dispersis
846 818 900 865 et
948 807 1268 864 intersectis
1297 806 1766 878 quampluribus,

117 903 383 962 ιὀᾱιιοιίε
402 900 580 959 etism
617 898 865 969 captivis
896 896 1218 962 nonnullis,
1254 912 1403 968 quos
1431 912 1502 952 ex
1551 897 1770 954 nostris

117 992 405 1050 violenter
422 991 708 1048 abductos
730 986 1039 1044 trabebant
1067 987 1370 1051 secum,ad
1397 985 1648 1042 bostium
1673 1002 1770 1042 ca-

117 1088 243 1139 stra
271 1081 494 1137 reversi
527 1088 665 1135 suut
694 1093 709 1132 ε
744 1077 841 1132 ubi
877 1076 1226 1146 reperientes
1269 1073 1528 1131 infinitas
1558 1076 1683 1129 auri
1715 1078 1772 1131 et

117 1170 345 1245 argenti
381 1169 606 1238 copias,
624 1165 1037 1223 alimentorum
1070 1178 1303 1235 quoque
1335 1163 1771 1219 commoditates

116 1257 546 1328 amplissimas,
575 1270 802 1329 greges.
834 1261 1118 1315 armenta,
1150 1254 1451 1307 asinorum
1486 1253 1686 1309 turbas
1713 1256 1774 1308 et

108 1348 554 1421 Jumentorum,
575 1341 925 1400 camelorum
958 1355 1192 1412 quoque
1217 1338 1772 1411 phalanges,quales

119 1438 283 1509 prius
313 1434 505 1492 nostri
537 1449 652 1489 non
677 1432 958 1497 viderant,
990 1435 1048 1485 et
1090 1445 1275 1501 equos
1306 1428 1641 1496 nonnullos,
1672 1446 1776 1497 pa-

120 1526 375 1601 piliones
406 1538 639 1596 quoque
667 1527 724 1580 et
755 1520 1000 1577 tentoria
1031 1520 1170 1575 varii
1218 1519 1449 1586 coloris,
1484 1525 1545 1574 et
1574 1521 1771 1575 formae

120 1616 441 1681 inauditte3
470 1612 886 1669 transferentes
917 1624 1110 1665 secum
1139 1607 1359 1669 omitia.
1390 1609 1584 1664 onusti
1638 1625 1771 1677 spo·

1875 464 2022 520 pene
2070 449 2334 517 deficere,
2367 448 2450 506 ita
2495 453 2560 504 ut
2593 448 2912 520 promiscui
2943 468 3118 508 sexus
3147 450 3248 509 illa
3287 455 3380 512 die
3411 474 3527 528 prae

1875 538 2005 593 sitis
2019 539 2317 593 anxietate
2336 547 2385 591 et
2411 538 2696 594 caumatis
2711 537 2888 593 intem
2901 541 3179 609 perantia.
3200 541 3325 608 plus
3345 560 3525 616 quam

1876 626 2180 698 quingenti
2215 627 2484 696 spiritum
2520 627 2850 684 dicerentur
2879 628 3527 692 exbalasse.Accidisse

1876 714 2092 772 dicitur
2118 732 2186 771 ea
2217 717 2330 783 die,
2362 734 2489 785 quae
2522 716 2686 772 nulla
2713 717 2826 772 alia
2856 719 3031 773 tradit
3080 719 3522 794 bietoria,qnod

1877 811 2245 876 pregnantes
2269 823 2381 877 prs,-
2398 806 3152 879 sitisangustitiaetcaloris
3167 810 3522 884 intemperie,

1875 900 2010 948 ante
2032 900 2264 963 tempus
2296 911 2329 949 a
2364 902 2568 951 natura
2600 897 2924 962 decretum,
2950 898 3101 954 setus
3147 900 3314 957 edere
3357 919 3522 959 com-

1878 983 2268 1052 pellerentur:
2303 999 2452 1055 quos
2479 1001 2591 1055 prin
2623 986 2913 1041 anxietate
2948 987 3213 1058 spiritus,
3234 994 3518 1059 quosdam

1874 1073 2056 1138 vivos,
2072 1073 2386 1129 exstinctos
2418 1074 2887 1145 quosdam,alios
2906 1075 3078 1132 etiam
3121 1078 3441 1136 semineces
3461 1079 3526 1138 iu

1876 1165 2068 1214 castra
2099 1162 2515 1231 projiciebant:
2550 1162 2676 1218 alioe
2706 1164 2988 1235 ampliore
3020 1168 3384 1225 abundantes
3415 1168 3524 1225 bu·

1879 1258 2178 1314 inlaudata,
2212 1250 2403 1323 proles
2436 1269 2574 1307 suas
2621 1253 3046 1324 circumplexas,
3080 1272 3181 1327 per
3212 1256 3330 1313 vias
3361 1256 3528 1314 volu-

1878 1342 2175 1409 tabantur,
2203 1351 2258 1397 et
2288 1358 2463 1397 sexus
2491 1342 2683 1398 oblitas
2717 1343 2970 1412 feminei,
3002 1359 3217 1402 arcana
3260 1346 3528 1404 denuda·

1879 1429 2045 1495 bant,
2074 1431 2261 1503 magis
2293 1448 2395 1501 pro
2426 1433 2679 1491 instante
2730 1433 2931 1488 mortis
2965 1433 3222 1504 periculo
3265 1435 3530 1493 sollicita

1878 1535 2051 1591 quam
2087 1527 2151 1577 ut
2180 1522 2344 1578 sexui
2375 1522 2625 1577 debitam
2669 1531 3083 1580 conservarent
3114 1526 3520 1586 reverentiam.

1878 1611 1987 1664 Sed
2015 1616 2074 1666 et
2105 1614 2238 1666 viris
2270 1628 2384 1666 non
2420 1611 2668 1667 multum
2705 1612 2967 1679 proderat
2999 1630 3174 1669 sexus
3207 1616 3522 1678 robustior.

119 1704 212 1762 liis
262 1702 605 1765 uberrimis,
657 1701 909 1773 praedam
961 1702 1199 1770 egentes
1250 1703 1308 1753 et
1357 1697 1684 1768 manubiae,
1713 1699 1771 1752 in
1807 1733 1848 1795 B
1878 1700 1972 1769 qui
2000 1701 2212 1756 sudore
2242 1700 2577 1756 deficientes
2602 1700 2888 1763 etcaloro.
2914 1718 3011 1757 ore
3046 1702 3246 1773 patulo
3276 1710 3333 1760 et
3363 1705 3522 1762 nari-

118 1802 316 1853 castra
364 1791 581 1849 oeversi
614 1801 747 1848 suot
776 1807 902 1846 sua.
933 1788 1523 1845 Cecidissedicuntur
1554 1787 1652 1843 illa
1681 1790 1773 1843 die
1880 1790 1989 1845 bus
2036 1807 2167 1845 aera
2215 1796 2540 1863 captantes,
2593 1798 2795 1849 contra
2849 1793 2977 1848 sitis
3021 1793 3526 1866 importunitatem

118 1888 190 1943 de
222 1884 488 1941 bostium
523 1897 768 1938 numero
796 1880 900 1935 viri
934 1886 1194 1947 potentes
1216 1883 1273 1932 et
1296 1876 1511 1948 inclyti.
1534 1885 1589 1933 et
1618 1878 1770 1946 apud

118 1991 263 2032 suos
298 1974 497 2031 locum
530 1972 850 2027 maximum
883 1967 1234 2031 obtinentes,
1274 1971 1344 2024 ad
1390 1967 1497 2022 tria
1547 1966 1769 2034 millia;

118 2065 190 2121 de
220 2063 444 2120 nostris
489 2076 625 2117 vero
675 2057 1072 2132 popularibus.
1105 2063 1161 2111 et
1213 2056 1376 2128 plebe
1406 2056 1608 2112 infima
1643 2073 1770 2127 pro·

120 2156 327 2212 miscui
378 2167 580 2214 sexus.
612 2163 860 2222 quatuor
906 2146 1126 2203 millia:
1161 2163 1297 2202 nam
1332 2147 1401 2202 de
1451 2146 1774 2216 majoribus

119 2245 271 2300 duos
288 2248 521 2298 tantum
543 2240 623 2296 ibi
654 2239 966 2304 corruisse,
991 2247 1244 2292 veterum
1273 2237 1444 2291 tradit
1468 2239 1770 2292 memoria.

124 2338 457 2406 Pugnatum
491 2336 583 2387 est
612 2327 693 2383 ibi
733 2328 807 2384 ab
841 2327 980 2382 bora
1026 2326 1140 2380 diei
1180 2325 1461 2389 secunda,
1493 2341 1681 2397 usque
1713 2326 1771 2380 in

122 2423 325 2480 boram
356 2426 645 2481 octavam.
669 2419 826 2473 vario
856 2420 1086 2482 eventu,
1118 2415 1214 2470 die
1244 2413 1631 2470 Kalendarum
1661 2415 1771 2470 Ju-

120 2511 356 2576 liarum,
378 2509 600 2565 viribus
620 2505 803 2582 longe·
822 2506 1148 2574 imparibus
1168 2512 1224 2560 et
1247 2520 1488 2559 numero
1522 2504 1772 2561 multum

120 2600 421 2659 dissimili.
472 2598 617 2655 Nam
666 2596 763 2669 qui
829 2594 1236 2650 Solimannum
1293 2595 1475 2649 secuti
1524 2595 1771 2664 fuerant,

118 2696 357 2749 eentum
407 2687 834 2760 quinquaginta
878 2683 1297 2749 milium,solis
1341 2684 1775 2740 connumeratis

120 2782 442 2854 equitibus,
473 2777 823 2832 dicebantur
850 2774 1126 2829 excedere
1167 2787 1497 2828 numerum.
1530 2770 1775 2827 Nostro-

122 2888 244 2927 rum
261 2878 465 2926 autem
485 2869 585 2939 qui
611 2869 922 2938 presentes
945 2863 1044 2918 illo
1068 2863 1123 2916 in
1156 2868 1316 2917 tanto
1336 2861 1656 2918 certamine
1676 2863 1773 2918 de·

123 2960 440 3022 sudarunt,
462 2973 558 3013 vix
579 2956 689 3012 tuit
708 2969 991 3010 numerus
1011 2953 1277 3024 equitum
1302 2954 1369 3008 ad
1402 2949 1585 3007 millia
1606 2953 1778 3024 quin·

124 3052 429 3124 quaginta.
450 3046 702 3105 Obtenta
729 3044 909 3113 igitur
937 3043 1215 3099 divinitus
1246 3049 1405 3098 tanta
1433 3043 1693 3111 victoria,
1714 3050 1773 3098 ut

126 3157 386 3206 saucios,
409 3139 610 3210 aliqua
638 3151 916 3193 concessa
946 3134 1166 3206 requie,
1184 3133 1253 3188 ad
1290 3133 1604 3188 modictum
1631 3131 1776 3188 reso·

125 3235 353 3295 tierent,
387 3227 673 3286 revocatis
693 3224 1020 3281 adinvicem
1050 3224 1423 3293 exercitibus,
1446 3223 1632 3278 tribus
1661 3222 1780 3277 die·

129 3322 237 3378 bus
263 3318 566 3377 continuis
596 3317 655 3372 in
679 3315 822 3373 locis
851 3315 1099 3370 amoenis
1124 3319 1181 3369 et
1206 3314 1439 3385 pascuis
1460 3312 1778 3368 virentibus

130 3427 381 3483 corpora
410 3417 781 3475 curaverunt,
801 3410 861 3462 et
886 3420 1165 3473 equorum
1200 3404 1530 3459 babuerunt
1559 3404 1775 3459 sollici-

128 3503 421 3569 tudinem,
443 3498 503 3554 in
535 3497 695 3554 omni
725 3496 1135 3552 alimentorum
1166 3494 1524 3549 abundantia
1552 3499 1608 3549 et
1643 3492 1777 3549 inss-

130 3593 273 3648 nitis
312 3590 524 3663 copiis,
555 3604 702 3659 quas
750 3586 944 3642 hostes
987 3589 1514 3653 comportaverant,
1546 3587 1604 3638 et
1646 3582 1780 3638 reli-

128 3687 383 3756 querant
418 3678 729 3752 t'ugientes.
761 3675 994 3748 Optime
1024 3691 1085 3730 se
1118 3674 1450 3730 babuerunt
1478 3675 1535 3729 in
1566 3691 1633 3730 eo
1663 3680 1778 3731 tam

126 3769 463 3845 periculoso
480 3767 842 3833 discrimine,
860 3764 1036 3821 nostri
1062 3766 1310 3834 majores
1333 3765 1650 3837 principes3
1675 3765 1777 3821 sed

122 3869 180 3920 et
208 3862 455 3934 quidam
492 3859 563 3915 de
593 3857 1008 3923 mediocribus,
1041 3854 1361 3909 Balduinus
1393 3854 1676 3922 videlicet,
1707 3855 1779 3910 de

125 3953 343 4024 Bur-go,
393 3951 647 4007 Thomas
692 3948 763 4004 de
811 3946 994 4014 Feria,
1028 3944 1339 4000 steinaldus
1396 3945 1467 3998 de
1517 3944 1777 4012 Belvaco,

130 4043 275 4100 Galo
296 4043 373 4098 de
392 4035 1065 4105 calvomonte,Guastus
1094 4038 1162 4089 de
1193 4033 1429 4101 Beders‚
1461 4032 1779 4090 Cbirardus

129 4134 200 4191 dc
221 4129 490 4194 cheresi.
523 4144 827 4202 perennem
870 4127 981 4182 sibi
1013 4124 1256 4197 gloriam
1304 4127 1361 4179 in
1392 4128 1592 4179 eodem
1629 4124 1778 4179 sacto

133 4224 513 4297 pepererunt.
531 4220 608 4276 ab
637 4234 708 4275 ea
727 4218 904 4289 igitur
924 4216 1039 4283 die,
1057 4216 1351 4270 communi
1375 4214 1671 4268 decretum
1693 4216 1782 4268 eet

134 4311 712 4382 consilio,quatenus
741 4310 811 4363 ds
840 4319 1041 4362 castere
1066 4305 1286 4375 June-tis
1317 4302 1671 4375 agminipus,
1697 4301 1783 4357 in-

137 4398 470 4455 dissolubili
503 4396 710 4466 copula
755 4393 931 4450 simul
963 4394 1314 4458 incederent,
1348 4400 1411 4445 ut
1456 4400 1509 4446 et
1540 4392 1783 4448 adversa

138 4489 670 4556 communicarent,
702 4491 760 4541 et
792 4499 1084 4557 prosperis
1111 4488 1499 4539 couterentur.

768 4588 1001 4648 CAPUT
1032 4588 1171 4647 xvt.

139 4687 416 4746 Pisidiam
461 4684 747 4754 inpressae,
776 4698 889 4753 pras
934 4696 1205 4754 aquarum
1248 4678 1440 4750 inopia
1478 4694 1647 4750 supra
1677 4694 1793 4735 mo-

205 4764 343 4816 dum
396 4759 655 4814 laborant
702 4755 955 4828 levium.
1006 4752 1369 4811 Periclitatur
1398 4751 1791 4808 miserabiliter

207 4832 517 4889 exercitus.

208 4939 534 5010 Postquam
564 4934 644 4993 ibi
676 4950 775 5008 per
807 4933 1089 5001 triduum,
1122 4936 1189 4990 ut
1235 4930 1632 5004 praediximus.
1666 4947 1792 4990 mo·

137 5045 265 5086 ram
297 5027 413 5085 sibi
444 5031 508 5083 et
543 5025 711 5099 equis
742 5027 871 5081 suis
917 5025 1169 5079 fecerunt
1210 5022 1556 5084 necessaria.
1578 5021 1790 5078 iterum

140 5119 525 5176 mouentibus
568 5115 749 5170 lituis.
786 5116 853 5169 ad
909 5115 1015 5169 iter
1043 5129 1107 5168 se
1151 5113 1489 5183 accingunt.
1520 5112 1668 5165 viam
1699 5113 1794 5165 in-

137 5214 367 5278 septam
400 5204 831 5262 continuaturi.
856 5201 964 5259 Ubi
1010 5211 1349 5257 transcursa
1398 5202 1668 5256 universa
1697 5199 1793 5256 Bi-

138 5303 365 5372 tbynia,
392 5296 673 5355 Pisidiam
710 5297 957 5370 ingressi
981 5300 1141 5360 sunt,
1166 5293 1300 5346 inde
1330 5294 1433 5346 vias
1466 5297 1792 5362 quierentes

140 5386 514 5461 compendia.
544 5401 686 5442 casu
738 5383 1159 5439 descenderunt
1190 5378 1249 5434 in
1304 5379 1597 5448 regionem
1630 5392 1797 5433 aren-

141 5485 252 5536 tem
277 5485 343 5537 et
382 5479 755 5551 inqauosam,
789 5474 848 5531 in
896 5490 1016 5547 qua
1049 5478 1107 5529 et
1144 5467 1358 5527 caloris
1403 5468 1794 5539 immoderati,

140 5569 381 5646 qudem
409 5567 563 5628 solet
588 5567 802 5624 ardens
826 5563 1031 5623 Julius
1059 5560 1415 5632 ministrare,
1446 5562 1505 5617 et
1532 5557 1666 5617 sitis
1682 5557 1793 5616 im·

1877 1880 2234 1951 quaerebant,
2286 1881 2437 1950 quod
2490 1881 2749 1937 invenire
2790 1898 2903 1937 non
2942 1888 3225 1952 poterant,
3260 1884 3526 1941 humoris

1879 1970 2214 2026 remedium.
2238 1968 2353 2025 Nec
2376 1973 2564 2024 solum
2592 1971 2855 2026 nomines·
2878 1970 2968 2026 bis
2993 1977 3175 2027 tantus
3201 1980 3366 2029 erant
3389 1974 3527 2031 sub-

1867 2057 2007 2129 jecti
2044 2060 2317 2131 periculis
2339 2078 2355 2127 ς
2380 2076 2576 2115 verum
2600 2071 2648 2114 et
2676 2060 2947 2130 jumenta
2971 2060 3247 2129 deputata
3277 2063 3526 2122 sarcinis

1877 2154 1937 2203 et
1963 2147 2076 2203 alia
2103 2147 2375 2218 quaelibet
2408 2149 2793 2203 animantium
2824 2165 3053 2220 genera,
3080 2152 3348 2207 arefactis
3375 2155 3522 2210 inte-

1876 2237 2130 2292 rioribus
2151 2243 2207 2293 et
2228 2237 2501 2293 vitalibus
2529 2237 2886 2303 interclusis,
2912 2256 3018 2294 sua
3039 2240 3329 2312 negabant
3351 2240 3525 2300 obse·

1877 2328 2008 2397 quia
2034 2326 2170 2393 3sed
2203 2343 2306 2382 nec
2325 2329 2529 2382 avibus
2551 2326 2832 2395 delicatis,
2858 2345 3105 2398 quarum
3134 2329 3325 2399 praeda
3346 2335 3403 2386 et
3422 2346 3526 2389 vo-

1876 2415 1995 2472 latu
2030 2419 2177 2472 solet
2208 2421 2452 2473 recreari
2487 2418 2783 2486 nobilitas,
2812 2417 2978 2487 nisis,
2998 2418 3283 2485 videlicet,
3317 2421 3526 2490 accipi·

1877 2509 2064 2563 tribus
2095 2517 2149 2562 et
2181 2507 2458 2570 herodiis,
2495 2509 2764 2577 proderat
2792 2524 2932 2562 cura
2970 2508 3367 2575 dominorum,
3400 2508 3530 2578 qui-

1877 2597 1987 2653 bus
2018 2598 2171 2652 inter
2203 2612 2413 2652 manus
2460 2595 2664 2652 flatum
2706 2596 2935 2652 vitalem
2988 2597 3314 2654 exulabant.
3347 2596 3524 2654 Catu·

1877 2683 1918 2740 li
1952 2702 2177 2757 quoque
2212 2688 2449 2741 naribus
2476 2702 2715 2756 sagaces
2746 2697 2797 2742 et
2831 2686 2946 2754 apti
2978 2687 3303 2755 venatibus,
3338 2687 3527 2744 domi·

1878 2792 2086 2832 norum
2120 2775 2361 2837 deliciae.
2387 2775 2601 2831 relictis
2626 2775 2880 2831 dominis
2907 2776 3124 2847 quibus
3155 2774 3404 2833 fideliter
3427 2776 3528 2833 ad-

1878 2864 2096 2921 haerere
2119 2866 2909 2925 consueverant.anbelantes
2928 2875 2985 2920 et
3008 2866 3293 2921 sitibundi
3316 2865 3527 2937 passim

1879 2968 1982 3025 per
2010 2954 2131 3008 vias
2162 2953 2507 3009 detis-iebant
2547 2970 2561 3010 ε
2597 2956 2867 3026 quo-ique
2899 2953 2991 3009 his
3035 2955 3307 3011 omnibus
3359 2955 3531 3029 longe

1886 3050 2012 3100 erat
2034 3042 2588 3116 periculosius,equi
2627 3042 2824 3098 tideles
2855 3044 3180 3114 praeliorum
3206 3051 3529 3114 consortes,

1886 3139 1944 3189 et
1975 3135 2031 3187 in
2064 3133 2281 3204 quibus
2312 3136 2379 3188 de
2429 3133 2657 3203 propria
2688 3133 2876 3187 salute
2907 3132 3162 3189 dominis
3196 3135 3375 3190 multa
3412 3136 3535 3190 erat

1889 3222 2125 3289 fiducia,
2153 3223 2370 3294 quique
2392 3234 2445 3277 et
2474 3224 2630 3278 calco
2649 3231 2702 3277 et
2724 3223 2995 3278 dontinus
3022 3239 3186 3279 suam
3224 3224 3385 3289 prius
3408 3239 3537 3296 pro-

1886 3315 2253 3369 testabentur
2279 3311 2631 3383 superbiam,
2666 3319 2906 3383 urgente
2936 3313 3068 3368 sitis
3096 3318 3154 3369 et
3182 3313 3391 3370 caloris
3421 3316 3536 3370 im-

1889 3403 2169 3459 moderati
2203 3402 2485 3474 periculo,
2510 3400 2674 3469 quasi
2706 3402 2839 3457 vilia
2871 3402 3218 3459 deficiebant
3257 3403 3535 3475 subjuga-

1887 3491 1985 3547 lia.
2006 3491 2261 3547 Tandem
2287 3489 2604 3545 omnibusa
2635 3494 2793 3545 tanta
2816 3506 3100 3561 aquarum
3126 3491 3533 3547 laborantibus

1892 3581 2112 3653 inopia,
2162 3580 2617 3636 misericorditer
2666 3580 2853 3633 adfuit
2904 3586 3065 3650 pater
3115 3580 3537 3636 misericordia·

1888 3688 2020 3727 rum
2052 3679 2111 3728 et
2141 3670 2295 3725 Deus
2326 3671 2503 3724 totius
2534 3666 2964 3723 consolationis.
2994 3667 3139 3723 Nam
3173 3669 3269 3723 diu
3304 3676 3535 3739 optatus

1889 3768 1948 3818 et
1974 3760 2250 3830 quaesitus
2277 3757 2523 3812 multum
2550 3757 2819 3811 inventus
2849 3763 2938 3812 est
2969 3755 3217 3812 fluvius:
3251 3758 3321 3811 ad
3358 3772 3533 3827 quem

1892 3848 2306 3923 pervenientes.
2327 3863 2439 3914 pras
2463 3845 2642 3900 nimio
2666 3845 2954 3901 desidi-rio
2972 3847 3233 3899 certatim
3260 3844 3331 3900 sd
3351 3860 3538 3916 aquas

1891 3946 2237 4013 properatin
2275 3936 2394 3996 ubi.
2429 3941 2650 4002 reperta
2697 3950 2983 4004 aquarum
3019 3949 3123 4005 pro
3173 3933 3319 3989 votis
3348 3934 3536 4005 copia,

1888 4027 2127 4084 bibendi
2173 4025 2407 4080 modum
2456 4023 2821 4092 excedentes,
2852 4023 2909 4079 in
2960 4022 3184 4090 gravius
3227 4024 3543 4082 descende·

1890 4122 2030 4174 runt
2053 4113 2395 4188 periculum,
2426 4112 2571 4168 Nam
2609 4112 2803 4184 plures
2833 4116 2937 4185 qui
2968 4114 3095 4168 sitis
3136 4113 3541 4170 discriminem

1885 4214 2204 4270 evaserant,
2235 4204 2385 4259 sicut
2416 4205 2473 4258 in
2503 4202 2719 4258 talibus
2764 4205 2912 4259 solet
2957 4202 3241 4272 accidere,
3273 4202 3546 4261 aviditate

1891 4307 2080 4370 potus,
2114 4296 2351 4350 modum
2402 4309 2515 4348 non
2560 4298 2859 4364 ponentes,
2895 4299 3140 4348 mortem
3176 4309 3347 4365 quam
3398 4309 3543 4351 eva-

1891 4387 2042 4443 sisse
2066 4385 2432 4448 videbantur,
2458 4383 2516 4439 in
2541 4399 2828 4455 aquarum
2861 4389 3198 4454 repererunt
3216 4383 3540 4455 opulentia.

1817 4511 1864 4576 D
1900 4479 2015 4536 Nec
2064 4477 2257 4535 solum
2308 4479 2379 4533 de
2430 4477 2787 4538 bominibus,
2819 4492 3019 4531 verum
3053 4482 3111 4530 et
3157 4473 3230 4530 de
3252 4472 3545 4545 jumentis

1907 4570 2091 4627 multa
2122 4585 2188 4625 eo
2218 4584 2356 4624 casu
2388 4566 2742 4624 ceciderunt.
2765 4564 3022 4622 Tandem
3050 4582 3203 4635 vero,
3226 4563 3548 4634 opitulante

1902 4661 2173 4723 Domino,
2201 4658 2289 4714 his
2309 4657 2486 4729 erepti
2523 4656 2813 4728 periculis,
2837 4657 2893 4710 in
2928 4655 3221 4728 regionem
3254 4652 3548 4722 copiosam

1905 4750 2047 4808 satis
2078 4755 2134 4805 et
2164 4751 2424 4814 uberem,
2458 4746 2617 4814 rivis,
2647 4746 2987 4803 nemoribus
3026 4748 3083 4799 ot
3114 4740 3341 4812 pascuis
3369 4755 3549 4798 amm-

1906 4840 2202 4897 nissimam
2226 4836 2858 4907 descenderunt31uxta
2871 4832 3236 4890 Antiochiam
3262 4832 3550 4887 minorem

1901 4947 2038 5003 quae
2069 4929 2352 4998 praedictae
2384 4927 2611 4982 Pisidiae
2648 4923 2985 4996 metropolis
3007 4939 3136 4979 esse
3162 4920 3549 4994 dignoscitur,

1903 5019 1958 5076 iu
1991 5018 2140 5074 locis
2169 5018 2403 5089 pascuis
2434 5015 2854 5073 castrametati.

2513 5121 2750 5179 CAPUT
2782 5122 2955 5179 xvn.

1898 5215 2238 5275 Dividmntur
2266 5217 2333 5269 ab
2360 5212 2593 5269 invicem
2622 5213 2849 5282 quidam
2871 5214 2935 5267 de
2967 5209 3334 5278 principibus,
3365 5215 3415 5262 et
3442 5205 3549 5263 cir·

1971 5291 2334 5354 curniaeeutes
2383 5286 2647 5341 neure-unt
2698 5289 2966 5355 reqiones.
3004 5285 3128 5339 Dux
3144 5298 3267 5339 cum
3298 5295 3428 5337 urso
3455 5279 3550 5334 di-

1968 5363 2180 5416 micam
2209 5375 2344 5430 pene
2374 5360 2682 5415 occiditur.

1974 5467 2077 5523 uio
2107 5467 2357 5536 primum
2389 5466 2627 5539 quidam
2659 5463 2731 5520 de
2783 5459 3147 5537 principibus
3177 5459 3439 5518 studiose
3475 5454 3550 5515 ab

1901 5557 2160 5616 exercitu
2206 5553 2465 5630 separati
2504 5558 2667 5625 sunt,
2718 5567 2986 5614 seorsum
3030 5549 3411 5626 particulares
3438 5552 3558 5608 tra·
