3784 6000
1113 243 1320 307 Hts'r.
1369 245 1647 308 RERUM
1689 245 2233 309 TRANSMARIN.
2283 281 2361 294 -
2404 247 2547 312 Lm.
2591 249 2663 313 V.

3479 259 3599 322 346

185 381 396 440 urbem
417 379 769 454 precipiunt
786 378 1086 450 custodiri,
1109 395 1312 438 eorum
1340 396 1468 454 quai
1500 398 1536 439 a
1564 380 1834 452 praedicto
1862 381 1921 452 Α
1949 382 2330 442 mandaretur
2357 384 2644 443 sententia
2673 402 2687 442 ε
2720 402 2856 445 cum
2895 389 2968 446 de
2997 389 3344 464 complendo
3393 395 3597 451 eadem

179 470 304 528 viro
335 472 744 528 tractabantur
769 469 1016 538 occulte,
1051 469 1287 543 penitus
1332 471 1544 544 ignari.
1579 470 1702 543 lpse
1733 487 1842 528 au-

181 563 298 617 tem
331 559 530 618 sciens
578 560 733 632 quod
775 560 835 616 in
889 558 1154 632 proximo
1184 576 1275 616 res
1323 563 1480 618 esset
1517 559 1839 617 maximam

184 649 581 707 mutationem
627 647 917 718 subitura,
949 647 1215 706 sedulum
1247 664 1307 705 se
1345 648 1501 722 gerit
1545 650 1842 722 quomodo

185 736 428 796 interim
460 739 820 812 propositum
857 737 1218 810 impleretur,
1251 745 1562 810 antequam
1616 738 1835 811 aliquid

185 834 522 886 occurreret
553 827 977 901 impedimenti.

811 934 1050 992 CAPUT
1077 934 1224 993 x1x.

185 1023 428 1094 Quantis
456 1027 731 1096 anqustiis
753 1024 1004 1094 fidelium
1075 1026 1292 1097 opulas,
1323 1025 1421 1096 qui
1451 1024 1512 1078 in
1540 1023 1674 1080 arbe
1696 1034 1834 1091 erat,

251 1100 651 1180 prementum
707 1105 759 1153 et
821 1112 1019 1168 quomo
1058 1112 1088 1153 o
1150 1101 1358 1167 straoes
1411 1098 1488 1152 eis
1558 1094 1838 1152 destinata

253 1171 492 1241 quievit.

249 1273 440 1332 Porro
457 1274 613 1333 cives
632 1275 706 1332 ab
733 1274 862 1348 ipso
883 1275 1069 1348 primo
1109 1278 1441 1332 nostrorum
1481 1273 1743 1342 introitu,
1767 1289 1837 1329 ex

181 1377 298 1433 quo
327 1361 492 1420 eirca
523 1362 726 1419 urbem
775 1361 964 1420 locata
989 1367 1074 1420 est
1112 1362 1362 1430 obsidio,
1388 1365 1692 1435 suspectos
1736 1360 1837 1417 ha·

180 1449 442 1510 buerunt
479 1451 727 1522 Graecos,
757 1452 934 1524 Syros
980 1456 1039 1510 et
1083 1451 1409 1519 Armenios,
1439 1455 1498 1508 et
1537 1449 1679 1508 alios
1727 1465 1836 1507 cu-

173 1540 516 1613 juscunque
561 1539 812 1613 generis,
858 1541 1201 1599 Christianae
1270 1540 1405 1598 fidei
1458 1541 1831 1614 professores·

181 1628 343 1686 Unde
374 1628 580 1686 statim
625 1644 725 1686 eos
773 1630 875 1702 qui
907 1629 1202 1687 tenuiores
1251 1633 1437 1698 erant,
1470 1645 1577 1686 nec
1621 1627 1730 1685 sibi
1781 1633 1838 1686 et

181 1716 483 1774 familiolis
530 1717 656 1774 suis
687 1721 955 1789 poteraut
990 1717 1280 1786 sufficere,
1308 1717 1527 1774 victum
1558 1732 1736 1788 penes
1763 1731 1827 1774 se

182 1805 471 1864 habentes
515 1807 903 1864 necessarium
951 1811 1113 1865 extra
1168 1810 1370 1864 urbem
1430 1807 1705 1877 fecerant,
1754 1822 1828 1863 ne

186 1895 314 1952 urbi
344 1899 547 1954 essent
574 1895 773 1966 oneri3
805 1895 948 1954 solis
977 1897 1277 1965 divitibus,
1308 1897 1484 1968 etqui
1516 1896 1710 1967 ampla
1733 1896 1830 1952 ha-

181 1984 404 2043 bebant
423 1984 795 2057 patrimonia,
815 1989 873 2043 et
911 1985 1190 2044 alimenta
1229 2002 1402 2058 penes
1447 2002 1511 2043 se
1555 1984 1830 2043 domibus

182 2073 699 2143 suissufflcientia,
731 2074 991 2132 retentis.
1025 2074 1143 2132 llos
1190 2076 1367 2134 etiam
1415 2075 1597 2132 tantis
1645 2090 1828 2147 anga-

181 2164 285 2221 riis
314 2161 665 2235 affligebant
693 2168 751 2223 et
779 2164 1233 2238 parangariis,ut
1264 2163 1472 2222 melius
1500 2179 1632 2222 esse
1657 2163 1827 2222 vide-

181 2260 340 2311 retur
369 2251 467 2310 his
513 2269 663 2325 quos
692 2254 765 2310 ab
804 2253 949 2311 urbe
986 2253 1350 2327 depulerant,
1384 2269 1561 2327 quam
1615 2252 1828 2326 quibus

177 2359 280 2416 pro
293 2359 537 2399 summo
551 2342 829 2400 beneflcio
845 2343 1006 2400 urbis
1022 2343 1381 2401 indulserant
1393 2343 1825 2401 habitationem.

182 2432 330 2490 Nam
363 2435 424 2488 et
455 2430 812 2502 pecuniarias
841 2432 924 2489 eis
952 2434 1162 2505 saepius
1184 2431 1547 2506 inmigebant
1592 2431 1826 2502 multas,

179 2521 232 2580 id
263 2521 432 2595 quod
468 2521 679 2580 habere
708 2522 1054 2581 videbantur
1072 2523 1351 2583 violenter
1378 2527 1788 2597 extorquentes
1812 2545 1828 2593 ς

176 2618 231 2671 et
259 2613 337 2671 ad
368 2613 648 2686 quaelibet
673 2615 910 2672 sordida
942 2630 1187 2674 munera
1223 2619 1281 2672 et
1308 2630 1483 2672 onera
1511 2613 1704 2671 civilia
1732 2630 1829 2670 ra-

179 2702 424 2776 piebant
464 2703 702 2761 invitos.
731 2704 876 2760 Nam
905 2705 959 2762 si
1001 2705 1288 2778 erigendae
1336 2708 1501 2761 erant
1548 2702 1831 2760 machinae

180 2798 278 2850 aut
309 2792 590 2850 immensi
625 2793 897 2866 ponderis
929 2794 1343 2852 transferendae
1385 2794 1597 2861 trabes,
1631 2793 1830 2850 statim

181 2884 240 2939 id
271 2880 365 2940 eis
395 2882 661 2940 muneris
679 2882 1122 2957 injungebatur.
1145 2884 1456 2958 Hilapides
1476 2887 1535 2942 et
1555 2886 1834 2941 caementa

181 2976 240 3030 et
257 2988 682 3047 quamcunque
698 2975 1003 3033 materiam
1030 2976 1101 3033 ad
1132 2991 1282 3049 opus
1312 2974 1693 3034 aediticiorum
1725 2989 1836 3032 ne-

181 3064 512 3121 cessariam
551 3065 924 3122 circumferre
952 3065 1487 3138 compellebantur;
1519 3065 1582 3122 hi
1604 3065 1836 3138 ,iacula-

1859 1753 1909 1820 Β
1940 1744 2109 1801 Juxta
2144 1745 2439 1802 consilium
2483 1747 2734 1818 praedicti
2776 1752 2906 1818 viri,
2947 1753 3218 1810 exercitus

1949 475 2118 528 nocte
2147 474 2364 531 nostris
2397 475 2713 547 proposito,
2745 476 2897 534 inter
2945 479 3250 537 dominum
3307 482 3601 539 Boamun-

1949 560 2093 616 dum
2123 564 2180 618 et
2209 562 2544 633 praedictum
2576 564 2945 625 Emirfeirum
2976 575 3322 629 convenerat
3344 590 3357 640 ;
3381 577 3437 629 et
3465 589 3601 646 pro*

1948 648 2061 706 fixo
2091 650 2281 708 luerat
2326 656 2611 709 statutum
2664 659 2745 722 ut,
2778 657 2934 728 quod
2988 656 3242 716 multum
3275 665 3415 718 ante
3441 661 3596 719 inter

1946 755 2047 796 eos
2066 744 2414 813 conceptum
2432 742 2636 812 fuerat,
2666 744 3082 818 adimpleretur
3104 765 3120 818 ;
3145 750 3325 821 quod,
3355 755 3592 809 auctore

1947 828 2217 899 Domino,
2233 830 2451 888 factum
2474 836 2583 888 est.
2600 832 2764 889 Unde
2803 835 3014 891 accidit
3031 837 3184 908 quod
3201 838 3400 895 eadem
3421 844 3593 897 nocte

1947 917 2163 975 nostris
2209 919 2411 976 urbem
2454 923 2897 995 occupantibus,
2928 940 3031 995 pro
3080 927 3264 984 excito
3314 929 3593 1000 tumultu,

1947 1008 2198 1077 maiores
2246 1007 2494 1066 civitatis
2542 1011 2740 1069 minus
2790 1013 2924 1069 facti
2952 1019 3092 1071 sunt
3137 1015 3371 1073 solliciti
3397 1038 3412 1087 ;
3447 1018 3590 1076 nihil

1946 1094 2105 1152 aliud
2135 1097 2485 1156 arbitrantes
2509 1101 2668 1157 urbis
2700 1104 3009 1175 strepitum
3040 1104 3390 1178 significare,
3412 1122 3590 1179 quam

1944 1183 2003 1240 id
2035 1187 2186 1258 quod
2216 1186 2277 1243 in
2307 1188 2671 1249 Christianos
2701 1191 2963 1250 concives
3013 1200 3404 1268 praeceperant
3431 1212 3595 1254 exer-

1944 1276 2081 1333 ceri.
2115 1275 2277 1334 Unde
2298 1282 2358 1335 et
2385 1279 2526 1336 urbe
2555 1278 2829 1337 violenter
2857 1283 3113 1355 effracta,
3141 1284 3197 1340 in
3231 1284 3508 1342 domibus
3530 1286 3596 1342 ll·

1945 1365 2163 1425 delium
2210 1370 2421 1442 reperti
2461 1375 2601 1428 sunt
2629 1373 2698 1428 de
2744 1372 3014 1430 hostibus
3057 1377 3459 1449 quamplures,
3492 1376 3593 1448 qul

1944 1455 2016 1512 ad
2052 1456 2160 1514 hoc
2186 1457 2594 1526 {convenerant
2626 1465 2710 1528 ut,
2741 1462 2916 1519 sicuti
2962 1463 3047 1521 eis
3097 1465 3424 1537 injunctum
3469 1465 3593 1525 fue·

1945 1551 2055 1615 rat,
2088 1546 2354 1605 incautos
2383 1555 2619 1623 repente
2650 1552 3002 1610 occiierent.

2568 1658 2804 1717 CAPUT
2843 1661 2966 1718 XX.

3277 1754 3343 1810 de
3387 1754 3593 1812 castris

2223 1818 2527 1891 eqreditur,
2554 1822 2704 1878 eirca
2727 1831 2936 1880 noctem
2963 1840 3301 1882 reversurus.

2014 1906 2201 1979 lgItur
2226 1907 2379 1964 circa
2408 1908 2604 1966 horam
2647 1927 2881 1982 nonam,
2915 1913 3098 1970 missa
3126 1929 3263 1971 voce
3303 1914 3592 1986 preconia

1940 2011 2044 2069 per
2072 2000 2398 2056 castrorum
2430 2000 2735 2069 ambitum,
2761 2001 3012 2059 edicitur
3040 2002 3271 2075 publice
3301 2002 3589 2059 universis

1938 2085 2009 2142 de
2037 2087 2295 2158 equestri
2326 2088 2549 2159 ordine,
2575 2097 2868 2160 quatenus
2899 2092 3108 2150 armati
3141 2108 3361 2159 omnes,
3393 2093 3586 2163 majo-

1940 2191 2033 2233 res
2097 2180 2420 2249 sequantur
2468 2178 2780 2253 principes,
2813 2181 2870 2237 id
2921 2183 3076 2253 quod
3124 2181 3209 2239 eis
3253 2182 3583 2254 injunctum

1941 2264 2136 2332 fuerit,
2168 2266 2296 2321 sine
2334 2282 2498 2323 mora
2543 2270 2887 2327 exsecuturi.
2912 2273 3049 2327 Erat
3086 2274 3279 2328 autem
3328 2287 3445 2327 non
3488 2287 3585 2328 so-

1940 2351 2063 2408 lum
2088 2351 2253 2424 plebs
2272 2353 2449 2426 hujus
2473 2355 2678 2427 ignara
2698 2359 2924 2427 secreti,
2943 2375 3144 2415 verum
3174 2359 3350 2415 etiam
3381 2358 3585 2431 paucis

1940 2456 2010 2497 ex
2039 2443 2359 2513 majoribus
2407 2445 2726 2502 revelatum
2756 2451 2884 2504 erat
2934 2446 3042 2503 hoc
3073 2448 3437 2520 mysterium.
3472 2447 3585 2502 Fa-

1940 2532 2099 2586 ctum
2130 2536 2221 2589 est
2252 2533 2433 2606 igitur
2463 2538 2547 2602 ut,
2570 2535 2739 2606 juxta
2787 2536 3090 2608 prudentis
3118 2536 3224 2592 viri
3245 2535 3579 2596 consilium.

1938 2635 2184 2693 egressio
2215 2639 2249 2678 a
2278 2625 2487 2681 castris
2530 2626 2811 2682 universae
2836 2627 3095 2698 equitum
3142 2628 3341 2699 copim,
3373 2624 3584 2698 princi·

1941 2727 2082 2783 pum
2131 2718 2343 2769 secutis
2389 2713 2618 2780 vexilla,
2670 2713 2906 2787 longius
2953 2732 3013 2773 se
3058 2716 3218 2773 abire
3267 2715 3579 2783 finxerunt,

1942 2814 2251 2873 quousque
2279 2818 2392 2858 nox
2422 2802 2653 2860 irruens
2680 2806 2851 2861 terris
2871 2804 3105 2862 solitam
3132 2805 3364 2861 induxit
3388 2803 3586 2875 caligi-

1943 2904 2118 2958 nem;
2150 2906 2267 2962 qua
2304 2891 2597 2960 occultati,
2637 2893 2788 2950 clam
2820 2897 2875 2950 et
2922 2895 2985 2950 iu
3016 2893 3251 2951 silentio
3291 2894 3363 2951 ad
3396 2897 3587 2950 castra

1944 2978 2085 3033 sunt
2113 2977 2347 3036 reversi.
2372 2977 2518 3036 Huic
2547 2987 2737 3037 autem
2768 2980 2890 3038 viro
2929 2980 3053 3050 Dei,
3079 2982 3181 3053 qui
3230 2984 3452 3037 tantum
3484 2995 3589 3036 no·

1948 3066 2088 3125 stris
2110 3067 2362 3123 favorem
2391 3068 2734 3137 contulerat,
2757 3070 2932 3127 frater
2959 3074 3086 3128 erat
3115 3071 3394 3140 uterinus,
3418 3069 3590 3141 longe

185 3153 360 3210 toriis
389 3154 567 3211 etiam
599 3154 910 3222 machinis,
943 3156 1194 3213 molares
1222 3155 1324 3228 qui
1354 3160 1510 3214 extra
1544 3154 1839 3213 mittet-en·
1867 3131 1914 3201 C
1949 3155 2192 3213 alterius
2239 3157 2456 3214 mentis
2494 3163 2554 3215 et
2598 3158 2848 3232 disparis
2897 3160 3215 3234 propositi;
3249 3160 3343 3216 eui
3390 3160 3588 3227 trater,

186 3248 288 3301 tur
319 3243 662 3301 tenebantur
688 3243 1062 3314 ministrare;
1090 3250 1147 3302 et
1176 3245 1417 3303 funibus
1446 3245 1662 3318 quibus
1678 3248 1842 3301 extra

183 3333 742 3406 contorquebantur
788 3334 1090 3405 inservire,
1124 3351 1228 3408 pro
1271 3334 1511 3392 arbitrio
1542 3334 1839 3408 prefecto·

185 3439 323 3480 rum
349 3422 480 3480 sine
499 3422 955 3495 intermissione,
978 3423 1141 3481 nulla
1169 3425 1304 3482 data
1323 3425 1837 3497 requie,cogeban·

181 3518 304 3570 tur.
337 3512 586 3571 Domum
615 3529 770 3581 vero,
793 3518 1104 3587 postquam
1125 3515 1390 3586 injuncta
1418 3515 1533 3571 sibi
1555 3513 1836 3585 obsequia

185 3605 441 3662 fideliter
467 3610 526 3662 et
563 3605 766 3663 devote
813 3605 1263 3678 compleverant,
1292 3605 1569 3679 colaphos
1619 3609 1677 3664 et
1711 3621 1838 3662 ver-

183 3695 328 3751 bera
356 3696 757 3767 reportabant,
781 3710 887 3768 pro
915 3696 1183 3753 mercede
1212 3695 1472 3769 indignis
1493 3694 1685 3754 affecti
1705 3710 1842 3753 con-

183 3782 470 3841 tumeliis.
513 3784 630 3842 Nee
677 3783 1009 3842 sufficiebat
1054 3784 1163 3842 hoc
1209 3784 1538 3845 immundis
1595 3785 1837 3842 canibus

186 3888 445 3947 quorum
465 3872 723 3930 violenta
743 3872 1142 3930 dominatione
1171 3873 1587 3945 premebantur
1608 3893 1625 3943 ς
1650 3875 1750 3931 sed
1775 3877 1839 3930 ut

187 3962 524 4021 inauditam
564 3961 926 4035 complerent
970 3962 1278 4032 malitiam,
1311 3967 1441 4021 octo
1471 3963 1700 4033 diebus,
1731 3977 1834 4019 an·

187 4055 427 4125 tequam
458 4049 860 4122 supradictum
906 4050 1118 4119 virum,
1150 4054 1216 4108 ut
1273 4051 1668 4124 praediximus,
1698 4054 1839 4108 tan-

185 4156 365 4214 quam
412 4142 754 4212 suspectum
801 4140 1234 4211 convenierent,
1268 4139 1512 4197 consilio
1558 4141 1837 4197 secretius

187 4231 412 4299 habito,
438 4230 739 4289 universos
767 4234 1053 4303 quotquot
1081 4230 1141 4286 in
1164 4230 1306 4288 urbe
1335 4230 1675 4287 habitabant
1695 4231 1836 4289 lide·

1943 3244 2224 3317 quoniam
2255 3245 2328 3301 de
2358 3246 2489 3317 ejus
2520 3263 2636 3304 non
2664 3248 2915 3305 multum
2947 3248 3332 3322 praesumebat
3349 3245 3592 3305 sinceri·

1940 3338 2081 3405 tate,
2106 3334 2249 3391 nibil
2282 3336 2488 3393 secreti
2518 3337 2611 3393 sui
2641 3339 3208 3409 communicaverat3
3243 3338 3368 3407 sed,
3391 3352 3593 3407 suspe-

1942 3426 2101 3481 ctum
2140 3422 2364 3483 habens
2414 3441 2574 3493 eum,
2604 3435 2892 3499 quantum
2942 3432 3187 3501 poterat,
3229 3428 3591 3500 propositum

1942 3511 2275 3571 occultabat
2331 3530 2527 3572 suum.
2556 3517 2786 3573 Accidit
2832 3522 3031 3575 autem
3079 3519 3283 3573 eadem
3316 3517 3589 3587 die,tlum

1940 3606 2152 3664 nostrie
2182 3603 2339 3662 circa
2366 3605 2567 3662 horam
2611 3622 2827 3662 nonam
2870 3607 3283 3679 egrederentur
3314 3605 3591 3677 legiones.

1940 3692 2100 3767 quod
2129 3694 2305 3751 ambo
2344 3694 2549 3750 fratres
2581 3694 2773 3765 juncti
2813 3695 3138 3751 adinvicem
3168 3710 3269 3767 per
3298 3693 3591 3751 cancellos

1943 3798 2266 3850 murorum,
2299 3787 2488 3840 castra
2529 3783 2929 3855 prospicerent
2957 3788 3014 3841 et
3067 3782 3419 3855 egredientia
3456 3797 3595 3839 oon·

1940 3875 2246 3929 tuerentur
2279 3871 2550 3943 agmina3
2584 3872 2889 3930 laborabat
2926 3878 3121 3930 autem
3172 3875 3350 3929 frater
3394 3870 3592 3929 senior

1936 3960 2190 4032 junioris
2219 3976 2395 4019 nosse
2432 3963 2795 4034 propositum
2827 3966 2885 4020 et
2913 3963 3041 4035 ejus
3073 3960 3431 4019 voluntatem
3455 3958 3589 4017 dili-

1941 4053 2143 4124 genter
2169 4049 2478 4122 indagare;
2508 4053 2662 4109 unde
2701 4066 2964 4120 exorsus,
2998 4052 3070 4108 ad
3122 4052 3356 4109 fratrem
3389 4050 3536 4108 dixit
3569 4066 3585 4107 ε

1943 4138 2231 4208 Misereor,
2261 4141 2434 4211 fratre
2466 4142 2570 4210 mi,
2598 4141 2802 4214 populo
2827 4143 2960 4199 haic
2993 4148 3201 4198 nostrae
3228 4138 3585 4214 professionis

1939 4232 2194 4301 qratiam
2221 4236 2278 4286 et
2304 4230 2467 4302 fidem
2494 4236 2801 4299 consecuto,
2832 4231 2926 4288 eui
2953 4239 3074 4289 tam
3101 4231 3309 4287 subitus
3354 4236 3588 4304 paratur

183 4320 292 4392 les,
327 4320 524 4378 subito
551 4323 608 4377 et
636 4321 708 4378 de
740 4324 909 4378 nocte
936 4319 1199 4378 occidere
1228 4320 1642 4389 decreverunt;
1678 4321 1832 4393 quod
1942 4321 2200 4376 interitus
2231 4337 2246 4388 ;
2289 4322 2517 4391 iqnarus
2552 4322 2701 4378 enim
2748 4322 2879 4395 quid
2922 4323 3166 4379 crastina
3208 4321 3402 4393 pariat
3448 4319 3583 4389 dies,

182 4409 304 4468 nisi
339 4424 444 4483 per
471 4411 785 4483 quemdam
817 4426 1098 4482 magnum
1130 4420 1188 4467 et
1208 4409 1549 4483 prudentem
1580 4408 1836 4468 civitatis
1938 4423 2163 4465 securas
2190 4409 2484 4482 eyreditur,
2502 4414 2555 4467 et
2585 4411 2743 4483 quasi
2763 4412 2921 4468 rebus
2946 4413 3004 4467 in
3048 4414 3164 4467 tuto
3195 4411 3406 4479 locatis,
3435 4408 3583 4465 nihil

183 4500 534 4574 principem,
555 4501 656 4574 qui
680 4517 744 4559 se
759 4516 903 4573 uper
930 4499 1277 4559 Christianis
1307 4515 1370 4558 se
1392 4501 1645 4559 amicum
1663 4501 1830 4559 exhi·
1858 4506 1906 4572 Ι)
1936 4500 2133 4555 timere
2151 4499 2387 4562 videtur:
2403 4516 2588 4557 veram
2606 4502 2657 4558 si
2676 4502 2841 4559 sciret
2860 4504 3076 4574 quantae
3098 4498 3217 4557 tttae
3244 4503 3585 4569 praestruan-

184 4590 413 4657 haeret,
427 4594 559 4648 octo
581 4590 804 4649 dierum
826 4593 897 4649 ad
917 4591 977 4648 id
997 4591 1434 4664 complendum,
1456 4590 1659 4648 invitis
1678 4591 1833 4666 aliis,
1944 4597 2041 4647 tar
2084 4589 2323 4658 insidiae,
2355 4597 2407 4647 et
2456 4597 2666 4662 quanta
2708 4593 2770 4647 in
2824 4592 3077 4662 proximo
3131 4605 3322 4647 eoram
3356 4595 3586 4659 paretur

180 4680 332 4737 dato
363 4680 616 4738 fuissent
662 4680 931 4750 inducite,
965 4680 1167 4755 procul
1198 4681 1359 4738 omni
1407 4681 1612 4748 dubio,
1637 4681 1834 4740 missis
1943 4681 2133 4746 ruina,
2152 4680 2301 4750 sorte
2317 4680 2479 4737 aliter
2504 4681 2613 4737 sibi
2640 4680 2967 4751 provideret.
2999 4679 3104 4736 Cui
3135 4678 3308 4734 irater
3339 4676 3583 4744 :Statum

183 4769 662 4843 spiculatoribus,
695 4770 856 4828 illius
885 4775 1004 4827 tam
1036 4770 1346 4843 perniciosi
1391 4771 1830 4829 exsecutoribus
1941 4769 2153 4841 inquit,
2176 4769 2551 4826 sollicitudine
2578 4770 2911 4827 consumeris
2936 4773 2987 4825 et
3009 4768 3311 4825 indiscreta
3328 4781 3585 4837 eompas-

181 4857 436 4927 consilii,
472 4859 673 4917 eadem
705 4865 872 4918 nocte
900 4859 1192 4931 universal
1215 4859 1681 4935 fideliumlturba
1707 4860 1831 4935 gla-

181 4950 285 5005 dio
306 4949 631 5008 cecidisset.
667 4951 918 5024 Recepta
947 4953 1144 5008 autem
1173 4950 1357 5008 luerat
1385 4967 1452 5008 eo
1483 4951 1702 5009 intuitu
1729 4966 1832 5009 oc-

182 5041 244 5096 to
276 5037 507 5097 dierum
544 5041 821 5113 praedicta
867 5040 1092 5107 dilatio,
1125 5044 1191 5099 ut
1228 5041 1463 5098 interim
1498 5041 1831 5098 considera·

181 5130 317 5186 rent
346 5133 541 5187 utrum
561 5130 877 5188 solveretur
905 5130 1131 5188 obsidio
1155 5147 1169 5199 ;
1194 5130 1350 5202 quod
1368 5130 1418 5187 si
1439 5130 1622 5187 nostri
1642 5131 1701 5187 in
1725 5129 1829 5186 ob·

182 5218 433 5276 sidendo
456 5224 939 5292 perseverassent,
964 5228 1100 5277 tunc
1129 5221 1285 5292 quod
1318 5220 1618 5277 decretum
1641 5220 1831 5276 fuerat

181 5308 542 5366 exsecutioni
573 5310 983 5378 mandaretur;
1016 5310 1106 5366 sin
1142 5315 1360 5376 autem,
1393 5316 1725 5381 parceretur
1752 5307 1829 5366 ci·

177 5396 378 5467 vibus,
409 5396 508 5469 qui
549 5398 620 5453 ad
663 5401 908 5455 mortem
956 5402 1127 5454 erant
1161 5397 1447 5468 deputati.
1476 5395 1832 5455 Effluxerant

176 5502 354 5562 porro
402 5485 580 5556 serim,
629 5501 814 5560 eaque
862 5503 974 5544 nox
1020 5495 1143 5545 erat
1189 5486 1543 5558 novissimag
1587 5487 1829 5559 Jamque

173 5574 464 5635 seoretius
511 5575 728 5635 exterat
763 5575 1038 5649 edietum,
1072 5580 1138 5635 ut
1166 5575 1442 5648 prodicta
1467 5575 1828 5637 exsecutioni

1939 4860 2093 4916 sione
2119 4861 2372 4930 fatiqaris
2398 4875 2418 4914 .·
2449 4861 2665 4915 utinam
2691 4861 2993 4915 Tarcorum
3019 4854 3225 4926 pladiis
3238 4858 3372 4927 jam
3420 4869 3582 4911 occu-

1943 4945 2179 5002 buissent
2201 4948 2443 5003 universi
2471 4965 2489 5003 .-
2519 4964 2554 5003 a
2582 4947 2670 5003 die
2697 4949 2844 5003 enim
2874 4946 3137 5002 introitus
3163 4960 3351 5002 eorum
3375 4946 3579 5017 primo,

1939 5034 2112 5093 multo
2138 5034 2378 5092 deterior
2404 5035 2558 5109 sacta
2586 5039 2664 5093 est
2690 5038 2878 5092 nostra
2912 5034 3154 5092 conditio
3183 5052 3204 5092 .·
3232 5037 3433 5108 vixque
3468 5048 3582 5090 esse

1936 5126 2158 5200 poterit,
2189 5132 2253 5184 at
2295 5131 2509 5183 tantam
2564 5127 2721 5184 nobis
2764 5145 2864 5200 per
2904 5144 2991 5184 eos
3036 5127 3304 5184 utilitatis
3339 5125 3576 5193 accedat,

1937 5220 2203 5290 quarelam
2230 5217 2607 5274 molestiarum
2636 5234 2831 5274 eorum
2873 5221 3150 5275 occasione
3191 5216 3345 5289 passi
3370 5231 3578 5271 sumus.

1938 5307 2033 5365 Sic
2062 5322 2199 5380 ergo
2230 5307 2331 5380 qui
2363 5307 2527 5379 prius
2573 5307 2941 5364 dubitaverat
2968 5324 3041 5363 an
3074 5306 3234 5363 l'ratri
3275 5320 3382 5361 suo
3412 5320 3581 5361 com-

1939 5397 2258 5454 municaret
2310 5396 2693 5469 propositum,
2724 5412 2881 5454 nunc
2913 5400 3193 5469 tanquam
3216 5398 3436 5466 pestem
3469 5394 3577 5450 de-

1936 5486 2472 5557 clinans,abhorret
2498 5487 2717 5558 animo,
2746 5490 3082 5545 exsecratur
3110 5485 3169 5542 in
3197 5484 3575 5550 conscientia,

1935 5582 2013 5647 et,
2052 5592 2126 5635 ne
2166 5575 2382 5637 Christi
2427 5575 2777 5650 obsequium
2824 5592 2924 5651 per
2953 5590 3091 5635 sum
3142 5573 3578 5649 praepediretur.
