3784 6000
81 192 231 251 {183

1081 181 1453 242 EPISTOLAE
1489 180 1581 240 ΕΤ
1616 160 2064 242 remmom.
2087 175 2169 229 ·-
2205 182 2325 245 m.
2366 183 2526 245 uss.

3361 189 3506 248 ¹188

80 313 167 371 ad
194 318 453 371 vestram
490 310 804 369 ecclesiam
841 309 976 382 jure
1027 306 1359 381 parochiali
1409 306 1737 380 pertinent.
1764 310 1814 368 A
1850 321 1929 364 ne
1953 307 2016 365 in
2051 306 2737 365 recidivaecontentionis
2755 306 3103 383 scrupulum
3124 309 3493 382 relabantur,

85 402 322 475 absque
360 402 622 475 alicujus
687 399 1154 457 contradictione
1202 396 1371 454 vobis
1421 396 1737 454 habendas
1846 397 2154 469 scriptura!
2178 396 2477 454 suntserie
2504 397 2923 469 prosequenda
2951 401 3503 472 etapostolicomu·

83 491 494 549 concedimus.
513 490 902 547 prohibemus
926 488 1107 543 etiam
1132 491 1193 541 ut
1219 485 1419 541 nullus
1445 484 1741 542 interdicti
1850 485 2076 542 nimine
2101 485 2460 543 roboranda.
2494 484 2767 541 Pervenit
2788 486 2956 557 quod
2983 487 3232 560 quidem
3264 490 3343 547 ad
3388 507 3500 548 nos

89 595 199 637 seu
227 576 870 636 excommunicationis
899 574 1252 632 sententiam
1305 574 1539 647 absque
1578 575 1745 646 justa

90 675 152 727 et
180 668 518 726 rationabili
549 668 811 725 causain
834 681 941 723 vos
971 666 1066 721 vel
1117 662 1433 721 ecclesiam
1479 669 1741 720 vestram

94 758 317 816 audeat
339 754 1026 831 promulgare.chrisma
1048 768 1211 819 vero,
1239 752 1438 809 oleum
1470 758 1747 808 sanctum

99 848 582 904 consecrationes
606 845 912 911 altarium,
935 858 1042 900 seu
1067 841 1481 910 basilicarum,
1510 841 1749 898 ordina·

97 936 290 993 tiones
311 935 682 1000 clericorum,
714 934 819 1007 qui
849 933 928 989 ad
985 946 1191 989 sacros
1242 929 1485 987 ordines
1531 929 1752 986 ruerint

97 1023 515 1099 promovendi,
576 1037 613 1079 a
662 1022 1003 1079 dioecesano
1043 1018 1382 1092 suscipiatis
1439 1020 1748 1091 episcopo,

99 1113 401 1187 siquidem
433 1113 762 1170 catholicus
796 1111 992 1180 tuerit,
1017 1115 1073 1166 et
1100 1110 1358 1179 gratiam
1385 1114 1566 1181 atque
1591 1123 1753 1165 com-

100 1203 454 1259 munionem
486 1201 834 1273 apostolicae
873 1199 1030 1256 sedis
1049 1199 1344 1265 habuerit,
1385 1203 1443 1253 et
1462 1212 1537 1254 ea
1585 1196 1754 1253 vobis

102 1291 373 1363 gratis,et
387 1290 616 1364 absque
641 1291 933 1363 pravitate
959 1287 1162 1361 aliqua
1183 1285 1433 1344 voluerit
1451 1286 1754 1343 exhibere.

104 1380 384 1453 Alioquin
429 1379 812 1445 catholicum,
878 1392 1062 1452 quem
1133 1375 1485 1441 malueritis,
1527 1374 1757 1433 adeatis

107 1469 456 1534 antistitem,
488 1468 592 1540 qui
622 1468 909 1524 nimirum
939 1473 1143 1523 nostra
1172 1465 1357 1520 tultus
1383 1464 1756 1531 auctoritate,

108 1556 275 1631 quod
309 1555 640 1629 postulatis,
662 1553 992 1627 indulgeat.
1045 1551 1425 1626 sepulturam
1475 1558 1760 1626 praeterea

1851 572 2007 630 inter
2037 575 2351 632 ecclesiam
2388 573 2992 642 caldenbornensem,
3020 578 3084 633 in
3120 593 3246 650 qua
3272 595 3506 653 praepo-

1853 663 2055 720 situroe
2081 663 2347 721 officium
2362 663 2754 720 administras
2767 670 2825 720 et
2838 665 3156 723 ecclesiam
3167 667 3503 727 Rodensem

1856 752 2264 810 controversia
2297 751 2580 826 quaedam
2631 751 2738 808 fuit
2783 752 2928 809 olim
2984 754 3209 811 diutius
3257 758 3503 828 agitata,

1855 856 2047 915 quam
2074 841 2426 927 venerabilis
2441 841 2619 897 trater
2630 850 2834 898 noster
2855 843 3256 913 wigmannus
3281 847 3513 920 Magdo-

1856 928 2176 1001 burgensis
2204 930 2691 1003 archiepiscopus
2707 934 2767 986 et
2785 930 3039 988 dilectus
3057 933 3216 989 filius
3240 934 3512 993 Helbers·

1860 1018 2126 1075 tadensis
2154 1017 2376 1075 electus
2396 1017 2471 1074 de
2487 1034 2786 1075 consensu
2820 1020 3082 1091 partium
3097 1022 3397 1092 linierunt,
3430 1025 3512 1082 ita

1860 1106 2025 1179 quod
2040 1106 2301 1163 ecclesioe
2332 1115 2448 1163 tuae
2464 1107 2754 1164 Rodensis
2784 1111 3141 1182 praepositus
3167 1112 3242 1169 de
3263 1129 3512 1171 suorum

1862 1195 2293 1252 canonicorum
2318 1211 2576 1252 assensu
2631 1212 2736 1253 sex
2781 1213 3028 1256 mansos
3074 1206 3132 1256 et
3169 1199 3512 1272 dimidium,

1863 1284 2006 1342 sitos
2041 1285 2100 1341 in
2141 1283 2542 1349 Elvenstedte,
2582 1290 2639 1341 et
2665 1301 2852 1342 unum
2885 1293 3064 1344 situm
3119 1291 3179 1345 in
3231 1292 3516 1349 Amalun-

1866 1372 2153 1446 gesdorff,
2189 1378 2247 1431 et
2273 1373 2431 1431 duas
2456 1389 2628 1431 areas
2659 1377 2718 1430 in
2761 1375 3186 1435 Blanckeneim
3216 1379 3514 1439 solventes

1865 1463 2022 1519 duos
2048 1461 2293 1529 solidos,
2326 1463 2679 1533 assignavit,
2718 1479 2793 1521 ea
2828 1464 3099 1523 videlicet
3146 1468 3516 1539 conditione,

1869 1560 1934 1609 ut
1961 1551 2206 1624 querela
2241 1552 2318 1608 de
2327 1551 2456 1624 J'am
2494 1552 2668 1608 dictis
2697 1554 2937 1625 pradiis
2964 1562 3254 1628 perpetuo
3271 1561 3521 1632 conqui-

108 1645 383 1718 ejusdem
413 1644 621 1702 lociad
649 1660 803 1717 opus
823 1643 1176 1716 eorum,qui
1206 1642 1555 1714 parochiani
1577 1641 1761 1699 vestri
1791 1665 1838 1724 Β
1870 1645 2051 1698 escat.
2095 1643 2257 1698 Hanc
2284 1639 2460 1712 igitur
2489 1642 3007 1713 compositionem,
3035 1645 3191 1701 sicut
3234 1651 3522 1706 canonice

112 1740 453 1801 censentur,
487 1734 676 1799 vobis,
708 1739 764 1789 et
794 1733 1059 1790 ecclesiae
1082 1737 1292 1788 vestras
1314 1730 1652 1797 firmamus,
1675 1730 1759 1788 ita

114 1823 365 1896 quidem
386 1823 552 1895 quod
583 1824 633 1878 si
660 1823 738 1879 ad
762 1822 1030 1896 aliquam
1061 1820 1404 1892 religiosam
1425 1821 1760 1888 ecclesiam,

114 1913 395 1982 elegerint
413 1911 805 1984 sepulturam,
835 1910 1135 1967 canonica
1158 1909 1394 1966 vobisin
1408 1914 1763 1967 testamento

118 2000 316 2075 portio
336 2006 684 2056 reservetur.
707 2001 1094 2056 Decernimus
1105 2013 1249 2071 ergo
1274 2005 1338 2055 ut
1356 1998 1503 2055 nulli
1517 1999 1766 2057 omnino

120 2089 437 2146 hominum
468 2088 558 2145 fas
590 2090 684 2156 sit,
714 2096 824 2145 etc.

191 2181 316 2249 Ego
348 2178 560 2234 Lucius
590 2178 892 2235 catholicae
917 2178 1194 2235 Ecclesiae
1238 2176 1588 2250 episcopus.

194 2269 318 2339 Ego
361 2266 704 2324 Theodinus
778 2268 1059 2326 Portuen.
1119 2272 1177 2323 et
1215 2266 1280 2324 S.
1332 2265 1563 2323 Rufinae
1611 2267 1770 2323 sedis

121 2357 469 2430 episcopus.

199 2442 634 2515 Ego'lienricus
672 2442 1031 2501 Albanensis
1068 2444 1251 2516 episc.

194 2534 318 2605 Ego
346 2532 567 2589 Paulus
590 2533 983 2589 Praenestinus
1008 2535 1197 2605 episc.

196 2623 319 2694 Ego
340 2621 547 2678 Petrus
576 2621 777 2694 presb.
809 2621 970 2678 card.
1005 2623 1095 2680 tit.
1133 2623 1194 2681 8.
1239 2623 1555 2680 Susannae.

195 2713 319 2782 Ego
348 2711 628 2767 vivianus
659 2712 747 2767 tit.
803 2709 865 2768 S.
920 2713 1204 2784 Stephani
1245 2713 1307 2769 in
1345 2710 1527 2769 Coelio
1581 2713 1774 2769 Monte

120 2800 334 2873 presb.
373 2798 544 2856 card.

200 2890 319 2959 Ego
349 2888 635 2945 Ranerius
652 2887 852 2961 presb.
873 2888 1044 2946 card.
1084 2891 1183 2948 SS.
1206 2888 1458 2949 loannis
1486 2897 1544 2947 et
1574 2888 1777 2947 Pavoli

119 2978 214 3037 tit.
244 2977 639 3035 Pammachii.

202 3070 320 3140 Ego
341 3066 654 3125 Laborans
682 3070 882 3141 presb.
914 3069 1078 3128 card.
1108 3071 1165 3128 S.
1196 3069 1391 3127 Marias
1412 3073 1577 3126 trans
1590 3069 1780 3126 Tiber.

126 3159 219 3216 tit.
253 3156 464 3215 calixt.

204 3249 324 3317 Ego
351 3241 672 3303 pandolfus
695 3241 900 3315 presb.
939 3242 1104 3300 card.
1135 3243 1222 3300 tit.
1238 3244 1496 3305 basilicoe
1517 3262 1601 3305 ιιι
1628 3254 1782 3321 Apo·

132 3336 458 3393 stolorum.

208 3427 327 3497 Ego
351 3423 614 3480 Iacobus
635 3418 792 3476 diac.
833 3420 995 3476 card.
1029 3421 1086 3476 S.
1108 3422 1301 3480 Mariae
1326 3425 1389 3482 in
1440 3427 1786 3485 cosmedin.

208 3522 335 3587 Ego
363 3511 586 3569 Arditio
609 3509 765 3567 diac.
798 3507 964 3566 card.
982 3510 1047 3567 S.
1088 3510 1404 3571 Theodori.

210 3606 333 3676 Ego
362 3601 676 3660 Gratianus
703 3598 971 3655 Sanctor.
996 3601 1227 3657 cosmae
1249 3609 1304 3660 et
1329 3605 1602 3664 Damiani
1627 3605 1791 3666 diac.

139 3694 308 3753 card.

214 3785 334 3853 Ego
364 3780 527 3837 Bobo
551 3778 709 3835 diac.
731 3777 897 3833 card.
932 3778 988 3834 S.
1028 3778 1260 3852 Angeli-

166 3920 171 3925 .
213 3874 335 3941 Ego
363 3867 706 3926 Gherardus
735 3867 792 3923 S.
824 3865 1068 3926 Adriani
1097 3869 1342 3927 diacon.
1384 3870 1550 3930 card.

214 3963 337 4033 Ego
369 3956 726 4016 Octavianus
749 3954 906 4011 diac.
938 3957 1106 4014 card.
1135 3959 1232 4016 SS.
1255 3961 1445 4032 Sergii
1472 3966 1532 4018 et
1560 3962 1796 4019 Bacchi.

216 4051 338 4119 Ego
367 4044 618 4104 soffred.
646 4046 704 4101 S.
736 4046 929 4102 Harioe
959 4044 1021 4102 in
1052 4046 1156 4104 via
1173 4047 1322 4105 Lata
1358 4050 1515 4107 diac.
1555 4049 1721 4109 eard.

217 4139 338 4207 Ego
363 4135 614 4192 Albinus
641 4132 799 4190 diac.
825 4133 989 4190 card.
1021 4134 1082 4191 S.
1113 4137 1305 4194 Μαι-ἰῶ
1345 4141 1540 4196 Nova.

219 4227 434 4282 Datum
462 4219 711 4286 velletri,
761 4235 867 4293 per
907 4237 1158 4280 manum
1224 4226 1441 4284 Alberti
1492 4228 1552 4283 S.
1608 4230 1675 4285 R.
1730 4231 1795 4286 R.

147 4315 350 4389 presb.
381 4309 701 4368 cardinalis
729 4316 786 4366 et
814 4311 1084 4380 cancell„
1103 4328 1163 4370 xi
1185 4314 1326 4371 Idus
1357 4316 1679 4386 Februarii,
1711 4318 1800 4376 in-

147 4404 405 4462 dictione
418 4400 632 4473 prima,
644 4397 1082 4458 lucarnationis
1096 4403 1418 4463 Dominicae
1441 4421 1605 4466 anno
1637 4411 1798 4476 1183,

148 4491 534 4568 pontificatus
550 4501 692 4545 vero
719 4487 891 4546 Dom.
916 4489 1079 4547 Lucii
1109 4507 1212 4565 pp.
1231 4493 1305 4550 lu
1332 4510 1497 4554 anno
1522 4512 1584 4555 n.

865 4605 1097 4663 xcvln.

156 4717 644 4791 Compositionem
670 4711 1202 4773 eumenem-nemis
1225 4720 1576 4779 monasterii
1595 4728 1651 4780 et
1686 4724 1806 4783 Ro-

692 4785 873 4842 sensis
909 4787 1246 4856 confirmat.

696 4912 977 4991 (veneti-i,
994 4911 1165 4970 Febr.
1179 4915 1295 4989 25.)

229 5023 611 5099 [Senon-rtem
659 5028 715 5081 et
744 5024 1037 5088 Kursie„
1091 5020 1444 5095 Diplomat„
1478 5025 1549 5094 11,
1579 5026 1734 5103 702]

234 5115 441 5171 Lucius
472 5115 813 5187 episcopus,
832 5126 1041 5168 servus
1086 5125 1398 5172 servorum
1446 5116 1569 5183 Dei,
1596 5118 1807 5177 dilecto

161 5203 285 5262 filio
312 5203 631 5274 praeposito
660 5200 1193 5269 caldenbornensi,
1225 5203 1479 5262 salutem
1545 5213 1602 5264 et
1637 5222 1815 5281 apos-

167 5292 410 5350 tolicam
459 5289 965 5348 benedictionem.

241 5384 324 5438 Ea
350 5370 486 5454 quoe
517 5381 577 5436 in
617 5379 1087 5438 controversiam
1122 5379 1435 5438 devenisse
1485 5389 1819 5446 noscuntur

166 5476 227 5531 et
251 5469 1114 5543 intervenientecompositione
1127 5469 1434 5531 amicabili
1462 5472 1809 5549 suntflnita,

1831 4369 1878 4427 D

1871 1730 2029 1787 facta
2065 1734 2155 1786 est
2181 1735 2239 1785 et
2266 1732 2345 1786 ab
2368 1736 2620 1803 utraque
2645 1736 2809 1801 parte
2839 1739 3136 1806 suscepta,
3167 1739 3519 1796 auctoritate

1872 1819 2198 1893 apostolica
2212 1818 2645 1876 confirmamus
2669 1825 2727 1876 et
2747 1825 3055 1892 praesentis
3071 1824 3273 1897 scripti
3301 1828 3526 1900 pagina

1874 1914 1934 1966 et
1960 1908 2296 1981 patrocinio
2324 1910 2796 1966 communimus.

1947 1997 2515 2069 Praetereaquaedam
2533 1997 2778 2069 praedia,
2795 1998 3071 2057 videlicet
3093 2002 3155 2058 in
3167 2000 3524 2061 Gerendorff

1876 2087 2032 2144 duos
2073 2101 2317 2143 mansos
2338 2085 2637 2143 solventes
2686 2087 2923 2160 triginta
2955 2089 3197 2158 solidos,
3242 2092 3530 2151 Gerbens-

1878 2175 2012 2234 tede
2025 2183 2144 2232 tres
2157 2190 2405 2233 mansos
2417 2175 2713 2233 solventes
2728 2176 2853 2234 duo
2863 2177 3083 2235 talenta
3094 2186 3150 2236 et
3165 2197 3270 2237 sex
3280 2181 3536 2254 solidos,

1877 2266 1940 2323 in
1953 2264 2186 2322 Gorditz
2203 2279 2391 2321 unum
2405 2280 2688 2322 mansum
2716 2265 3047 2325 solventem
3067 2272 3527 2341 quatuordecim

1880 2353 2129 2420 solidos,
2168 2369 2305 2427 quae
2343 2361 2618 2411 emerunt
2644 2370 2682 2411 a
2737 2357 3237 2429 Merseburgensis
3261 2362 3534 2421 Ecclesia

1881 2443 2207 2513 canonicis,
2237 2448 2296 2499 et
2321 2444 2600 2516 quaedam
2631 2444 2860 2516 praedia
2887 2460 3025 2518 quai
3070 2457 3424 2522 receperunt
3467 2453 3533 2509 in

1881 2530 2242 2588 concambio
2260 2546 2298 2588 a
2310 2531 2664 2588 charissimo
2692 2533 2753 2588 in
2780 2533 3011 2591 cbristo
3027 2534 3149 2592 tilio
3173 2545 3377 2596 nostro
3394 2539 3531 2597 Fre-

1882 2619 2085 2676 derico
2111 2619 2323 2676 illustri
2344 2622 2753 2678 Romanorum
2774 2624 3148 2696 imperatore,
3187 2626 3412 2686 scilicet
3467 2629 3531 2688 in

1883 2707 2023 2765 villa
2052 2707 2291 2766 vinkele
2320 2709 2531 2767 decem
2571 2710 2787 2767 talenta
2842 2718 2898 2768 et
2938 2712 3147 2771 decem
3181 2716 3431 2784 solidos,
3471 2718 3535 2776 in

1884 2796 2309 2855 wulfferstede
2333 2799 2604 2871 quinque
2634 2799 2854 2857 talenta
2883 2807 2942 2857 et
2969 2802 3179 2861 decem
3208 2805 3454 2874 solidos,
3476 2807 3541 2864 in

1886 2886 2317 2946 warrenstede
2334 2894 2595 2960 quatuor
2607 2888 2847 2947 talenta.
2865 2892 2994 2948 flaec
3014 2892 3315 2965 siquidem
3328 2898 3538 2956 omnia

1814 3015 1859 3075 C
1885 2976 2007 3033 sint
2033 2976 2329 3049 pradictoe
2358 2977 2627 3035 ecclesia
2660 2979 3195 3051 caldenbornensi,
3246 2999 3385 3058 quae
3416 2986 3543 3045 Cal-

1889 3064 2330 3123 denbornensis
2355 3068 2603 3124 ecclesia
2615 3071 2862 3141 pacifice
2889 3075 2947 3127 et
2972 3073 3101 3128 sine
3126 3076 3541 3135 controversia

1892 3153 2176 3227 possidet,
2237 3157 2585 3214 auctoritate
2636 3159 2970 3229 apostolica
3035 3161 3234 3219 eidem
3271 3163 3541 3222 ecclesiae

1890 3243 2178 3300 duximus
2203 3243 2625 3302 confirmanda
2656 3252 2713 3303 et
2767 3250 3077 3319 praesentis
3133 3252 3338 3325 scripti
3392 3255 3543 3313 serie

1896 3330 2247 3398 munienda,
2299 3338 2620 3389 statuentes
2686 3341 2751 3391 ut
2798 3336 2944 3393 nulli
2995 3339 3315 3397 bominum
3370 3343 3550 3401 liceat

1893 3421 2054 3478 hanc
2076 3419 2363 3492 paginam
2380 3427 2595 3478 nostrin
2606 3423 3074 3483 confirmaiionis
3101 3428 3424 3500 intringere
3446 3432 3550 3490 vel

1897 3510 1951 3567 ei
1980 3523 2133 3566 ausu
2161 3509 2478 3567 temerario
2502 3513 2821 3571 contraire.
2890 3514 2949 3570 Si
2977 3515 3112 3587 quis
3157 3524 3362 3575 autem
3427 3519 3546 3577 hoc

1899 3602 2188 3657 attentare
2210 3600 2682 3671 praesumpserit,
2726 3602 3160 3676 omnipotentis
3220 3604 3324 3662 Dei
3352 3611 3411 3664 et
3443 3605 3551 3665 sS.

1901 3686 2313 3761 apostolorum
2341 3688 2471 3759 ejus
2502 3689 2649 3745 Petri
2686 3695 2744 3746 et
2789 3690 2956 3748 Pauli
3003 3707 3067 3750 se
3135 3694 3367 3754 noverit
3393 3695 3552 3754 indi-

1903 3777 2250 3849 gnationem
2279 3776 2683 3837 incursurum.

1974 3865 2189 3923 Datum
2210 3864 2462 3932 velletri,
2492 3867 2701 3940 quinto
2721 3867 2851 3927 Kal.
2885 3872 3055 3928 Mart.

2657 3984 2839 4042 xc1x.

1935 4089 1940 4095 ¹
2048 4104 2432 4178 Priviteqium
2457 4121 2567 4178 pro
2598 4112 2956 4168 monasterio
3026 4112 3408 4175 wilbac-ensi.

2439 4213 2718 4285 (velletri,
2745 4217 2914 4276 Febr.
2944 4223 3061 4294 27.)

2088 4319 2392 4393 [Santram
2421 4320 2655 4383 Annal.
2705 4323 3100 4397 Paderborn„
3141 4330 3186 4401 l,
3227 4330 3385 4407 858.]

1982 4410 2182 4466 Lucius
2200 4410 2538 4484 episcopus,
2560 4427 2769 4471 servus
2808 4431 3120 4476 servorum
3169 4422 3292 4487 Dei,
3340 4421 3559 4481 dilecto

1909 4498 2035 4557 filio
2059 4498 2304 4557 Hsuaico
2328 4499 2551 4570 abbati,
2584 4506 2642 4560 et
2664 4506 3228 4565 sanctimonialibus
3252 4516 3570 4569 monaste-

1911 4589 1983 4645 rii
2028 4587 2476 4662 wilboldessen,
2514 4595 2641 4649 tam
2665 4596 3061 4666 prasentibus
3106 4611 3295 4669 quam
3346 4598 3563 4657 tuturis
3625 4603 3638 4610 '

1916 4679 2316 4737 monasticam
2339 4679 2649 4753 protessis,
2675 4682 2738 4739 in
2768 4689 3146 4756 perpetuum.

1987 4766 2271 4826 Effectum
2303 4768 2471 4840 ⁴iusta
2497 4771 2940 4843 postulantibus
2968 4774 3276 4846 indulgere
3306 4782 3366 4835 et
3402 4777 3570 4851 vigor

1917 4857 2213 4930 equitatis
2264 4862 2323 4913 et
2348 4859 2500 4915 ordo
2536 4860 2720 4930 exigit
2753 4863 3020 4930 rationis,
3053 4868 3384 4936 praesertim
3425 4883 3568 4927 cum

1918 4945 2245 5019 petentium
2271 4945 2637 5005 voluntatem
2666 4957 2725 5007 et
2742 4949 2933 5024 pietas
2959 4952 3057 5025 adj
3068 4960 3228 5025 uvat,
3260 4961 3317 5012 et
3347 4958 3566 5016 veritas

1922 5049 2044 5092 non
2072 5034 2372 5109 relinquit.
2408 5038 2753 5112 Eapropter,
2788 5040 3015 5099 dilectae
3049 5042 3111 5100 in
3136 5045 3392 5102 Domino
3411 5046 3576 5115 filim,

1925 5125 2132 5182 vestris
2149 5125 2652 5198 postulationibus
2678 5129 3001 5188 clementer
3028 5133 3353 5192 annuimus
3368 5140 3425 5193 et
3438 5151 3573 5195 mo-

1924 5213 2248 5272 nasterium
2279 5219 2564 5284 vestrum,
2593 5216 2656 5274 in
2685 5234 2806 5291 quo
2834 5219 3043 5279 divino
3061 5224 3421 5296 mancipatae
3439 5224 3581 5285 estis

1924 5301 2238 5375 obsequio,
2267 5303 2384 5361 sub
2401 5303 2563 5362 beati
2591 5308 2741 5363 Petri
2769 5310 2829 5365 et
2841 5314 3048 5368 nostra
3065 5313 3430 5383 protectione
3451 5330 3586 5372 sus·

1925 5390 2205 5465 cipimus,
2227 5397 2288 5450 et
2313 5393 2624 5467 presentis
2659 5395 2862 5471 scripti
2880 5397 3201 5474 privilegio
3237 5405 3582 5464 communi-

1927 5495 2089 5554 mus,
2112 5480 2412 5557 imprimis
2447 5484 2749 5559 siquidem
2776 5491 3125 5563 statuentes,
3165 5493 3231 5552 ut
3273 5491 3426 5554 ordo
3449 5509 3587 5558 mo-
