3784 6000
306 237 424 302 *175
1372 240 1808 304 GUlLLELMl
1851 242 2235 307 TYRENSIS
2277 244 2641 308 ARCHIEP.
3593 248 3714 306 776

299 380 680 439 influxionem
712 376 983 438 cisternis
1012 376 1413 450 amplissimis,
1447 378 1520 435 ad
1541 378 1650 437 hoc
1670 377 1947 451 speciali·
1976 389 2030 451 Α
2060 381 2312 439 immissi
2339 381 2587 438 molares
2607 394 2813 453 graves
2844 386 2900 436 et
2922 379 3361 452 magni,muros
3389 379 3712 448 cadebant,

298 479 382 528 ter
413 470 724 544 deputatis,
747 469 819 526 ad
852 484 992 523 usus
1016 466 1281 539 proprios
1313 471 1434 524 toto
1463 482 1617 524 anno
1640 467 1949 540 diligenter
2057 472 2337 545 congruis
2368 471 2726 528 stationibus
2755 469 2977 539 locatae,
3005 468 3432 525 intolerabilem
3465 468 3710 536 civibus,

293 564 580 630 servant;
611 563 707 618 sed
733 558 888 617 etad
915 556 1199 629 pomeria,
1234 574 1361 629 quae
1384 561 1525 614 sunt
1545 563 1707 614 extra
1745 561 1946 617 urbem
2055 559 2214 616 horis
2262 575 2409 633 pene
2456 558 2734 614 omnibus
2784 555 3114 613 inferebant
3153 558 3460 613 terrorem.
3520 556 3703 614 Erant

293 650 678 722 procuranda,
712 646 957 704 occultis
1008 646 1345 702 traconibus
1396 646 1717 715 portionem
1768 664 1835 704 ex
1875 665 1946 704 ea
2052 650 2207 706 circa
2228 650 2496 707 eamdem
2523 647 2932 714 civitatem‚ad
2953 647 3140 703 instar
3161 645 3449 704 silvarum
3471 651 3534 704 et
3557 648 3704 704 fron·

299 740 560 811 dirigunt
590 736 1006 795 necessariam.
1038 735 1162 792 Sita
1192 745 1277 791 est
1307 740 1526 807 autem,
1559 747 1844 807 quantum
1870 737 1941 793 ad
2052 739 2179 795 dosi
2230 739 2507 805 nemoris,
2540 740 2703 810 grata
2733 735 3071 794 amoenitate
3097 739 3157 794 et
3200 735 3376 809 plena
3404 736 3706 795 fertilitate

289 827 641 884 celebranda
670 824 1043 893 commercia,
1078 824 1575 883 commodissime.
1615 825 1814 882 Portus
1838 825 1944 883 ha-

290 916 383 971 bet
414 917 583 983 duos,
609 913 809 985 lingua
833 914 1092 985 quadam
1123 912 1526 984 interjacente,
1559 913 1723 969 valde
1751 928 1942 985 angu-

285 1008 399 1073 sta,
418 1003 771 1076 disjunctos.
791 1005 853 1058 In
872 1002 1061 1074 capite
1083 1006 1279 1058 autem
1303 999 1464 1056 illius
1486 1001 1806 1068 interstitii,
1830 1007 1941 1058 tur-

287 1093 367 1150 ris
396 1101 503 1162 Qest
551 1093 711 1149 miras
755 1091 1106 1159 altitudinis,
1154 1107 1279 1163 qute
1330 1091 1546 1147 Pharos
1593 1091 1940 1162 appellatur,

287 1198 461 1253 quam
491 1181 688 1239 Julius
716 1180 904 1238 Caesar
934 1182 1005 1237 ad
1041 1198 1183 1236 usus
1209 1182 1562 1237 necessarios
1584 1181 1799 1237 dicitur
1817 1198 1941 1237 ere-

285 1272 441 1327 xisse
451 1274 510 1328 et
529 1271 672 1328 illuc
694 1270 1007 1326 deduxisse
1023 1269 1330 1326 coloniam.
1343 1271 1418 1325 De
1430 1270 1831 1341 superioribus
1843 1288 1939 1327 au·

285 1367 402 1421 tem
415 1361 641 1435 AEgypti
658 1363 924 1433 partibus
945 1377 1048 1432 per
1067 1369 1284 1418 nuenta
1320 1360 1367 1416 N
1376 1361 1936 1428 ili,omnimodorum

284 1450 699 1509 alimentorum
715 1450 1026 1522 copiam,et
1047 1465 1241 1506 rerum
1257 1466 1403 1523 pene
1415 1449 1679 1508 omnium
1691 1452 1844 1508 susci
1853 1450 1940 1523 pit

286 1538 866 1598 ubertatem.Verum
890 1539 1036 1595 etde
1069 1539 1407 1609 regionibus
1440 1541 1870 1608 transmarinis,
1885 1541 1936 1597 si

289 1627 988 1700 quaeuntquoeAEgyptus
1008 1644 1121 1682 non
1148 1626 1575 1699 habet,navigio
1594 1628 1939 1700 omnisopu·

2050 827 2356 884 arboribus
2385 825 2610 883 consita
2642 824 2983 892 fructiferis,
3007 828 3064 883 et
3095 823 3291 881 herbis
3321 825 3539 881 referta
3560 826 3702 883 salu-

2047 917 2273 973 taribus
2305 916 2584 988 pomeria,
2622 931 2752 988 quse
2782 918 2840 972 et
2868 915 2962 972 sui
2993 913 3498 987 contemplatione
3519 920 3703 974 trans-

2048 1012 2276 1077 euntes,
2299 1006 2506 1064 merito
2527 1005 2841 1062 invitarent
2858 1003 2931 1060 ad
2955 1004 3307 1076 ingressum,
3321 1011 3383 1061 et
3404 1003 3698 1078 ingressos

2049 1096 2422 1152 hortarentur
2450 1095 2522 1151 ad
2578 1094 2859 1166 requiem.
2897 1094 2962 1150 1n
3011 1093 3135 1151 haec
3165 1094 3474 1167 ingressus
3513 1101 3700 1152 noster

2049 1200 2119 1241 ex
2150 1199 2371 1254 magna
2419 1187 2582 1255 parte
2629 1182 2941 1251 exercitus,
2985 1182 3151 1256 prius
3187 1182 3500 1240 occasione
3541 1182 3696 1241 colli-

2049 1274 2247 1343 gendae
2303 1271 2600 1343 erigendis
2664 1270 2955 1328 machinis
2998 1270 3273 1338 materias,
3305 1270 3523 1346 deinde
3579 1273 3694 1329 solo

2048 1361 2295 1418 nocendi
2322 1360 2554 1426 affectu,
2586 1370 2641 1416 et
2668 1360 2869 1416 damni
2899 1359 3184 1417 inferendi
3209 1360 3693 1423 consideratione.

2048 1451 2395 1507 aromaticas
2425 1452 2484 1505 et
2511 1448 2713 1505 multis
2745 1450 2951 1506 usibus
2980 1453 3167 1522 aptas,
3195 1454 3357 1507 tanto
3388 1450 3588 1506 studio
3627 1452 3692 1506 ad

2047 1545 2268 1596 terram
2302 1544 2678 1612 prosternunt
2708 1541 2963 1606 arbores,
2996 1547 3211 1610 quanto
3250 1539 3347 1595 vix
3387 1538 3590 1596 labore
3628 1540 3695 1596 ab

2045 1628 2210 1684 initio
2232 1629 2464 1683 fuerant
2488 1631 2831 1699 procuratas.
2856 1627 3063 1698 Fitque
3084 1627 3274 1683 subito
3298 1634 3363 1683 ut
3392 1628 3521 1685 eolo
3541 1644 3696 1685 com·

287 1715 1935 1788 lentiaministratur;undeampliusqualibeturbemari-
1971 1755 2017 1819 B
2051 1716 2300 1788 planato,
2352 1717 2559 1787 prioris
2601 1721 2788 1771 status
2829 1732 3067 1786 prorsus
3115 1714 3274 1772 nulla
3320 1722 3689 1773 remanerent

288 1807 435 1862 tima
453 1807 729 1862 omnibus
754 1804 1270 1862 commoditatibus
1291 1805 1502 1862 dicitur
1534 1805 1939 1862 abundat-eim
2050 1806 2329 1878 vestigia;
2365 1806 2543 1876 idque
2574 1804 2704 1870 fuit,
2734 1804 2793 1858 in
2818 1819 2934 1875 quo
2964 1821 3032 1860 se
3051 1805 3298 1860 maxime
3319 1802 3462 1861 laesa
3482 1806 3695 1871 civitas.

281 1894 406 1950 haec
427 1910 498 1950 ex
526 1900 775 1966 utraque
795 1893 1393 1962 lndia‚Saba,Arabia,
1410 1911 1477 1951 ex
1499 1899 1747 1968 utraque
1767 1895 1939 1953 etiam

284 1982 679 2041 nihilominus
698 1982 1011 2055 AEthiopia,
1035 1984 1137 2039 sed
1169 1992 1221 2039 et
1241 1982 1313 2039 de
1334 1984 1571 2040 Perside
1593 1988 1650 2040 et
1668 1984 1801 2041 aliis
1822 1987 1937 2042 cir-

300 2088 436 2130 cum
467 2073 876 2145 adiacentibus
916 2073 1247 2144 provinciis,
1278 2075 1558 2147 quidquid
1589 2081 1937 2143 aromatum,

281 2162 1131 2236 margaritarum,0rientalium
1147 2180 1417 2233 gazarum
1434 2175 1490 2220 et
1502 2166 1936 2238 peregrinarum

286 2254 592 2320 mercium,
607 2251 822 2325 quibus
846 2256 1038 2308 noster
1068 2251 1294 2324 indiget
1323 2253 1502 2319 orbis,
1522 2271 1623 2325 per
1643 2270 1801 2310 mare
1823 2255 1931 2311 Ru·

278 2343 474 2409 hrum,
506 2342 662 2397 unde
691 2342 962 2413 gentibus
994 2341 1111 2397 illis
1140 2343 1209 2396 ad
1247 2357 1350 2397 nos
1387 2342 1498 2397 iter
1529 2350 1636 2411 est,
1657 2344 1714 2399 in
1757 2358 1934 2414 supe·-

280 2431 464 2488 riores
510 2434 703 2501 partes
731 2429 978 2502 AEgypti,
1029 2429 1101 2485 ad
1151 2447 1273 2486 eain
1324 2431 1524 2487 urbem
1573 2449 1704 2504 quae
1749 2432 1932 2489 Aideb

280 2518 517 2583 dicitur,
539 2534 718 2589 super
745 2518 930 2588 ripam
961 2519 1222 2588 ejusdem
1256 2519 1433 2574 maris
1461 2520 1632 2576 sitam
1660 2521 1930 2589 insertur,

292 2607 351 2663 id
376 2612 557 2664 totum
580 2609 650 2662 ad
675 2605 918 2674 flumen,
941 2613 996 2663 et
1016 2607 1152 2663 inde
1175 2610 1588 2665 Alexandriam
1611 2614 1928 2670 descendit.

292 2696 387 2754 Sic
407 2712 543 2768 ergo
565 2694 948 2752 Orientalium
977 2703 1035 2753 et
1053 2697 1513 2756 occidentalium
1538 2700 1675 2757 illuc
1707 2702 1765 2757 fit
1795 2718 1930 2758 con-

287 2802 501 2843 cursus
524 2786 901 2857 populorum:
930 2792 1134 2859 estque
1162 2789 1364 2844 eadem
1387 2791 1588 2846 civitas
1611 2792 1799 2847 sorum
1819 2809 1927 2864 pu-

289 2875 507 2932 blicum
540 2875 775 2946 utrique
805 2876 952 2932 orbi.
984 2877 1154 2933 Clara
1183 2884 1420 2945 sane‚et
1448 2880 1707 2952 antiquis
1738 2881 1926 2937 titulis

282 2970 342 3023 et
372 2964 704 3032 modernis;
741 2965 840 3020 sed
873 2972 927 3022 et
954 2966 1108 3023 beati
1138 2967 1339 3033 Marci,
1372 2968 1654 3041 Principis
1686 2977 1927 3043 aposto-

284 3054 476 3112 lorum
505 3053 831 3127 spiritualis
864 3055 990 3124 filii,
1021 3057 1300 3113 divinitus
1330 3057 1405 3114 ad
1434 3060 1701 3115 eamdem
1732 3060 1921 3116 eccle·

2050 1899 2110 1951 et
2138 1897 2187 1965 ej
2200 1912 2266 1950 us
2297 1895 2704 1950 damnificatos
2733 1892 3116 1959 habitatores,
3140 1897 3270 1966 post
3290 1893 3510 1965 adepta
3541 1895 3694 1967 pacis

2049 1984 2264 2040 foedera
2310 1982 2831 2053 conquerebantur.
2866 1982 3173 2037 Instabant
3215 1998 3350 2055 ergo
3398 1984 3610 2053 nostri,
3641 1988 3695 2041 et

2048 2083 2197 2130 artes
2244 2072 2459 2144 quibus
2487 2070 2743 2127 obsessis
2793 2074 3031 2141 possent
3079 2071 3333 2137 officere,
3366 2078 3693 2144 satagentes

2046 2161 2327 2230 invenire,
2359 2176 2591 2216 omnem
2642 2159 3010 2216 attentabant
3050 2159 3294 2216 nocendi
3340 2160 3570 2217 aditum
3598 2179 3613 2231 ;
3642 2167 3696 2219 et

2047 2250 2408 2323 argumentis
2428 2249 2644 2321 quibus
2665 2254 2954 2321 poterant,
2970 2249 3029 2304 in
3053 2265 3256 2306 eorum
3289 2248 3593 2308 laesionem
3633 2268 3692 2308 se

2047 2338 2438 2395 instruebant.
2470 2341 2750 2394 Assultus
2782 2355 3012 2410 quoque
3034 2338 3257 2395 assidui
3298 2340 3562 2410 requiem
3596 2356 3691 2397 ne·

2043 2429 2258 2499 gabant
2289 2428 2568 2498 fatigatis.
2604 2427 2777 2483 Erant
2818 2444 2960 2484 sane
2989 2429 3143 2484 cives
3195 2429 3690 2499 negotiationibus

2044 2518 2287 2586 assueti,
2322 2533 2515 2572 rerum
2551 2515 2890 2572 militarium
2933 2521 3220 2588 expertes,
3268 2518 3490 2590 quique
3525 2534 3689 2578 usum

2042 2606 2349 2679 praeliandi
2373 2622 2487 2661 non
2522 2605 2832 2674 haberent;
2868 2605 3022 2660 unde
3054 2603 3360 2662 molestius
3389 2608 3689 2666 insuetum

2038 2694 2296 2752 laborem
2349 2701 2612 2766 poterant
2674 2699 2925 2766 portare.
2956 2694 3131 2750 Turci
3180 2701 3373 2752 autem
3427 2698 3529 2768 qui
3578 2697 3690 2756 illic

2038 2787 2461 2849 remanserant,
2490 2789 2615 2839 tum
2647 2783 2780 2854 quia
2812 2782 2980 2854 pauci
3009 2788 3196 2853 crant,
3219 2789 3347 2840 tum
3379 2787 3522 2857 qnia
3553 2788 3687 2844 civi·

2036 2876 2148 2931 bus
2177 2873 2315 2928 varii
2349 2877 2407 2928 et
2433 2871 2821 2928 inconstantis
2850 2871 3028 2926 animi
3062 2889 3176 2929 non
3216 2888 3353 2929 cum
3402 2875 3593 2932 multa
3622 2875 3687 2931 fi·

2036 2964 2207 3021 ducia
2251 2979 2314 3020 se
2343 2961 2811 3028 committebant,
2863 2961 2976 3017 rari
3023 2961 3094 3017 ad
3144 2956 3494 3035 confflictus,
3545 2965 3688 3023 etin

2034 3052 2548 3125 congressionibus
2570 3052 2954 3116 remissiores,
2981 3067 3096 3105 non
3121 3052 3370 3107 multum
3390 3052 3542 3110 alios
3564 3055 3690 3110 ani·

277 3144 428 3201 siam
451 3142 944 3207 missi,illustrata
965 3146 1369 3216 praedicatione
1390 3154 1448 3203 et
1470 3149 1669 3215 verbm
1709 3154 1768 3205 et
1792 3165 1923 3204 san·
1952 3120 1994 3189 C
2034 3144 2291 3199 mabant.
2323 3141 2470 3206 Quid
2516 3139 2732 3212 Plura?
2762 3139 3093 3207 Quotiditffli
3122 3137 3474 3208 0⁰⁰ffi502⁰82
3507 3145 3690 3200 wdefl

281 3235 509 3290 ctorum
538 3235 777 3288 Petrum
816 3232 1118 3289 Athanasii
1148 3240 1206 3290 et
1231 3235 1426 3308 Cyrilli
1472 3236 1824 3308 proelatione,
1874 3242 1932 3294 et

284 3319 535 3378 tumulis
581 3321 872 3391 decorata,
902 3325 1226 3379 secundum
1275 3327 1423 3382 inter
1466 3326 1929 3396 patriarcbaslo-

287 3424 421 3465 cum
455 3406 762 3478 obtinensg
794 3409 1041 3483 AEgyptb
1074 3411 1283 3482 Lybiae,
1315 3411 1649 3484 Pentapolis
1686 3420 1746 3470 et
1775 3412 1930 3470 mul-

284 3507 480 3553 tarum
506 3497 934 3569 provinciarum
967 3502 1279 3558 reverenda
1309 3503 1663 3575 metropolis.
1687 3503 1931 3562 Deduci-

285 3586 1928 3663 turillaeclassisuniversa,portasqueetomnemaditum

287 3676 646 3746 obsidentes,
666 3680 888 3735 nemini
903 3681 1215 3737 accedendi
1238 3680 1529 3738 licentiam
1555 3684 1925 3754 permittunt.

853 3787 1089 3844 CAPUT
1117 3787 1348 3847 XXVll.

285 3864 405 3921 Rex
431 3860 767 3919 obsidionem
794 3862 1149 3928 continuans,
1178 3862 1324 3916 cives
1370 3861 1770 3919 Alexandrinos
1808 3878 1929 3919 mo·

843 3931 1007 3987 lestat
1033 3934 1379 4002 pravissime.

349 4023 576 4080 Interea
603 4020 699 4092 qui
728 4020 788 4076 in
819 4020 983 4094 Syria
1011 4027 1432 4088 remanserant,
1465 4023 1763 4080 audientes
1785 4023 1928 4097 quia

274 4112 551 4169 dominus
585 4125 683 4166 rex
722 4109 1128 4166 Alexandriam
1182 4111 1504 4179 obsederat,
1544 4117 1603 4169 et
1631 4115 1785 4187 quod
1819 4131 1924 4170 na-

269 4199 560 4271 vigatione
589 4199 867 4254 continua
917 4197 1062 4253 infra
1092 4215 1309 4269 paucos
1339 4200 1464 4257 dies
1511 4202 1647 4259 illuc
1689 4212 1927 4275 possent

273 4285 597 4360 pervenire,
631 4286 899 4341 certatim
943 4286 1050 4341 iter
1080 4287 1394 4359 arripiunt,
1427 4294 1483 4345 et
1512 4293 1794 4365 correptis
1823 4310 1924 4348 ar-

277 4374 415 4444 mis,
441 4371 683 4428 navibus
703 4372 880 4428 victui
914 4374 1223 4445 imponunt
1244 4379 1589 4449 necessaria,
1609 4384 1664 4436 et
1684 4398 1746 4437 ss
1767 4382 1925 4452 ipsos

2041 3248 2279 3289 suorum
2316 3229 2623 3298 continuae,
2657 3228 2866 3299 vigiliae
2903 3244 3165 3301 perenes.
3193 3231 3469 3288 nocturni
3511 3234 3684 3290 timo·

2040 3337 2132 3378 res
2180 3320 2583 3376 alimentorum
2627 3334 2804 3389 super
2850 3318 3050 3375 omnia
3079 3308 3368 3389 desectus,
3403 3322 3687 3393 populum

2041 3412 2407 3477 attriverant,
2440 3408 3061 3480 dejecerantflanimos,
3081 3414 3143 3463 ut
3165 3408 3292 3479 Jam
3342 3410 3554 3466 urbem
3593 3413 3690 3467 de-

2040 3515 2233 3556 serere
2252 3503 2312 3555 et
2333 3497 2621 3553 libertatis
2643 3497 3038 3564 immemores,
3072 3495 3431 3568 quibuslibet
3452 3502 3688 3571 populis

2042 3588 2378 3661 mancipare
2414 3586 2602 3658 magis
2633 3585 2932 3658 eligerent,
2956 3600 3130 3655 quam
3164 3585 3222 3640 in
3254 3585 3597 3645 domesticis
3619 3590 3690 3646 la·

2040 3677 2203 3732 rinus
2251 3692 2384 3732 cum
2439 3673 2698 3746 parvulis
2739 3678 2798 3728 et
2851 3672 3132 3728 uxoribus
3169 3672 3345 3728 famis
3375 3675 3690 3733 acerbitate

2039 3764 2328 3823 consumi.
2352 3763 2630 3835 serpebat
2649 3778 2785 3834 ergo
2805 3777 3078 3817 murmur
3096 3760 3155 3817 in
3179 3761 3686 3836 populis,jamjam

2036 3856 2110 3912 ad
2133 3854 2331 3927 plures
2353 3869 2543 3909 sermo
2568 3852 2909 3908 manifestus
2928 3850 3394 3908 diffundebatur:
3417 3854 3557 3911 urbe
3570 3856 3690 3926 pel·

2039 3944 2230 4001 leudos
2276 3959 2391 4000 esse
2437 3942 2672 4013 hospites
2711 3940 3041 4012 pestilentes.
3071 3941 3170 4012 qui
3215 3946 3433 3997 tantum
3469 3942 3688 4000 civibus

2038 4035 2349 4092 intulerant
2379 4033 2735 4103 afflictionem
2758 4047 2777 4092 ,·
2808 4032 3162 4101 quaerendum
3182 4045 3502 4103 quocunque
3523 4040 3686 4105 pacto

2037 4124 2443 4198 esse,quomodo
2463 4122 2687 4190 civitas,
2709 4121 2952 4191 depulsis
2976 4123 3360 4191 inat-uentibus
3389 4124 3682 4192 molestiis,

2036 4216 2320 4273 obsidione
2347 4214 2547 4280 solata,
2598 4212 2851 4283 pristinis
2887 4212 3378 4281 commoditatibus,
3417 4217 3470 4268 et
3512 4216 3688 4270 solitae

2035 4307 2421 4361 restitueretur
2468 4301 2739 4358 libertati.
2793 4300 2986 4356 Sensit
3015 4300 3124 4356 boc
3172 4299 3595 4371 salahadinus,
3625 4308 3685 4359 et

2033 4392 2273 4451 occultis
2302 4391 2605 4460 citatisque
2647 4388 2889 4457 nuntiis,
2921 4393 3141 4444 statum
3175 4389 3336 4445 urbis
3369 4390 3677 4457 miserum,

279 4462 590 4519 invitantes
611 4461 727 4517 lasti
746 4461 990 4517 nimium
1026 4463 1494 4535 proficiscuntur.
1516 4470 1671 4525 Inter
1699 4485 1843 4541 quos
1872 4474 1930 4527 et
1957 4468 2004 4535 D
2036 4479 2280 4555 populis
2305 4496 2369 4536 se
2386 4478 2708 4536 deficientis
2737 4478 3119 4550 propositum,
3141 4478 3558 4537 alimentorum
3580 4497 3682 4536 su·

272 4552 552 4611 dominus
583 4550 926 4608 Fredericus
958 4553 1231 4623 Tyrensis
1259 4556 1746 4630 archiepiscopus,
1771 4576 1918 4632 prae-

270 4641 546 4700 decessor
578 4649 792 4713 noster,
814 4640 934 4697 zelo
963 4646 1152 4699 motus
1171 4643 1418 4700 aliorum
1444 4651 1497 4700 et
1525 4646 1763 4718 speciali
1785 4664 1919 4720 erga

272 4732 584 4790 dominum
619 4747 812 4803 regem
846 4737 1063 4789 tractus
1094 4734 1323 4804 affectu,
1355 4752 1487 4792 cum
1511 4736 1750 4796 honesto
1772 4738 1918 4796 satis

271 4822 579 4890 comitatu,
606 4822 835 4895 navigio
857 4822 1161 4880 descendit
1180 4824 1237 4881 in
1267 4829 1569 4899 AEgyptum
1593 4828 1725 4898 ;sed
1746 4829 1917 4901 aquis

264 4910 505 4969 Niliacis
536 4926 773 4967 causam
803 4912 1234 4984 praestantibus,
1258 4917 1585 4989 dysenteria
1604 4920 1776 4991 coepit
1810 4936 1918 4992 pe-

261 4996 687 5054 riculosissime
722 4998 1017 5067 laborare;
1068 5004 1223 5059 unde
1302 5008 1613 5077 antequam
1678 5007 1916 5066 domino

269 5086 390 5159 regi
438 5086 765 5143 traderetur
809 5089 1221 5163 [Alexandria],
1271 5098 1509 5150 coactus
1557 5100 1666 5166 est,
1698 5095 1916 5153 invale-

261 5179 461 5233 scente
482 5175 851 5249 aegritudino,
871 5178 1111 5235 domum
1138 5181 1344 5237 redire.
1366 5184 1470 5240 Hic
1495 5184 1727 5241 demum
1750 5202 1917 5242 sum-

260 5265 393 5338 ptis
428 5266 666 5321 navium
699 5264 873 5322 malis
898 5267 1196 5325 immensae
1228 5274 1589 5342 quantitatis,
1617 5276 1799 5331 vocati
1821 5292 1914 5331 ar-

260 5353 470 5420 tifices,
498 5352 797 5426 lignorum
842 5373 1111 5430 caesores,
1144 5360 1449 5417 castellum
1481 5362 1713 5435 erigunt
1753 5363 1913 5421 miro

263 5440 621 5512 altitudinis,
651 5445 807 5502 unde
846 5455 1022 5503 totam
1069 5453 1196 5504 erat
1226 5450 1524 5521 despicere
1579 5453 1910 5527 civitatem3

258 5526 545 5592 machino
560 5547 975 5609 quoque,quas
992 5536 1164 5610 vulgo
1188 5539 1472 5610 petrarias
1491 5550 1720 5618 vocant,
1757 5547 1914 5607 unde

2029 4585 2296 4644 premam
2326 4567 2608 4640 inopiam,
2633 4576 2840 4639 patruo
2869 4581 2978 4622 suo
2996 4582 3064 4623 ex
3085 4566 3284 4624 ordine
3314 4569 3523 4640 pandit
3547 4587 3562 4626 :
3590 4575 3682 4626 ut·

2028 4676 2140 4733 que
2170 4659 2345 4716 rebus
2368 4658 2686 4729 desperatis
2707 4671 2956 4729 praesens
2977 4655 3300 4713 remedium
3331 4662 3561 4730 satagat
3585 4660 3680 4716 in-

2024 4750 2242 4814 venire,
2274 4752 2332 4803 et
2360 4745 2740 4818 pereuntibus
2781 4745 3110 4815 consulere,
3143 4745 3333 4802 modis
3355 4748 3664 4814 omnibus,

2021 4837 2310 4908 implorat.
2342 4834 2579 4891 Interim
2609 4832 2892 4906 populum
2921 4833 3099 4889 simul
3129 4849 3264 4890 cum
3292 4834 3570 4893 Patribus
3597 4836 3680 4893 al-

2027 4925 2327 4998 loquitur;
2361 4926 2558 4979 monet
2604 4937 2709 4994 pro
2755 4923 3021 4979 uxor-ibus
3065 4929 3117 4980 et
3168 4922 3360 4979 liberis
3397 4940 3574 4997 usque
3603 4926 3677 4982 ad

2024 5019 2256 5072 mortem
2305 5010 2732 5077 decertandum
2762 5010 3018 5068 hortatur
3046 5018 3104 5067 ut
3142 5012 3283 5084 lepis
3325 5017 3384 5069 et
3403 5020 3676 5084 patema-

2024 5122 2150 5163 rum
2171 5103 2528 5163 traditionum
2558 5104 2673 5157 sint
2717 5104 3066 5159 oemutatores
3081 5120 3102 5167 ,·
3130 5119 3228 5174 pro
3271 5103 3490 5172 roribus
3516 5105 3675 5161 sala-

2027 5202 2138 5252 tem
2167 5194 2391 5251 adesse:
2420 5191 2754 5247 Sir-aeonum
2795 5206 3006 5263 quoque
3042 5194 3302 5263 patruum
3346 5208 3532 5262 suum,
3571 5210 3674 5266 pro

2024 5299 2213 5342 eorum
2262 5282 2584 5338 tiber-atione
2612 5285 2664 5335 et
2709 5295 2808 5351 pro
2855 5280 3168 5336 amovendis
3213 5279 3453 5338 hostibus
3507 5282 3675 5356 Αἰπ-

2018 5377 2179 5446 ptam
2206 5370 2463 5439 circuire,
2492 5367 2555 5425 in
2580 5366 2834 5440 proximo
2880 5385 3005 5424 cuin
3033 5368 3271 5440 infinitis
3305 5371 3482 5440 copiis
3509 5371 3671 5444 adsa-

2023 5464 2232 5518 turum.
2253 5461 2327 5516 At
2353 5458 2625 5517 dominus
2648 5473 2747 5515 rex
2774 5457 3006 5531 cognito
3024 5459 3175 5530 quod
3208 5459 3361 5516 inter
3386 5459 3546 5518 cives
3570 5477 3665 5520 es-

2022 5553 2112 5610 set
2139 5547 2446 5624 dissensio,
2476 5546 2770 5607 civitatem
2801 5546 2995 5622 urgeri
3025 5551 3222 5606 monet
3253 5548 3662 5612 incessanter:
