3784 6000
464 289 742 352 TRAOT.
789 288 893 350 DE
936 286 1376 351 scHISMA'rE
1417 288 1630 352 ORTO
1672 286 1874 352 POST
1920 288 2249 354 HONORII
2289 292 2343 354 11
2389 291 2747 355 MORTEM.

3196 298 3310 359 174

243 581 997 740 ARNULFI
1089 577 2171 743 LEXOVIENSIS
2257 581 2976 745 EPISGOPI

1223 836 1995 930 TRAGTATUS

455 1021 562 1082 DE
605 1018 1039 1083 sofflsuA'rn
1081 1017 1291 1080 on‘ro
1334 1015 1532 1080 Posi·
1577 1018 1902 1082 nonoan
1940 1019 1994 1081 11
2038 1022 2270 1082 PAPAE
2310 1022 2748 1088 uacassum.

532 1319 908 1378 PRAEFATIO

137 1411 298 1471 rabili
331 1411 434 1470 Dei
474 1410 662 1485 gratia
705 1407 1049 1466 Carnotensi
1079 1407 1349 1482 episcopo
1395 1405 1547 1464 Gau-

137 1504 391 1560 tomanae
431 1500 706 1558 Ecclesiae
733 1499 947 1573 legato,
977 1500 1324 1555 Annunrnus
1353 1496 1548 1554 archi-

141 1591 501 1666 sSagiensis,
526 1588 770 1648 clericus
792 1589 921 1661 ejus
942 1586 1184 1645 humilis
1205 1591 1262 1645 et
1283 1586 1546 1656 devotus,

137 1772 464 1846 :pedienda
523 1768 826 1844 legationis
876 1770 1076 1825 vestrae
1144 1765 1373 1838 negotia
1427 1781 1543 1821 non

137 1880 159 1918 a
184 1861 364 1919 fidele
386 1860 800 1929 ministerium,
823 1858 873 1915 si
890 1857 1179 1925 adessem,
1200 1870 1301 1928 pro
1322 1855 1543 1910 viribus

137 1968 179 2018 3,
198 1949 485 2008 invitaret
500 1949 657 2006 enim
678 1964 772 2004 me
792 1945 1260 2004 cumlaborantis
1277 1944 1545 2001 Ecclesiae

137 2040 456 2110 ammonis,
490 2043 614 2095 tum
661 2035 965 2094 beneficiis
1010 2033 1217 2091 vestris
1265 2033 1544 2091 obstricta

148 2136 281 2188 tum
306 2129 556 2189 Romani
581 2127 874 2201 pontificis
894 2125 1101 2198 gratia,
1115 2140 1229 2195 qua
1246 2139 1340 2180 me
1361 2123 1546 2181 fateor

137 2220 494 2295 obligatum.
528 2218 643 2277 Sed
674 2220 810 2291 quia
841 2233 933 2274 me
962 2217 1022 2273 in
1053 2215 1279 2273 ltaliam
1311 2213 1542 2271 deside-

152 2311 557 2368 Romanarum
578 2308 773 2381 legum
797 2307 996 2364 studia
1024 2305 1407 2373 deduxerunt,
1429 2301 1541 2359 loci

147 2400 430 2459 distantia
445 2397 742 2470 corporale
759 2396 908 2454 subd
918 2396 1039 2451 uxit
1055 2395 1423 2466 obsequium,
1438 2390 1542 2448 sed

137 2490 252 2549 tem
299 2505 416 2546 non
464 2487 786 2561 suppressit
834 2485 1128 2542 affectum.
1169 2483 1337 2540 Novit
1382 2481 1541 2537 enim

184 2585 421 2638 secretas
475 2575 843 2633 conscientias
891 2573 1078 2643 testis,
1126 2588 1299 2644 quam
1350 2567 1539 2627 fidelis

137 2686 157 2723 ².
203 2666 459 2741 patienti
507 2663 853 2738 compatiar,
893 2678 1066 2736 quam
1118 2662 1431 2718 affectuose
1474 2659 1535 2714 in

137 2777 144 2815 ι
207 2756 442 2831 praesuli
513 2755 774 2811 Romano
839 2751 1196 2820 condoleam,
1253 2764 1537 2822 quamque

160 2850 425 2904 vestrum
458 2861 551 2902 me
578 2847 699 2900 tota
729 2845 926 2898 mente
959 2840 1159 2914 judico
1190 2840 1532 2896 debitorem.

137 2937 330 2993 mirum
342 2932 949 3006 sublataimpendendi
968 2928 1347 3004 corporaliter
1358 2927 1538 2986 ol'flcii

138 3042 191 3090 e,
220 3024 439 3095 stylum
487 3022 692 3079 saltem
744 3022 1040 3078 continere
1069 3035 1182 3075 non
1213 3018 1400 3092 potui,
1431 3018 1533 3074 sed

140 3119 289 3175 dum
316 3114 839 3187 Engolismensem,
872 3114 1020 3185 quod
1055 3112 1247 3169 solum
1293 3112 1531 3183 impen-

138 3210 297 3265 terat
325 3206 568 3262 affectus
617 3203 896 3271 absentis,
929 3202 1212 3269 invectus,
1245 3201 1530 3273 originem

140 3297 191 3354 is
238 3296 390 3368 ejus,
438 3292 889 3351 conversationis
933 3291 1294 3364 qualitatem,
1325 3290 1529 3363 praela-

137 3401 350 3454 tusam,
375 3384 514 3456 quid
544 3386 699 3456 agat,
730 3381 815 3438 vel
861 3380 1042 3454 egerit
1085 3379 1157 3437 ab
1184 3379 1354 3436 initio
1382 3384 1530 3436 tem-

162 3474 368 3545 bujus,
403 3476 633 3529 servata
683 3473 969 3543 quantum
1018 3469 1175 3542 potui
1226 3466 1527 3536 brevitate,

137 3564 212 3621 xi.
265 3563 349 3619 Ad
400 3560 855 3618 confutationem
902 3574 1138 3632 quoque
1194 3557 1321 3629 ejus
1377 3556 1530 3630 stylo

137 3651 552 3712 etrum-Leonis
584 3650 828 3707 liberius
858 3653 1116 3722 evagato,
1138 3648 1415 3719 subjunxi
1457 3648 1528 3703 de

150 3741 381 3801 domini
413 3756 600 3815 papae,
635 3738 705 3795 de
734 3740 938 3796 ordine
967 3737 1262 3795 electionis
1289 3737 1438 3810 ejus,
1457 3735 1528 3792 de

137 3823 458 3905 rincipum,
489 3832 560 3887 de
591 3831 940 3903 populorum
971 3843 1286 3899 consensu,
1317 3826 1526 3901 quidve

137 3919 611 3993 icit-refragabilis
624 3919 885 3976 omnium
901 3917 1306 3991 religiosorum
1320 3914 1526 3989 probat

1577 1321 1632 1388 Α
1663 1314 1875 1374 Leonis
1941 1314 2003 1373 in
2088 1315 2255 1374 Italia
2318 1318 2534 1391 praesul
2602 1319 2903 1379 Romanus
2975 1320 3309 1382 indefessus

1656 1405 1937 1475 assistatg
1968 1406 2042 1463 ad
2080 1407 2475 1466 resistendum
2516 1408 2763 1467 Girardo
2808 1426 2912 1470 vos
2931 1410 3199 1487 ,reliquit
3244 1414 3307 1472 in

1653 1494 1862 1562 Gallia,
1888 1496 1956 1553 ut
2010 1497 2090 1554 sit
2145 1497 2323 1568 capiti
2362 1503 2539 1572 caput
2599 1501 2953 1574 oppositum.
2986 1506 3044 1560 et
3073 1503 3311 1564 dextera

1655 1585 1907 1642 dexterae
1947 1585 2301 1644 conseratur.
2335 1587 2502 1645 Sicut
2531 1590 2685 1647 enim
2735 1591 2937 1649 Petrus
2966 1590 3309 1652 schismatis

1654 1671 1836 1745 hujus
1856 1673 2129 1747 princeps
2157 1679 2216 1732 et
2235 1683 2441 1733 auctor
2459 1681 2568 1747 est,
2593 1676 2674 1735 sie
2704 1678 2981 1737 Girardus
3011 1681 3140 1754 ejus
3157 1682 3310 1740 inter

1653 1762 1852 1819 omnia
1882 1762 2270 1835 principalius
2299 1768 2390 1822 est
2417 1765 2890 1826 instrumentum.
2926 1769 2988 1826 In
3020 1785 3134 1843 quo
3165 1770 3307 1846 quid

1653 1851 1725 1908 de
1753 1849 1870 1908 fide
1898 1855 1956 1909 et
1999 1853 2313 1927 prudentia
2341 1858 2530 1913 vestra
2570 1857 2933 1914 sentiendum
2986 1858 3082 1932 sit,
3112 1862 3306 1918 mani·

1653 1941 1798 1999 feste
1827 1940 2136 2014 probatum
2190 1947 2299 2013 est,
2332 1960 2466 2001 eum
2498 1944 2724 2002 nullum
2773 1948 2935 2005 vobis
2986 1949 3307 2023 praetulerit

1653 2031 1725 2099 is,
1753 2030 1853 2104 qui
1887 2045 1996 2088 nec
2029 2032 2299 2104 probaret
2328 2034 2619 2107 ignotum,
2650 2050 2841 2110 neque
2887 2042 3091 2096 notum
3124 2055 3306 2114 supra

1651 2121 1862 2178 merita
1911 2121 2165 2194 propriae
2221 2121 2454 2180 virtutis
2519 2124 2769 2184 efferret.
2821 2126 3151 2186 Arbitratus
3216 2139 3304 2188 est

1651 2209 1835 2266 virum
1886 2226 2059 2282 quem
2117 2212 2369 2269 charitas
2427 2213 2731 2286 animaret,
2783 2232 2954 2290 quem
2998 2218 3306 2276 suscitaret

1649 2298 2002 2368 obedientia,
2049 2315 2225 2371 quem
2294 2300 2542 2358 scientia
2598 2307 2847 2375 cogeret,
2906 2305 2998 2361 cui
3073 2312 3303 2378 pararet

1649 2386 1926 2445 fortitudo
1956 2388 2276 2444 victoriam.
2312 2389 2577 2447 Probavit
2617 2391 2677 2447 in
2727 2392 2890 2450 vobis
2920 2393 2978 2450 in
3013 2393 3125 2451 lide
3162 2412 3300 2454 con-

1649 2478 1951 2547 stantiam,
1964 2476 2355 2536 humilitatem
2371 2479 2386 2533 i
2397 2497 2430 2535 n
2449 2479 2845 2553 obsequendo,
2861 2483 2920 2538 in
2934 2487 3302 2556 exsequendo

1651 2567 2041 2640 prudentiam,
2091 2568 2149 2624 in
2207 2569 2549 2628 difficultate
2597 2574 3108 2644 perseverantiam.
3157 2574 3301 2641 Quis

1646 2673 1750 2714 vos
1796 2657 1909 2714 bac
1960 2658 2088 2730 ejus
2152 2659 2580 2718 existimatione
2627 2666 2795 2735 neget
2843 2678 2973 2720 esse
3032 2664 3304 2723 felicem?

1645 2747 1786 2812 Quis
1818 2748 2050 2804 beatum
2086 2751 2252 2804 tanta
2280 2750 2409 2820 ejus
2437 2750 2773 2824 dignatione
2803 2768 2916 2809 non
2951 2752 3156 2811 dicat?
3184 2753 3297 2812 Sed

1645 2837 1898 2908 profecto
1948 2834 2161 2909 dignus
2210 2838 2474 2895 mittente
2523 2841 2786 2909 nuntius,
2818 2842 3060 2916 dignum
3108 2845 3297 2901 susci-

1644 2924 1838 2996 piente
1861 2925 2224 2995 mandatum,
2248 2942 2384 2999 spes
2408 2929 2715 3002 utriusque
2735 2928 3146 3005 pulcherrima,
3169 2948 3294 3005 quaa

1643 3024 1762 3072 tam
1786 3014 2075 3073 celebrem
2098 3015 2396 3074 victoriam
2413 3025 2565 3074 certo
2598 3023 2823 3093 spectat
2843 3024 3071 3078 eventu.
3087 3022 3294 3080 Vincet

1642 3105 1798 3161 enim
1828 3104 1886 3160 in
1910 3105 2076 3162 vobis
2106 3105 2254 3178 ipse,
2272 3106 2374 3163 sed
2404 3111 2461 3164 et
2481 3123 2582 3164 vos
2611 3107 2852 3167 vincetis
2875 3109 2932 3166 in
2955 3109 3084 3184 ipso
3114 3111 3288 3180 ;dum

1640 3194 1767 3266 ipse
1808 3192 1972 3251 vobis
2020 3194 2419 3267 autoritatem,
2463 3212 2566 3253 vos
2614 3199 2953 3256 auctoritati
2999 3200 3291 3272 praestatis

1640 3283 2012 3356 obsequium.
2028 3283 2305 3353 vincetis,
2327 3284 2588 3357 inquam,
2602 3291 2658 3345 et
2677 3289 3035 3361 captivatum
3058 3289 3285 3347 hostem

1638 3373 1841 3429 sedata
1880 3373 2191 3447 Aquitania
2237 3375 2565 3446 reducetis3
2598 3381 2663 3433 ut
2689 3395 2793 3451 per
2832 3395 2933 3437 vos
2976 3381 3026 3437 ei
3058 3381 3154 3454 qui
3186 3397 3286 3439 vos

1640 3462 1801 3519 misit
1826 3461 2083 3532 oblatus,
2107 3464 2179 3520 ob
2204 3481 2419 3522 novum
2453 3465 2673 3524 crimen
2698 3485 2845 3525 novo
2876 3486 3060 3541 poenae
3079 3486 3287 3543 genere

1638 3552 1933 3624 puniatur.
1964 3554 2225 3609 Indurati
2271 3556 2428 3612 enim
2477 3557 2669 3613 cordis
2699 3557 3151 3630 impoenitentia,
3183 3577 3287 3618 ve-

1642 3641 1801 3697 niam
1847 3658 1965 3699 non
2017 3647 2293 3699 meretur.
2325 3643 2446 3701 Boc
2478 3649 2670 3703 autem
2721 3647 3023 3720 praemium
3056 3666 3090 3704 a
3117 3649 3284 3705 vobis

1636 3734 1798 3790 bonae
1830 3734 2042 3791 saltem
2073 3734 2395 3792 voluntatis
2426 3739 2776 3808 exposco,ut
2805 3736 2950 3793 mibi
2977 3738 3286 3796 tuncinter

1635 3840 1732 3881 eos
1781 3824 1878 3896 qui
1912 3825 2086 3881 modo
2135 3824 2303 3896 quasi
2349 3827 2458 3883 sub
2508 3825 2725 3883 ducatu
2758 3829 2946 3884 vestro
2995 3826 3283 3895 militant,

1634 3913 1795 3985 sequi
1818 3929 2054 3969 currum
2078 3913 2248 3970 liceat
2276 3913 2711 3987 triumphantia,
2734 3918 2792 3973 et
2815 3915 3014 3973 laudes
3033 3919 3281 3987 vestras,

1634 4005 1753 4061 imo
1781 4002 2070 4060 vincentis
2113 4002 2172 4059 in
2204 4002 2367 4060 vobis
2413 4003 2704 4075 Eccleeiae,
2735 4006 3024 4077 praeconia
3072 4005 3285 4064 decan-

137 4103 331 4159 autem
383 4099 580 4172 ipsum
620 4113 911 4171 praesumo
959 4095 1250 4168 majestati
1296 4099 1519 4164 vestrae,
1553 4069 1596 4135 C
1635 4100 1773 4151 tare.
1802 4091 2020 4149 Valete.

167 4189 575 4262 impudenter,
607 4187 831 4252 offerre,
862 4202 996 4243 cum
1030 4186 1362 4242 nullatenus
1394 4200 1526 4242 ora-

138 4280 298 4352 iunae
327 4278 544 4335 macies
576 4279 870 4333 mereatur
899 4278 958 4332 in
998 4275 1298 4348 sapientiae
1328 4278 1526 4330 vestrae

142 4374 514 4441 onspectum.
540 4366 672 4423 Scio
721 4370 915 4424 tamen
958 4364 1092 4439 quia
1133 4364 1347 4437 saepius
1373 4363 1527 4435 apud

144 4456 344 4531 guttas
375 4456 803 4530 indulgentiam
834 4456 1007 4529 parit,
1040 4471 1217 4527 quam
1250 4454 1529 4511 severitas

138 4562 540 4619 ‚ma,poenam.
568 4545 677 4610 Qui
699 4545 852 4601 enim
878 4544 1074 4602 leviori
1096 4544 1280 4616 culpae
1301 4541 1530 4600 veniam

137 4651 357 4693 :ansam
406 4633 759 4707 quandoque
800 4633 1081 4706 gravioris
1141 4633 1437 4704 importat.
1469 4629 1530 4688 Si

137 4741 271 4782 men
319 4727 382 4781 ln
422 4724 716 4796 judicium
762 4724 938 4780 libeat
987 4724 1283 4791 devocare,
1312 4737 1428 4778 non
1460 4721 1532 4777 de

137 4832 153 4872 ³
181 4813 404 4889 operis,
427 4815 524 4871 sed
550 4815 622 4872 de
651 4813 876 4887 opificis
906 4812 1267 4887 cognoscatis
1297 4812 1532 4869 affectu.

137 4904 546 4963 seminationis
596 4903 853 4975 periculo
884 4919 974 4960 me
1003 4918 1245 4961 securus
1284 4917 1530 4975 expon0‚

140 4994 428 5052 ditionem
479 4993 826 5061 formidans,
858 5009 962 5050 nec
1009 4992 1188 5049 latam
1233 5008 1302 5048 ex
1331 4992 1533 5062 cogni·

137 5084 458 5143 mtentiam.
505 5083 651 5151 Quia
697 5082 832 5139 licet
877 5081 1232 5140 rhetoricum
1279 5080 1530 5138 colorem

137 5173 368 5232 pientia
413 5189 528 5230 non
574 5173 844 5242 affectus,
878 5172 927 5230 si
959 5188 1077 5229 non
1119 5172 1268 5228 bane
1312 5168 1532 5244 peritiae

182 5264 398 5323 saltem
443 5265 612 5321 bonas
658 5262 978 5322 voluntatis
1023 5261 1277 5338 gratiam
1328 5275 1533 5320 conse·

137 5393 150 5412 .
180 5354 302 5413 Sed
340 5358 400 5412 et
427 5353 539 5412 hoc
586 5355 658 5411 ad
691 5372 796 5415 vos
826 5354 1204 5428 potissimum
1253 5351 1533 5410 destinari

2170 4184 2403 4243 CAPUT
2442 4185 2752 4244 PRIMUM.

1707 4274 1888 4332 Anxie
1919 4277 1976 4331 te
2015 4273 2369 4348 jamdulum,
2418 4275 2677 4350 Girarde,
2710 4278 2988 4350 sustinui,
3022 4279 3162 4338 dum
3211 4281 3285 4340 ad

1637 4380 1745 4422 noe
1775 4364 2036 4437 quotidie
2064 4364 2420 4438 flagitiorum
2460 4375 2692 4425 tuorum
2743 4369 2891 4427 fetor
2919 4370 3205 4442 ascendit,
3227 4375 3287 4429 et

1637 4470 1806 4512 aures
1851 4457 2084 4512 nostras
2148 4456 2378 4529 gravior
2424 4475 2607 4516 sonus
2656 4459 2931 4531 nequitias
2996 4460 3288 4518 saevientis

1639 4547 1964 4618 exasperat.
1999 4544 2139 4601 Silui
2169 4549 2362 4603 tamen
2396 4546 2677 4605 hactenus
2710 4549 2851 4606 dnm
2882 4549 3284 4622 poenitentiam

1641 4638 1803 4692 tuam
1847 4634 2124 4692 credulus
2190 4639 2555 4710 exspectator
2616 4639 2877 4709 attendo,
2926 4643 3029 4694 aut
3077 4636 3289 4694 divinae

1644 4741 1856 4783 manus
1886 4742 2004 4784 non
2053 4726 2223 4784 credo
2275 4726 2657 4784 differendam
2709 4727 2929 4784 diutius
2976 4726 3286 4788 ultionem.

1642 4815 1754 4875 Sed
1777 4814 1947 4873 nobis
1969 4815 2198 4879 circate
2214 4815 2419 4873 divinoe
2440 4814 2903 4889 longanimitatis
2920 4818 2978 4872 et
2998 4813 3287 4889 patientiae

1642 4904 2011 4978 proponenda
2032 4906 2316 4978 exempla,
2332 4908 2516 4977 tuque
2535 4918 2768 4977 semper
2788 4919 2854 4962 eo
2871 4904 3288 4976 vehementior.

1641 4994 1702 5050 in
1734 4991 2055 5050 Ecclesiam
2085 4992 2188 5050 Dei
2214 4992 2463 5066 singulis
2491 4992 2696 5050 diebus
2732 4992 3060 5052 indefessus
3091 5010 3290 5067 perse-

1641 5086 1806 5141 cutor
1832 5081 2113 5154 insurgis.
2147 5081 2455 5155 Quousque
2497 5080 2678 5154 igitur
2721 5081 2959 5142 abutere
3007 5084 3290 5158 patientia

1642 5172 1790 5230 Dei?
1833 5172 2143 5244 Quousque
2192 5174 2447 5228 mentem
2497 5174 2659 5230 tuam
2712 5172 3125 5231 inestimabilis
3175 5173 3292 5231 ista

1643 5261 1879 5321 coecabit
1927 5260 2210 5331 ambitio;
2243 5268 2297 5318 et
2333 5278 2366 5318 a
2396 5261 2636 5320 veritate
2683 5263 2941 5335 pecuniae
2991 5262 3120 5321 sitis
3170 5263 3291 5320 baec

1641 5352 1996 5411 inexstincta
2025 5354 2367 5425 praevertet3
2396 5350 2663 5423 nunquid
2716 5351 2987 5410 miseram
3020 5357 3292 5411 senectu-

137 5443 454 5514 mutabat,
512 5459 650 5502 cum
704 5444 765 5500 in
831 5460 959 5502 eam
1018 5458 1258 5502 causam
1317 5444 1530 5500 cuncta
1561 5444 1608 5511 D
1636 5446 1756 5501 tem
1786 5448 1965 5511 tuam,
1992 5445 2050 5501 et
2078 5441 2396 5499 instantem
2437 5439 2713 5513 decrepiti
2747 5441 3007 5516 corporis
3036 5441 3293 5501 naturali

137 5552 225 5593 xm
283 5533 631 5608 allegentur,
690 5550 820 5608 qum
876 5533 1043 5593 vobis
1098 5533 1323 5607 agenda
1373 5546 1534 5590 com·

137 5630 223 5685 st.
276 5619 507 5699 Quippe
553 5637 689 5682 cum
747 5622 821 5681 ad
884 5622 1279 5684 resistendum
1336 5621 1535 5683 Petro-

1646 5529 1991 5591 necessitate
2036 5531 2348 5602 derectum,
2380 5533 2438 5589 et
2481 5528 2701 5588 hiantis
2731 5530 2989 5607 sepulcri
3036 5531 3296 5592 claustra

1646 5639 1763 5682 non
1810 5618 2023 5681 vides?
2065 5619 2193 5681 Non
2235 5618 2419 5681 sentis
2464 5635 2986 5698 superexcrescens
3033 5621 3187 5688 eirca
3236 5626 3294 5682 te
