<?xml version="1.0" encoding="UTF-8"?>
<!DOCTYPE html PUBLIC "-//W3C//DTD XHTML 1.0 Transitional//EN"
    "http://www.w3.org/TR/xhtml1/DTD/xhtml1-transitional.dtd">
<html xmlns="http://www.w3.org/1999/xhtml" xml:lang="en" lang="en">
 <head>
  <title>
</title>
<meta http-equiv="Content-Type" content="text/html;charset=utf-8" />
  <meta name='ocr-system' content='tesseract 3.04.00' />
  <meta name='ocr-capabilities' content='ocr_page ocr_carea ocr_par ocr_line ocrx_word'/>
</head>
<body>
  <div class='ocr_page' id='page_1' title='image "./patrologiaecurs32goog_0681.png"; bbox 0 0 3784 6000; ppageno 0'>
   <div class='ocr_carea' id='block_1_1' title="bbox 801 157 2235 231">
    <p class='ocr_par' dir='ltr' id='par_1_1' title="bbox 801 157 2235 231">
     <span class='ocr_line' id='line_1_1' title="bbox 801 157 2235 231; baseline -0.007 -3"><span class='ocrx_word' id='word_1_1' title='bbox 801 170 1171 231; x_wconf 79' lang='lat' dir='ltr'><strong>EPISTOLAE</strong></span> <span class='ocrx_word' id='word_1_2' title='bbox 1207 170 1295 228; x_wconf 87' lang='lat' dir='ltr'><strong>ET</strong></span> <span class='ocrx_word' id='word_1_3' title='bbox 1335 157 1767 226; x_wconf 74' lang='lat' dir='ltr'><strong>PfflvlLEGIA&#39;.</strong></span> <span class='ocrx_word' id='word_1_4' title='bbox 1811 199 1878 209; x_wconf 92' lang='lat'><em>-</em></span> <span class='ocrx_word' id='word_1_5' title='bbox 1917 166 2033 224; x_wconf 87' lang='lat' dir='ltr'><strong>AN.</strong></span> <span class='ocrx_word' id='word_1_6' title='bbox 2080 165 2235 224; x_wconf 77' lang='grc'><strong>1185.</strong></span> 
     </span>
    </p>
   </div>
   <div class='ocr_carea' id='block_1_2' title="bbox 3076 166 3221 227">
    <p class='ocr_par' dir='ltr' id='par_1_2' title="bbox 3076 166 3221 227">
     <span class='ocr_line' id='line_1_2' title="bbox 3076 166 3221 227; baseline 0.014 -2"><span class='ocrx_word' id='word_1_7' title='bbox 3076 166 3221 227; x_wconf 68' lang='lat' dir='ltr'><strong>tatu</strong></span> 
     </span>
    </p>
   </div>
   <div class='ocr_carea' id='block_1_3' title="bbox 137 287 3220 372">
    <p class='ocr_par' dir='ltr' id='par_1_3' title="bbox 137 287 3220 372">
     <span class='ocr_line' id='line_1_3' title="bbox 137 287 3220 372; baseline -0.001 -20"><span class='ocrx_word' id='word_1_8' title='bbox 137 301 261 353; x_wconf 88' lang='lat' dir='ltr'><strong>ctus</strong></span> <span class='ocrx_word' id='word_1_9' title='bbox 281 297 690 357; x_wconf 76' lang='lat' dir='ltr'><strong>investituram</strong></span> <span class='ocrx_word' id='word_1_10' title='bbox 724 298 1134 372; x_wconf 77' lang='lat' dir='ltr'><strong>proepositurae</strong></span> <span class='ocrx_word' id='word_1_11' title='bbox 1162 295 1238 354; x_wconf 89' lang='lat' dir='ltr'><strong>de</strong></span> <span class='ocrx_word' id='word_1_12' title='bbox 1264 306 1448 350; x_wconf 89' lang='lat' dir='ltr'><strong>manu</strong></span> <span class='ocrx_word' id='word_1_13' title='bbox 1483 290 1531 344; x_wconf 82' lang='lat' dir='ltr'>A</span> <span class='ocrx_word' id='word_1_14' title='bbox 1563 289 1719 345; x_wconf 89' lang='lat' dir='ltr'><strong>simo</strong></span> <span class='ocrx_word' id='word_1_15' title='bbox 1732 304 1983 362; x_wconf 89' lang='lat' dir='ltr'><strong>corpore</strong></span> <span class='ocrx_word' id='word_1_16' title='bbox 2016 305 2086 346; x_wconf 89' lang='lat' dir='ltr'><strong>ac</strong></span> <span class='ocrx_word' id='word_1_17' title='bbox 2114 289 2411 360; x_wconf 84' lang='lat' dir='ltr'><strong>sanguine</strong></span> <span class='ocrx_word' id='word_1_18' title='bbox 2433 287 2666 345; x_wconf 80' lang='lat' dir='ltr'>Domini</span> <span class='ocrx_word' id='word_1_19' title='bbox 2687 288 2876 347; x_wconf 87' lang='lat' dir='ltr'><strong>nostri</strong></span> <span class='ocrx_word' id='word_1_20' title='bbox 2897 290 3040 348; x_wconf 75' lang='lat' dir='ltr'><strong>lesu</strong></span> <span class='ocrx_word' id='word_1_21' title='bbox 3059 290 3220 350; x_wconf 86' lang='lat' dir='ltr'><strong>Chri·</strong></span> 
     </span>
    </p>
   </div>
   <div class='ocr_carea' id='block_1_4' title="bbox 137 381 1452 459">
    <p class='ocr_par' dir='ltr' id='par_1_4' title="bbox 137 381 1452 459">
     <span class='ocr_line' id='line_1_4' title="bbox 137 381 1452 459; baseline -0.006 -16"><span class='ocrx_word' id='word_1_22' title='bbox 137 387 329 455; x_wconf 80' lang='lat' dir='ltr'><strong>gensis</strong></span> <span class='ocrx_word' id='word_1_23' title='bbox 355 385 680 443; x_wconf 78' lang='lat' dir='ltr'><strong>abbatissoe</strong></span> <span class='ocrx_word' id='word_1_24' title='bbox 713 386 945 459; x_wconf 86' lang='lat' dir='ltr'><strong>absque</strong></span> <span class='ocrx_word' id='word_1_25' title='bbox 994 386 1112 442; x_wconf 92' lang='lat' dir='ltr'><strong>ulla</strong></span> <span class='ocrx_word' id='word_1_26' title='bbox 1153 381 1452 441; x_wconf 87' lang='lat' dir='ltr'><strong>contradi-</strong></span> 
     </span>
    </p>
   </div>
   <div class='ocr_carea' id='block_1_5' title="bbox 1562 359 3217 451">
    <p class='ocr_par' dir='ltr' id='par_1_5' title="bbox 1562 359 3217 451">
     <span class='ocr_line' id='line_1_5' title="bbox 1562 359 3217 451; baseline 0.004 -18"><span class='ocrx_word' id='word_1_27' title='bbox 1562 359 1633 435; x_wconf 73' lang='lat' dir='ltr'><strong>s⁸t&#39;i</strong></span> <span class='ocrx_word' id='word_1_28' title='bbox 1665 379 1860 436; x_wconf 91' lang='lat' dir='ltr'><strong>aliena</strong></span> <span class='ocrx_word' id='word_1_29' title='bbox 1882 380 2010 447; x_wconf 85' lang='lat' dir='ltr'><strong>flat,</strong></span> <span class='ocrx_word' id='word_1_30' title='bbox 2043 386 2223 451; x_wconf 86' lang='lat' dir='ltr'><strong>atque</strong></span> <span class='ocrx_word' id='word_1_31' title='bbox 2250 377 2307 435; x_wconf 92' lang='lat' dir='ltr'><strong>in</strong></span> <span class='ocrx_word' id='word_1_32' title='bbox 2337 383 2605 436; x_wconf 88' lang='lat' dir='ltr'><strong>extremo</strong></span> <span class='ocrx_word' id='word_1_33' title='bbox 2632 377 2909 436; x_wconf 88' lang='lat' dir='ltr'><strong>examine</strong></span> <span class='ocrx_word' id='word_1_34' title='bbox 2937 378 3217 439; x_wconf 71' lang='lat' dir='ltr'><strong>districtus</strong></span> 
     </span>
    </p>
   </div>
   <div class='ocr_carea' id='block_1_6' title="bbox 137 467 3222 629">
    <p class='ocr_par' dir='ltr' id='par_1_6' title="bbox 137 467 3222 629">
     <span class='ocr_line' id='line_1_6' title="bbox 137 467 3221 547; baseline -0.001 -17"><span class='ocrx_word' id='word_1_35' title='bbox 137 491 218 531; x_wconf 91' lang='lat' dir='ltr'><strong>no</strong></span> <span class='ocrx_word' id='word_1_36' title='bbox 238 475 405 531; x_wconf 90' lang='lat' dir='ltr'><strong>aditu</strong></span> <span class='ocrx_word' id='word_1_37' title='bbox 434 491 538 547; x_wconf 90' lang='lat' dir='ltr'><strong>per</strong></span> <span class='ocrx_word' id='word_1_38' title='bbox 562 475 783 533; x_wconf 89' lang='lat' dir='ltr'><strong>librum</strong></span> <span class='ocrx_word' id='word_1_39' title='bbox 813 477 999 547; x_wconf 88' lang='lat' dir='ltr'><strong>gratis</strong></span> <span class='ocrx_word' id='word_1_40' title='bbox 1029 473 1305 546; x_wconf 90' lang='lat' dir='ltr'><strong>accipiat.</strong></span> <span class='ocrx_word' id='word_1_41' title='bbox 1335 470 1455 527; x_wconf 79' lang='lat' dir='ltr'><strong>Ad·</strong></span> <span class='ocrx_word' id='word_1_42' title='bbox 1564 467 1770 525; x_wconf 88' lang='lat' dir='ltr'><strong>ultioni</strong></span> <span class='ocrx_word' id='word_1_43' title='bbox 1822 468 2132 540; x_wconf 88' lang='lat' dir='ltr'><strong>subjaceat</strong></span> <span class='ocrx_word' id='word_1_44' title='bbox 2175 468 2413 525; x_wconf 87' lang='lat' dir='ltr'><strong>Cunctis</strong></span> <span class='ocrx_word' id='word_1_45' title='bbox 2451 472 2652 524; x_wconf 89' lang='lat' dir='ltr'><strong>autem</strong></span> <span class='ocrx_word' id='word_1_46' title='bbox 2692 467 2887 524; x_wconf 91' lang='lat' dir='ltr'><strong>eidem</strong></span> <span class='ocrx_word' id='word_1_47' title='bbox 2931 467 3063 527; x_wconf 87' lang='lat' dir='ltr'><strong>loco</strong></span> <span class='ocrx_word' id='word_1_48' title='bbox 3107 485 3221 528; x_wconf 83' lang='lat' dir='ltr'><strong>sua</strong></span> 
     </span>
     <span class='ocr_line' id='line_1_7' title="bbox 164 555 3222 629; baseline -0.001 -10"><span class='ocrx_word' id='word_1_49' title='bbox 164 564 555 621; x_wconf 88' lang='lat' dir='ltr'><strong>nibilominus</strong></span> <span class='ocrx_word' id='word_1_50' title='bbox 577 570 640 622; x_wconf 92' lang='lat' dir='ltr'><strong>ut</strong></span> <span class='ocrx_word' id='word_1_51' title='bbox 671 564 920 623; x_wconf 89' lang='lat' dir='ltr'><strong>ecclesia</strong></span> <span class='ocrx_word' id='word_1_52' title='bbox 955 565 1017 622; x_wconf 91' lang='lat' dir='ltr'><strong>in</strong></span> <span class='ocrx_word' id='word_1_53' title='bbox 1040 562 1451 622; x_wconf 66' lang='lat' dir='ltr'><strong>‘trutenhusen</strong></span> <span class='ocrx_word' id='word_1_54' title='bbox 1561 558 1699 628; x_wconf 85' lang='lat' dir='ltr'><strong>jura</strong></span> <span class='ocrx_word' id='word_1_55' title='bbox 1727 557 2110 614; x_wconf 78' lang='lat' dir='ltr'><strong>servantibus</strong></span> <span class='ocrx_word' id='word_1_56' title='bbox 2139 555 2216 613; x_wconf 91' lang='lat' dir='ltr'><strong>sit</strong></span> <span class='ocrx_word' id='word_1_57' title='bbox 2244 571 2365 629; x_wconf 85' lang='lat' dir='ltr'><strong>pax</strong></span> <span class='ocrx_word' id='word_1_58' title='bbox 2399 555 2633 614; x_wconf 84' lang='lat' dir='ltr'><strong>Domini</strong></span> <span class='ocrx_word' id='word_1_59' title='bbox 2670 556 2858 614; x_wconf 79' lang='lat' dir='ltr'><strong>nostri</strong></span> <span class='ocrx_word' id='word_1_60' title='bbox 2886 558 3024 616; x_wconf 81' lang='lat' dir='ltr'><strong>Jesu</strong></span> <span class='ocrx_word' id='word_1_61' title='bbox 3054 558 3222 617; x_wconf 85' lang='lat' dir='ltr'><strong>Chri-</strong></span> 
     </span>
    </p>
   </div>
   <div class='ocr_carea' id='block_1_7' title="bbox 136 648 1464 1616">
    <p class='ocr_par' dir='ltr' id='par_1_7' title="bbox 136 648 1464 1616">
     <span class='ocr_line' id='line_1_8' title="bbox 137 648 1456 727; baseline -0.003 -19"><span class='ocrx_word' id='word_1_62' title='bbox 137 652 475 724; x_wconf 78' lang='lat' dir='ltr'><strong>iburgensis</strong></span> <span class='ocrx_word' id='word_1_63' title='bbox 503 653 780 710; x_wconf 89' lang='lat' dir='ltr'><strong>advocati</strong></span> <span class='ocrx_word' id='word_1_64' title='bbox 802 653 1134 727; x_wconf 90' lang='lat' dir='ltr'><strong>patrocinio</strong></span> <span class='ocrx_word' id='word_1_65' title='bbox 1173 648 1456 708; x_wconf 84' lang='lat' dir='ltr'><strong>defenda-</strong></span> 
     </span>
     <span class='ocr_line' id='line_1_9' title="bbox 137 738 1458 800; baseline -0.002 -3"><span class='ocrx_word' id='word_1_66' title='bbox 137 741 305 798; x_wconf 86' lang='lat' dir='ltr'><strong>slibet</strong></span> <span class='ocrx_word' id='word_1_67' title='bbox 325 741 626 800; x_wconf 78' lang='lat' dir='ltr'><strong>saecularis</strong></span> <span class='ocrx_word' id='word_1_68' title='bbox 642 758 827 800; x_wconf 90' lang='lat' dir='ltr'><strong>causa</strong></span> <span class='ocrx_word' id='word_1_69' title='bbox 841 742 988 799; x_wconf 90' lang='lat' dir='ltr'><strong>inibi</strong></span> <span class='ocrx_word' id='word_1_70' title='bbox 1007 739 1348 799; x_wconf 86' lang='lat' dir='ltr'><strong>ventilanda</strong></span> <span class='ocrx_word' id='word_1_71' title='bbox 1371 738 1458 795; x_wconf 89' lang='lat' dir='ltr'><strong>in-</strong></span> 
     </span>
     <span class='ocr_line' id='line_1_10' title="bbox 142 828 1452 900; baseline -0.002 -15"><span class='ocrx_word' id='word_1_72' title='bbox 142 831 265 887; x_wconf 86' lang='lat' dir='ltr'><strong>sius</strong></span> <span class='ocrx_word' id='word_1_73' title='bbox 306 832 582 888; x_wconf 87' lang='lat' dir='ltr'><strong>advocati</strong></span> <span class='ocrx_word' id='word_1_74' title='bbox 632 832 1006 888; x_wconf 88' lang='lat' dir='ltr'><strong>discutiatur.</strong></span> <span class='ocrx_word' id='word_1_75' title='bbox 1049 833 1217 888; x_wconf 84' lang='lat' dir='ltr'><strong>Nunc</strong></span> <span class='ocrx_word' id='word_1_76' title='bbox 1257 828 1452 900; x_wconf 86' lang='lat' dir='ltr'><strong>igitur,</strong></span> 
     </span>
     <span class='ocr_line' id='line_1_11' title="bbox 143 916 1460 993; baseline -0.002 -19"><span class='ocrx_word' id='word_1_77' title='bbox 143 919 241 990; x_wconf 88' lang='lat' dir='ltr'><strong>pia</strong></span> <span class='ocrx_word' id='word_1_78' title='bbox 283 919 683 993; x_wconf 86' lang='lat' dir='ltr'><strong>religiosaque</strong></span> <span class='ocrx_word' id='word_1_79' title='bbox 727 924 955 977; x_wconf 87' lang='lat' dir='ltr'><strong>statuta</strong></span> <span class='ocrx_word' id='word_1_80' title='bbox 1002 924 1207 976; x_wconf 86' lang='lat' dir='ltr'><strong>nostro</strong></span> <span class='ocrx_word' id='word_1_81' title='bbox 1245 916 1460 974; x_wconf 83' lang='lat' dir='ltr'><strong>conflr-</strong></span> 
     </span>
     <span class='ocr_line' id='line_1_12' title="bbox 143 1003 1460 1082; baseline -0.001 -20"><span class='ocrx_word' id='word_1_82' title='bbox 143 1010 347 1074; x_wconf 84' lang='lat' dir='ltr'><strong>imine,</strong></span> <span class='ocrx_word' id='word_1_83' title='bbox 379 1013 561 1081; x_wconf 89' lang='lat' dir='ltr'><strong>atque</strong></span> <span class='ocrx_word' id='word_1_84' title='bbox 581 1009 914 1082; x_wconf 85' lang='lat' dir='ltr'><strong>apostolica</strong></span> <span class='ocrx_word' id='word_1_85' title='bbox 943 1008 1309 1082; x_wconf 89' lang='lat' dir='ltr'><strong>protectione</strong></span> <span class='ocrx_word' id='word_1_86' title='bbox 1339 1003 1460 1062; x_wconf 90' lang='lat' dir='ltr'><strong>val·</strong></span> 
     </span>
     <span class='ocr_line' id='line_1_13' title="bbox 137 1095 1460 1154; baseline -0.002 -1"><span class='ocrx_word' id='word_1_87' title='bbox 137 1103 229 1153; x_wconf 90' lang='lat' dir='ltr'><strong>cta</strong></span> <span class='ocrx_word' id='word_1_88' title='bbox 263 1097 387 1153; x_wconf 86' lang='lat' dir='ltr'><strong>tilia</strong></span> <span class='ocrx_word' id='word_1_89' title='bbox 418 1105 621 1154; x_wconf 87' lang='lat' dir='ltr'><strong>nostra</strong></span> <span class='ocrx_word' id='word_1_90' title='bbox 653 1100 856 1154; x_wconf 80' lang='lat' dir='ltr'><strong>flerrat</strong></span> <span class='ocrx_word' id='word_1_91' title='bbox 881 1097 1236 1154; x_wconf 85' lang='lat' dir='ltr'><strong>venerabilis</strong></span> <span class='ocrx_word' id='word_1_92' title='bbox 1275 1095 1460 1152; x_wconf 88' lang='lat' dir='ltr'><strong>abba-</strong></span> 
     </span>
     <span class='ocr_line' id='line_1_14' title="bbox 136 1186 1462 1258; baseline -0.002 -17"><span class='ocrx_word' id='word_1_93' title='bbox 136 1186 194 1252; x_wconf 88' lang='lat' dir='ltr'><strong>it,</strong></span> <span class='ocrx_word' id='word_1_94' title='bbox 223 1201 332 1242; x_wconf 86' lang='lat' dir='ltr'><strong>nos</strong></span> <span class='ocrx_word' id='word_1_95' title='bbox 365 1186 634 1258; x_wconf 90' lang='lat' dir='ltr'><strong>petitioni</strong></span> <span class='ocrx_word' id='word_1_96' title='bbox 665 1204 786 1243; x_wconf 76' lang='lat' dir='ltr'><strong>suas</strong></span> <span class='ocrx_word' id='word_1_97' title='bbox 818 1187 1079 1258; x_wconf 90' lang='lat' dir='ltr'><strong>benigno</strong></span> <span class='ocrx_word' id='word_1_98' title='bbox 1108 1199 1462 1242; x_wconf 89' lang='lat' dir='ltr'><strong>concurren-</strong></span> 
     </span>
     <span class='ocr_line' id='line_1_15' title="bbox 142 1272 1463 1347; baseline -0.001 -17"><span class='ocrx_word' id='word_1_99' title='bbox 142 1292 197 1341; x_wconf 86' lang='lat' dir='ltr'><strong>u,</strong></span> <span class='ocrx_word' id='word_1_100' title='bbox 220 1275 565 1347; x_wconf 84' lang='lat' dir='ltr'><strong>praedictam</strong></span> <span class='ocrx_word' id='word_1_101' title='bbox 595 1277 1079 1333; x_wconf 87' lang='lat' dir='ltr'><strong>constitutionem</strong></span> <span class='ocrx_word' id='word_1_102' title='bbox 1112 1272 1463 1331; x_wconf 67' lang='lat' dir='ltr'><strong>austeritate</strong></span> 
     </span>
     <span class='ocr_line' id='line_1_16' title="bbox 138 1360 1464 1437; baseline 0.002 -22"><span class='ocrx_word' id='word_1_103' title='bbox 138 1410 140 1415; x_wconf 78' lang='grc'><strong>,</strong></span> <span class='ocrx_word' id='word_1_104' title='bbox 165 1363 615 1431; x_wconf 87' lang='lat' dir='ltr'><strong>confirmamus,</strong></span> <span class='ocrx_word' id='word_1_105' title='bbox 643 1370 700 1421; x_wconf 91' lang='lat' dir='ltr'><strong>et</strong></span> <span class='ocrx_word' id='word_1_106' title='bbox 723 1364 925 1422; x_wconf 92' lang='lat' dir='ltr'><strong>locum</strong></span> <span class='ocrx_word' id='word_1_107' title='bbox 947 1365 1154 1437; x_wconf 90' lang='lat' dir='ltr'><strong>ipsum</strong></span> <span class='ocrx_word' id='word_1_108' title='bbox 1175 1362 1289 1420; x_wconf 89' lang='lat' dir='ltr'><strong>sub</strong></span> <span class='ocrx_word' id='word_1_109' title='bbox 1304 1360 1464 1419; x_wconf 85' lang='lat' dir='ltr'><strong>beati</strong></span> 
     </span>
     <span class='ocr_line' id='line_1_17' title="bbox 143 1451 1464 1527; baseline 0 -20"><span class='ocrx_word' id='word_1_110' title='bbox 143 1459 264 1510; x_wconf 88' lang='lat' dir='ltr'><strong>stra</strong></span> <span class='ocrx_word' id='word_1_111' title='bbox 281 1455 643 1524; x_wconf 86' lang='lat' dir='ltr'><strong>protectione</strong></span> <span class='ocrx_word' id='word_1_112' title='bbox 669 1455 1056 1527; x_wconf 78' lang='lat' dir='ltr'><strong>suscipimus,</strong></span> <span class='ocrx_word' id='word_1_113' title='bbox 1077 1459 1136 1510; x_wconf 92' lang='lat' dir='ltr'><strong>et</strong></span> <span class='ocrx_word' id='word_1_114' title='bbox 1152 1451 1464 1527; x_wconf 78' lang='lat' dir='ltr'><strong>proesentis</strong></span> 
     </span>
     <span class='ocr_line' id='line_1_18' title="bbox 137 1542 1464 1616; baseline 0 -19"><span class='ocrx_word' id='word_1_115' title='bbox 137 1542 339 1613; x_wconf 76' lang='lat' dir='ltr'><strong>vilegio</strong></span> <span class='ocrx_word' id='word_1_116' title='bbox 359 1544 834 1610; x_wconf 88' lang='lat' dir='ltr'><strong>communimus,</strong></span> <span class='ocrx_word' id='word_1_117' title='bbox 854 1548 1180 1600; x_wconf 77' lang='lat' dir='ltr'><strong>statuentes</strong></span> <span class='ocrx_word' id='word_1_118' title='bbox 1204 1547 1267 1598; x_wconf 92' lang='lat' dir='ltr'><strong>ut</strong></span> <span class='ocrx_word' id='word_1_119' title='bbox 1284 1555 1464 1616; x_wconf 88' lang='lat' dir='ltr'><strong>quas·</strong></span> 
     </span>
    </p>
   </div>
   <div class='ocr_carea' id='block_1_8' title="bbox 137 1630 1548 1706">
    <p class='ocr_par' dir='ltr' id='par_1_8' title="bbox 137 1630 1548 1706">
     <span class='ocr_line' id='line_1_19' title="bbox 137 1630 1548 1706; baseline 0.002 -22"><span class='ocrx_word' id='word_1_120' title='bbox 137 1633 503 1697; x_wconf 74' lang='lat' dir='ltr'><strong>»ssessiones,</strong></span> <span class='ocrx_word' id='word_1_121' title='bbox 530 1647 908 1706; x_wconf 63' lang='lat' dir='ltr'><strong>quascunque</strong></span> <span class='ocrx_word' id='word_1_122' title='bbox 950 1631 1113 1688; x_wconf 88' lang='lat' dir='ltr'><strong>bona</strong></span> <span class='ocrx_word' id='word_1_123' title='bbox 1141 1630 1304 1687; x_wconf 90' lang='lat' dir='ltr'><strong>idem</strong></span> <span class='ocrx_word' id='word_1_124' title='bbox 1338 1645 1464 1687; x_wconf 90' lang='lat' dir='ltr'><strong>mo·</strong></span> <span class='ocrx_word' id='word_1_125' title='bbox 1501 1647 1548 1704; x_wconf 89' lang='lat' dir='ltr'>B</span> 
     </span>
    </p>
   </div>
   <div class='ocr_carea' id='block_1_9' title="bbox 137 1718 1476 2944">
    <p class='ocr_par' dir='ltr' id='par_1_9' title="bbox 137 1718 1476 2944">
     <span class='ocr_line' id='line_1_20' title="bbox 153 1718 1465 1793; baseline -0.002 -17"><span class='ocrx_word' id='word_1_126' title='bbox 153 1720 695 1793; x_wconf 60' lang='lat' dir='ltr'><strong>impraesentiarum</strong></span> <span class='ocrx_word' id='word_1_127' title='bbox 711 1722 873 1793; x_wconf 84' lang='lat' dir='ltr'><strong>juste</strong></span> <span class='ocrx_word' id='word_1_128' title='bbox 888 1725 945 1776; x_wconf 91' lang='lat' dir='ltr'><strong>et</strong></span> <span class='ocrx_word' id='word_1_129' title='bbox 964 1720 1250 1776; x_wconf 87' lang='lat' dir='ltr'><strong>canonice</strong></span> <span class='ocrx_word' id='word_1_130' title='bbox 1276 1718 1465 1791; x_wconf 86' lang='lat' dir='ltr'><strong>possi·</strong></span> 
     </span>
     <span class='ocr_line' id='line_1_21' title="bbox 137 1807 1468 1881; baseline 0 -17"><span class='ocrx_word' id='word_1_131' title='bbox 137 1827 151 1865; x_wconf 87' lang='grc' dir='ltr'>ι</span> <span class='ocrx_word' id='word_1_132' title='bbox 176 1809 446 1866; x_wconf 84' lang='lat' dir='ltr'><strong>futurum</strong></span> <span class='ocrx_word' id='word_1_133' title='bbox 470 1810 855 1866; x_wconf 89' lang='lat' dir='ltr'><strong>concessione</strong></span> <span class='ocrx_word' id='word_1_134' title='bbox 888 1808 1261 1881; x_wconf 79' lang='lat' dir='ltr'><strong>pontificum,</strong></span> <span class='ocrx_word' id='word_1_135' title='bbox 1292 1807 1468 1877; x_wconf 86' lang='lat' dir='ltr'><strong>largi-</strong></span> 
     </span>
     <span class='ocr_line' id='line_1_22' title="bbox 137 1895 1463 1971; baseline -0.001 -18"><span class='ocrx_word' id='word_1_136' title='bbox 137 1915 233 1954; x_wconf 90' lang='lat' dir='ltr'><strong>um</strong></span> <span class='ocrx_word' id='word_1_137' title='bbox 280 1898 367 1953; x_wconf 88' lang='lat' dir='ltr'><strong>vel</strong></span> <span class='ocrx_word' id='word_1_138' title='bbox 417 1899 779 1971; x_wconf 82' lang='lat' dir='ltr'><strong>principum,</strong></span> <span class='ocrx_word' id='word_1_139' title='bbox 821 1897 1125 1955; x_wconf 89' lang='lat' dir='ltr'><strong>oblatione</strong></span> <span class='ocrx_word' id='word_1_140' title='bbox 1172 1895 1463 1964; x_wconf 89' lang='lat' dir='ltr'><strong>fidelium,</strong></span> 
     </span>
     <span class='ocr_line' id='line_1_23' title="bbox 137 1985 1470 2059; baseline -0.002 -16"><span class='ocrx_word' id='word_1_141' title='bbox 137 1988 273 2043; x_wconf 85' lang='lat' dir='ltr'><strong>ustis</strong></span> <span class='ocrx_word' id='word_1_142' title='bbox 334 1987 554 2050; x_wconf 91' lang='lat' dir='ltr'><strong>modis,</strong></span> <span class='ocrx_word' id='word_1_143' title='bbox 604 1991 922 2059; x_wconf 76' lang='lat' dir='ltr'><strong>proestante</strong></span> <span class='ocrx_word' id='word_1_144' title='bbox 973 1985 1228 2053; x_wconf 87' lang='lat' dir='ltr'><strong>Donino‚</strong></span> <span class='ocrx_word' id='word_1_145' title='bbox 1253 1985 1470 2058; x_wconf 90' lang='lat' dir='ltr'><strong>poterit</strong></span> 
     </span>
     <span class='ocr_line' id='line_1_24' title="bbox 137 2073 1468 2150; baseline 0 -20"><span class='ocrx_word' id='word_1_146' title='bbox 137 2075 296 2133; x_wconf 83' lang='lat' dir='ltr'><strong>irma</strong></span> <span class='ocrx_word' id='word_1_147' title='bbox 338 2075 620 2132; x_wconf 81' lang='lat' dir='ltr'><strong>fratribus</strong></span> <span class='ocrx_word' id='word_1_148' title='bbox 645 2090 977 2150; x_wconf 88' lang='lat' dir='ltr'><strong>eorumque</strong></span> <span class='ocrx_word' id='word_1_149' title='bbox 1009 2073 1468 2132; x_wconf 86' lang='lat' dir='ltr'><strong>succedentibus</strong></span> 
     </span>
     <span class='ocr_line' id='line_1_25' title="bbox 149 2168 564 2236; baseline -0.005 -15"><span class='ocrx_word' id='word_1_150' title='bbox 149 2168 564 2236; x_wconf 88' lang='lat' dir='ltr'><strong>permaneant.</strong></span> 
     </span>
     <span class='ocr_line' id='line_1_26' title="bbox 137 2250 1469 2326; baseline 0 -18"><span class='ocrx_word' id='word_1_151' title='bbox 137 2268 348 2326; x_wconf 83' lang='lat' dir='ltr'><strong>[uoque</strong></span> <span class='ocrx_word' id='word_1_152' title='bbox 379 2252 492 2309; x_wconf 87' lang='lat' dir='ltr'><strong>illis</strong></span> <span class='ocrx_word' id='word_1_153' title='bbox 523 2267 812 2325; x_wconf 81' lang='lat' dir='ltr'><strong>personas</strong></span> <span class='ocrx_word' id='word_1_154' title='bbox 834 2251 1056 2310; x_wconf 87' lang='lat' dir='ltr'><strong>liberas</strong></span> <span class='ocrx_word' id='word_1_155' title='bbox 1074 2257 1133 2308; x_wconf 87' lang='lat' dir='ltr'><strong>et</strong></span> <span class='ocrx_word' id='word_1_156' title='bbox 1156 2250 1469 2310; x_wconf 88' lang='lat' dir='ltr'><strong>absolutas</strong></span> 
     </span>
     <span class='ocr_line' id='line_1_27' title="bbox 141 2340 1470 2413; baseline 0 -16"><span class='ocrx_word' id='word_1_157' title='bbox 141 2340 438 2411; x_wconf 87' lang='lat' dir='ltr'><strong>fugientes</strong></span> <span class='ocrx_word' id='word_1_158' title='bbox 478 2342 554 2399; x_wconf 91' lang='lat' dir='ltr'><strong>ad</strong></span> <span class='ocrx_word' id='word_1_159' title='bbox 597 2343 1056 2399; x_wconf 78' lang='lat' dir='ltr'><strong>conversionem</strong></span> <span class='ocrx_word' id='word_1_160' title='bbox 1097 2342 1381 2413; x_wconf 90' lang='lat' dir='ltr'><strong>recipere,</strong></span> <span class='ocrx_word' id='word_1_161' title='bbox 1413 2346 1470 2397; x_wconf 91' lang='lat' dir='ltr'><strong>et</strong></span> 
     </span>
     <span class='ocr_line' id='line_1_28' title="bbox 137 2428 1473 2502; baseline 0 -18"><span class='ocrx_word' id='word_1_162' title='bbox 137 2445 180 2484; x_wconf 77' lang='grc' dir='ltr'><strong>ιο</strong></span> <span class='ocrx_word' id='word_1_163' title='bbox 216 2430 688 2486; x_wconf 84' lang='lat' dir='ltr'><strong>contradictione</strong></span> <span class='ocrx_word' id='word_1_164' title='bbox 733 2429 939 2502; x_wconf 88' lang='lat' dir='ltr'><strong>aliqua</strong></span> <span class='ocrx_word' id='word_1_165' title='bbox 973 2430 1245 2486; x_wconf 87' lang='lat' dir='ltr'><strong>retinere.</strong></span> <span class='ocrx_word' id='word_1_166' title='bbox 1275 2428 1473 2485; x_wconf 81' lang='lat' dir='ltr'><strong>Probi·</strong></span> 
     </span>
     <span class='ocr_line' id='line_1_29' title="bbox 137 2517 1473 2591; baseline 0.001 -18"><span class='ocrx_word' id='word_1_167' title='bbox 137 2535 330 2591; x_wconf 73' lang='lat' dir='ltr'><strong>super</strong></span> <span class='ocrx_word' id='word_1_168' title='bbox 387 2525 447 2574; x_wconf 92' lang='lat' dir='ltr'><strong>ut</strong></span> <span class='ocrx_word' id='word_1_169' title='bbox 502 2518 650 2575; x_wconf 91' lang='lat' dir='ltr'><strong>nulli</strong></span> <span class='ocrx_word' id='word_1_170' title='bbox 717 2519 1148 2577; x_wconf 88' lang='lat' dir='ltr'><strong>canonicorum</strong></span> <span class='ocrx_word' id='word_1_171' title='bbox 1196 2522 1335 2590; x_wconf 88' lang='lat' dir='ltr'><strong>post</strong></span> <span class='ocrx_word' id='word_1_172' title='bbox 1390 2517 1473 2574; x_wconf 91' lang='lat' dir='ltr'><strong>fa·</strong></span> 
     </span>
     <span class='ocr_line' id='line_1_30' title="bbox 137 2606 1472 2680; baseline -0.001 -17"><span class='ocrx_word' id='word_1_173' title='bbox 137 2608 313 2663; x_wconf 90' lang='lat' dir='ltr'><strong>odem</strong></span> <span class='ocrx_word' id='word_1_174' title='bbox 346 2608 477 2664; x_wconf 88' lang='lat' dir='ltr'><strong>loco</strong></span> <span class='ocrx_word' id='word_1_175' title='bbox 522 2606 959 2680; x_wconf 71' lang='lat' dir='ltr'><strong>professionem</strong></span> <span class='ocrx_word' id='word_1_176' title='bbox 998 2607 1090 2665; x_wconf 80' lang='lat' dir='ltr'><strong>fas</strong></span> <span class='ocrx_word' id='word_1_177' title='bbox 1128 2607 1204 2663; x_wconf 82' lang='lat' dir='ltr'><strong>sit</strong></span> <span class='ocrx_word' id='word_1_178' title='bbox 1242 2607 1472 2679; x_wconf 88' lang='lat' dir='ltr'><strong>absque</strong></span> 
     </span>
     <span class='ocr_line' id='line_1_31' title="bbox 170 2696 1475 2764; baseline -0.001 -11"><span class='ocrx_word' id='word_1_179' title='bbox 170 2697 260 2753; x_wconf 88' lang='lat' dir='ltr'><strong>sui</strong></span> <span class='ocrx_word' id='word_1_180' title='bbox 307 2696 545 2754; x_wconf 89' lang='lat' dir='ltr'><strong>licentia</strong></span> <span class='ocrx_word' id='word_1_181' title='bbox 590 2696 665 2753; x_wconf 92' lang='lat' dir='ltr'><strong>de</strong></span> <span class='ocrx_word' id='word_1_182' title='bbox 711 2696 925 2755; x_wconf 90' lang='lat' dir='ltr'><strong>eodem</strong></span> <span class='ocrx_word' id='word_1_183' title='bbox 981 2697 1309 2764; x_wconf 87' lang='lat' dir='ltr'><strong>discedere,</strong></span> <span class='ocrx_word' id='word_1_184' title='bbox 1352 2696 1475 2752; x_wconf 89' lang='lat' dir='ltr'><strong>dis·</strong></span> 
     </span>
     <span class='ocr_line' id='line_1_32' title="bbox 204 2785 1475 2859; baseline -0.001 -18"><span class='ocrx_word' id='word_1_185' title='bbox 204 2801 342 2842; x_wconf 90' lang='lat' dir='ltr'><strong>vero</strong></span> <span class='ocrx_word' id='word_1_186' title='bbox 400 2785 631 2859; x_wconf 85' lang='lat' dir='ltr'><strong>absque</strong></span> <span class='ocrx_word' id='word_1_187' title='bbox 683 2787 1101 2843; x_wconf 90' lang='lat' dir='ltr'><strong>communium</strong></span> <span class='ocrx_word' id='word_1_188' title='bbox 1143 2785 1475 2841; x_wconf 89' lang='lat' dir='ltr'><strong>litterarum</strong></span> 
     </span>
     <span class='ocr_line' id='line_1_33' title="bbox 137 2874 1476 2944; baseline -0.001 -14"><span class='ocrx_word' id='word_1_189' title='bbox 137 2874 321 2930; x_wconf 76' lang='lat' dir='ltr'><strong>iulius</strong></span> <span class='ocrx_word' id='word_1_190' title='bbox 346 2875 565 2931; x_wconf 82' lang='lat' dir='ltr'><strong>audeat</strong></span> <span class='ocrx_word' id='word_1_191' title='bbox 594 2876 864 2932; x_wconf 90' lang='lat' dir='ltr'><strong>retinere.</strong></span> <span class='ocrx_word' id='word_1_192' title='bbox 903 2876 1051 2932; x_wconf 88' lang='lat' dir='ltr'><strong>Cum</strong></span> <span class='ocrx_word' id='word_1_193' title='bbox 1067 2879 1267 2931; x_wconf 89' lang='lat' dir='ltr'><strong>autem</strong></span> <span class='ocrx_word' id='word_1_194' title='bbox 1301 2888 1476 2944; x_wconf 89' lang='lat' dir='ltr'><strong>gene-</strong></span> 
     </span>
    </p>
   </div>
   <div class='ocr_carea' id='block_1_10' title="bbox 1567 645 3227 1419">
    <p class='ocr_par' dir='ltr' id='par_1_10' title="bbox 1567 645 3224 897">
     <span class='ocr_line' id='line_1_34' title="bbox 1567 645 3223 723; baseline 0.003 -22"><span class='ocrx_word' id='word_1_195' title='bbox 1567 646 1628 714; x_wconf 92' lang='lat' dir='ltr'><strong>ti,</strong></span> <span class='ocrx_word' id='word_1_196' title='bbox 1652 653 1952 719; x_wconf 89' lang='lat' dir='ltr'><strong>quatenus</strong></span> <span class='ocrx_word' id='word_1_197' title='bbox 1988 646 2165 704; x_wconf 87' lang='lat' dir='ltr'><strong>ethic</strong></span> <span class='ocrx_word' id='word_1_198' title='bbox 2200 645 2493 703; x_wconf 79' lang='lat' dir='ltr'><strong>fructi-um</strong></span> <span class='ocrx_word' id='word_1_199' title='bbox 2530 645 2708 703; x_wconf 78' lang='lat' dir='ltr'><strong>bonae</strong></span> <span class='ocrx_word' id='word_1_200' title='bbox 2746 646 3004 705; x_wconf 86' lang='lat' dir='ltr'><strong>actionis</strong></span> <span class='ocrx_word' id='word_1_201' title='bbox 3032 648 3223 723; x_wconf 85' lang='lat' dir='ltr'><strong>perei-</strong></span> 
     </span>
     <span class='ocr_line' id='line_1_35' title="bbox 1567 734 3224 809; baseline 0.004 -20"><span class='ocrx_word' id='word_1_202' title='bbox 1567 735 1751 808; x_wconf 87' lang='lat' dir='ltr'><strong>piant,</strong></span> <span class='ocrx_word' id='word_1_203' title='bbox 1781 742 1837 792; x_wconf 91' lang='lat' dir='ltr'><strong>et</strong></span> <span class='ocrx_word' id='word_1_204' title='bbox 1857 735 2021 808; x_wconf 91' lang='lat' dir='ltr'><strong>apud</strong></span> <span class='ocrx_word' id='word_1_205' title='bbox 2048 734 2383 792; x_wconf 86' lang='lat' dir='ltr'><strong>districtum</strong></span> <span class='ocrx_word' id='word_1_206' title='bbox 2402 734 2668 807; x_wconf 83' lang='lat' dir='ltr'><strong>judicem</strong></span> <span class='ocrx_word' id='word_1_207' title='bbox 2696 736 2948 809; x_wconf 72' lang='lat' dir='ltr'><strong>promia</strong></span> <span class='ocrx_word' id='word_1_208' title='bbox 2986 743 3224 796; x_wconf 66' lang='lat' dir='ltr'><strong>eterno</strong></span> 
     </span>
     <span class='ocr_line' id='line_1_36' title="bbox 1569 823 2768 897; baseline 0.001 -16"><span class='ocrx_word' id='word_1_209' title='bbox 1569 825 1733 897; x_wconf 84' lang='lat' dir='ltr'><strong>pacis</strong></span> <span class='ocrx_word' id='word_1_210' title='bbox 1751 823 2077 883; x_wconf 89' lang='lat' dir='ltr'><strong>inveniant.</strong></span> <span class='ocrx_word' id='word_1_211' title='bbox 2110 831 2321 897; x_wconf 81' lang='lat' dir='ltr'><strong>Amen,</strong></span> <span class='ocrx_word' id='word_1_212' title='bbox 2343 839 2543 892; x_wconf 87' lang='lat' dir='ltr'><strong>amen,</strong></span> <span class='ocrx_word' id='word_1_213' title='bbox 2568 840 2768 882; x_wconf 88' lang='lat' dir='ltr'><strong>amen.</strong></span> 
     </span>
    </p>

    <p class='ocr_par' dir='ltr' id='par_1_11' title="bbox 1570 913 3227 1345">
     <span class='ocr_line' id='line_1_37' title="bbox 1641 913 3222 987; baseline 0.003 -17"><span class='ocrx_word' id='word_1_214' title='bbox 1641 916 1854 971; x_wconf 87' lang='lat' dir='ltr'><strong>Datum</strong></span> <span class='ocrx_word' id='word_1_215' title='bbox 1884 915 2128 970; x_wconf 80' lang='lat' dir='ltr'><strong>Veronae</strong></span> <span class='ocrx_word' id='word_1_216' title='bbox 2158 929 2265 987; x_wconf 90' lang='lat' dir='ltr'><strong>per</strong></span> <span class='ocrx_word' id='word_1_217' title='bbox 2295 928 2543 970; x_wconf 88' lang='lat' dir='ltr'><strong>manum</strong></span> <span class='ocrx_word' id='word_1_218' title='bbox 2581 913 2824 981; x_wconf 79' lang='lat' dir='ltr'><strong>Alberti,</strong></span> <span class='ocrx_word' id='word_1_219' title='bbox 2855 917 2913 974; x_wconf 89' lang='lat' dir='ltr'><strong>S.</strong></span> <span class='ocrx_word' id='word_1_220' title='bbox 2936 918 3222 975; x_wconf 63' lang='lat' dir='ltr'><strong>Romana</strong></span> 
     </span>
     <span class='ocr_line' id='line_1_38' title="bbox 1572 1002 3218 1076; baseline 0.002 -17"><span class='ocrx_word' id='word_1_221' title='bbox 1572 1003 1843 1060; x_wconf 61' lang='lat' dir='ltr'><strong>Ecclesiae</strong></span> <span class='ocrx_word' id='word_1_222' title='bbox 1859 1003 2192 1076; x_wconf 81' lang='lat' dir='ltr'><strong>presbyteri</strong></span> <span class='ocrx_word' id='word_1_223' title='bbox 2209 1002 2531 1060; x_wconf 85' lang='lat' dir='ltr'><strong>cardinalis</strong></span> <span class='ocrx_word' id='word_1_224' title='bbox 2547 1008 2607 1061; x_wconf 92' lang='lat' dir='ltr'><strong>et</strong></span> <span class='ocrx_word' id='word_1_225' title='bbox 2616 1004 2976 1069; x_wconf 87' lang='lat' dir='ltr'><strong>cancellarii.</strong></span> <span class='ocrx_word' id='word_1_226' title='bbox 2993 1021 3076 1064; x_wconf 72' lang='grc' dir='ltr'><strong>ιιι</strong></span> <span class='ocrx_word' id='word_1_227' title='bbox 3090 1006 3218 1065; x_wconf 80' lang='lat' dir='ltr'><strong>Kal.</strong></span> 
     </span>
     <span class='ocr_line' id='line_1_39' title="bbox 1571 1091 3223 1165; baseline 0.002 -15"><span class='ocrx_word' id='word_1_228' title='bbox 1571 1093 1723 1162; x_wconf 69' lang='lat' dir='ltr'><strong>Maii,</strong></span> <span class='ocrx_word' id='word_1_229' title='bbox 1747 1091 1954 1149; x_wconf 85' lang='lat' dir='ltr'><strong>indict.</strong></span> <span class='ocrx_word' id='word_1_230' title='bbox 1982 1108 2057 1158; x_wconf 82' lang='lat' dir='ltr'><strong>iv,</strong></span> <span class='ocrx_word' id='word_1_231' title='bbox 2094 1091 2525 1149; x_wconf 82' lang='lat' dir='ltr'><strong>incarnationis</strong></span> <span class='ocrx_word' id='word_1_232' title='bbox 2555 1093 2876 1152; x_wconf 73' lang='lat' dir='ltr'><strong>Dominicae</strong></span> <span class='ocrx_word' id='word_1_233' title='bbox 2912 1109 3013 1153; x_wconf 89' lang='lat' dir='ltr'><strong>an.</strong></span> <span class='ocrx_word' id='word_1_234' title='bbox 3064 1097 3223 1165; x_wconf 76' lang='grc'><strong>11811,</strong></span> 
     </span>
     <span class='ocr_line' id='line_1_40' title="bbox 1571 1179 3227 1256; baseline 0.005 -19"><span class='ocrx_word' id='word_1_235' title='bbox 1571 1181 1955 1254; x_wconf 85' lang='lat' dir='ltr'><strong>pontificatus</strong></span> <span class='ocrx_word' id='word_1_236' title='bbox 1995 1195 2137 1237; x_wconf 91' lang='lat' dir='ltr'><strong>vero</strong></span> <span class='ocrx_word' id='word_1_237' title='bbox 2179 1179 2390 1238; x_wconf 89' lang='lat' dir='ltr'><strong>domni</strong></span> <span class='ocrx_word' id='word_1_238' title='bbox 2430 1180 2591 1238; x_wconf 86' lang='lat' dir='ltr'><strong>Lucii</strong></span> <span class='ocrx_word' id='word_1_239' title='bbox 2633 1196 2810 1256; x_wconf 68' lang='lat' dir='ltr'><strong>papo</strong></span> <span class='ocrx_word' id='word_1_240' title='bbox 2861 1184 3015 1243; x_wconf 84' lang='lat' dir='ltr'><strong>tertii</strong></span> <span class='ocrx_word' id='word_1_241' title='bbox 3062 1200 3227 1246; x_wconf 84' lang='lat' dir='ltr'><strong>anno</strong></span> 
     </span>
     <span class='ocr_line' id='line_1_41' title="bbox 1570 1274 1808 1345; baseline -0.017 -18"><span class='ocrx_word' id='word_1_242' title='bbox 1570 1274 1808 1345; x_wconf 87' lang='lat' dir='ltr'><strong>quarto.</strong></span> 
     </span>
    </p>

    <p class='ocr_par' dir='ltr' id='par_1_12' title="bbox 2272 1360 2509 1419">
     <span class='ocr_line' id='line_1_42' title="bbox 2272 1360 2509 1419; baseline -0.004 -2"><span class='ocrx_word' id='word_1_243' title='bbox 2272 1360 2509 1419; x_wconf 72' lang='lat' dir='ltr'><strong>CCXXX.</strong></span> 
     </span>
    </p>
   </div>
   <div class='ocr_carea' id='block_1_11' title="bbox 1573 1445 3229 1579">
    <p class='ocr_par' dir='ltr' id='par_1_13' title="bbox 1573 1445 3229 1579">
     <span class='ocr_line' id='line_1_43' title="bbox 1573 1445 3229 1579; baseline 0.006 -75"><span class='ocrx_word' id='word_1_244' title='bbox 1573 1445 1967 1519; x_wconf 63' lang='lat' dir='ltr'><strong>Pn‘vilwium</strong></span> <span class='ocrx_word' id='word_1_245' title='bbox 1985 1462 2091 1521; x_wconf 77' lang='lat' dir='ltr'><strong>pro</strong></span> <span class='ocrx_word' id='word_1_246' title='bbox 2106 1449 2471 1579; x_wconf 50' lang='lat' dir='ltr'><strong>monagffi</strong></span> <span class='ocrx_word' id='word_1_247' title='bbox 2484 1449 2545 1507; x_wconf 88' lang='lat' dir='ltr'><strong>S.</strong></span> <span class='ocrx_word' id='word_1_248' title='bbox 2560 1448 2773 1508; x_wconf 73' lang='lat' dir='ltr'><strong>Hariae</strong></span> <span class='ocrx_word' id='word_1_249' title='bbox 2791 1452 3229 1514; x_wconf 77' lang='lat' dir='ltr'><strong>Holmecoltra·</strong></span> 
     </span>
    </p>
   </div>
   <div class='ocr_carea' id='block_1_12' title="bbox 2036 1610 2767 1771">
    <p class='ocr_par' dir='ltr' id='par_1_14' title="bbox 2036 1610 2767 1771">
     <span class='ocr_line' id='line_1_44' title="bbox 2072 1610 2708 1684; baseline 0.006 -21"><span class='ocrx_word' id='word_1_250' title='bbox 2072 1611 2363 1680; x_wconf 79' lang='lat' dir='ltr'><strong>(veronoe,</strong></span> <span class='ocrx_word' id='word_1_251' title='bbox 2377 1610 2708 1684; x_wconf 59' lang='lat' dir='ltr'><strong>Apa-Mai.)</strong></span> 
     </span>
     <span class='ocr_line' id='line_1_45' title="bbox 2036 1697 2767 1771; baseline 0.001 -17"><span class='ocrx_word' id='word_1_252' title='bbox 2036 1697 2402 1755; x_wconf 77' lang='lat' dir='ltr'><strong>Monasticon</strong></span> <span class='ocrx_word' id='word_1_253' title='bbox 2419 1699 2767 1771; x_wconf 63' lang='lat' dir='ltr'><strong>Anam-„ill</strong></span> 
     </span>
    </p>
   </div>
   <div class='ocr_carea' id='block_1_13' title="bbox 1573 1803 3241 2944">
    <p class='ocr_par' dir='ltr' id='par_1_15' title="bbox 1573 1803 3233 2217">
     <span class='ocr_line' id='line_1_46' title="bbox 1649 1803 3230 1876; baseline 0.004 -15"><span class='ocrx_word' id='word_1_254' title='bbox 1649 1804 1845 1861; x_wconf 81' lang='lat' dir='ltr'><strong>Luctus</strong></span> <span class='ocrx_word' id='word_1_255' title='bbox 1856 1803 2197 1876; x_wconf 84' lang='lat' dir='ltr'><strong>episcopus,</strong></span> <span class='ocrx_word' id='word_1_256' title='bbox 2216 1820 2425 1861; x_wconf 89' lang='lat' dir='ltr'><strong>servus</strong></span> <span class='ocrx_word' id='word_1_257' title='bbox 2442 1820 2754 1864; x_wconf 85' lang='lat' dir='ltr'><strong>servorum</strong></span> <span class='ocrx_word' id='word_1_258' title='bbox 2765 1807 2889 1875; x_wconf 89' lang='lat' dir='ltr'><strong>Dei,</strong></span> <span class='ocrx_word' id='word_1_259' title='bbox 2908 1808 3141 1866; x_wconf 80' lang='lat' dir='ltr'><strong>dilectis</strong></span> <span class='ocrx_word' id='word_1_260' title='bbox 3157 1809 3230 1868; x_wconf 79' lang='lat' dir='ltr'><strong>u-</strong></span> 
     </span>
     <span class='ocr_line' id='line_1_47' title="bbox 1574 1891 3229 1956; baseline 0.004 -6"><span class='ocrx_word' id='word_1_261' title='bbox 1574 1891 1668 1950; x_wconf 89' lang='lat' dir='ltr'><strong>liis</strong></span> <span class='ocrx_word' id='word_1_262' title='bbox 1692 1894 1997 1950; x_wconf 67' lang='lat' dir='ltr'><strong>Evsasano</strong></span> <span class='ocrx_word' id='word_1_263' title='bbox 2026 1892 2232 1950; x_wconf 90' lang='lat' dir='ltr'><strong>abbati</strong></span> <span class='ocrx_word' id='word_1_264' title='bbox 2263 1895 2609 1952; x_wconf 80' lang='lat' dir='ltr'><strong>monasterii</strong></span> <span class='ocrx_word' id='word_1_265' title='bbox 2651 1897 2884 1954; x_wconf 74' lang='lat' dir='ltr'><strong>Sanctae</strong></span> <span class='ocrx_word' id='word_1_266' title='bbox 2918 1897 3116 1956; x_wconf 64' lang='lat' dir='ltr'><strong>Maria</strong></span> <span class='ocrx_word' id='word_1_267' title='bbox 3152 1899 3229 1956; x_wconf 90' lang='lat' dir='ltr'><strong>de</strong></span> 
     </span>
     <span class='ocr_line' id='line_1_48' title="bbox 1575 1980 3232 2059; baseline 0.005 -21"><span class='ocrx_word' id='word_1_268' title='bbox 1575 1980 2026 2049; x_wconf 78' lang='lat' dir='ltr'><strong>Holmecoltam,</strong></span> <span class='ocrx_word' id='word_1_269' title='bbox 2052 1982 2306 2056; x_wconf 80' lang='lat' dir='ltr'><strong>ejusque</strong></span> <span class='ocrx_word' id='word_1_270' title='bbox 2334 1982 2639 2051; x_wconf 89' lang='lat' dir='ltr'><strong>fratribus,</strong></span> <span class='ocrx_word' id='word_1_271' title='bbox 2669 1991 2789 2043; x_wconf 86' lang='lat' dir='ltr'><strong>tam</strong></span> <span class='ocrx_word' id='word_1_272' title='bbox 2831 1987 3232 2059; x_wconf 79' lang='lat' dir='ltr'><strong>proesentibus</strong></span> 
     </span>
     <span class='ocr_line' id='line_1_49' title="bbox 1573 2070 3233 2152; baseline 0.004 -25"><span class='ocrx_word' id='word_1_273' title='bbox 1573 2086 1759 2144; x_wconf 89' lang='lat' dir='ltr'><strong>quam</strong></span> <span class='ocrx_word' id='word_1_274' title='bbox 1774 2070 2007 2137; x_wconf 87' lang='lat' dir='ltr'><strong>futuris,</strong></span> <span class='ocrx_word' id='word_1_275' title='bbox 2033 2071 2370 2143; x_wconf 77' lang='lat' dir='ltr'><strong>regularem</strong></span> <span class='ocrx_word' id='word_1_276' title='bbox 2383 2072 2566 2130; x_wconf 86' lang='lat' dir='ltr'><strong>vitam</strong></span> <span class='ocrx_word' id='word_1_277' title='bbox 2599 2073 2888 2146; x_wconf 87' lang='lat' dir='ltr'><strong>professis</strong></span> <span class='ocrx_word' id='word_1_278' title='bbox 2914 2076 2977 2133; x_wconf 91' lang='lat' dir='ltr'><strong>in</strong></span> <span class='ocrx_word' id='word_1_279' title='bbox 3019 2091 3233 2152; x_wconf 87' lang='lat' dir='ltr'><strong>perpe-</strong></span> 
     </span>
     <span class='ocr_line' id='line_1_50' title="bbox 1575 2164 1766 2217; baseline -0.01 0"><span class='ocrx_word' id='word_1_280' title='bbox 1575 2164 1766 2217; x_wconf 90' lang='lat' dir='ltr'><strong>tuum.</strong></span> 
     </span>
    </p>

    <p class='ocr_par' dir='ltr' id='par_1_16' title="bbox 1579 2247 3241 2944">
     <span class='ocr_line' id='line_1_51' title="bbox 1647 2247 3236 2325; baseline 0.006 -20"><span class='ocrx_word' id='word_1_281' title='bbox 1647 2247 2013 2320; x_wconf 82' lang='lat' dir='ltr'><strong>Religiosam</strong></span> <span class='ocrx_word' id='word_1_282' title='bbox 2034 2249 2220 2306; x_wconf 88' lang='lat' dir='ltr'><strong>vitam</strong></span> <span class='ocrx_word' id='word_1_283' title='bbox 2234 2248 2596 2321; x_wconf 77' lang='lat' dir='ltr'><strong>eligentibus</strong></span> <span class='ocrx_word' id='word_1_284' title='bbox 2608 2252 3012 2325; x_wconf 88' lang='lat' dir='ltr'><strong>apostolicum</strong></span> <span class='ocrx_word' id='word_1_285' title='bbox 3023 2269 3236 2315; x_wconf 86' lang='lat' dir='ltr'><strong>conve-</strong></span> 
     </span>
     <span class='ocr_line' id='line_1_52' title="bbox 1579 2337 3235 2414; baseline 0.006 -21"><span class='ocrx_word' id='word_1_286' title='bbox 1579 2337 1665 2394; x_wconf 91' lang='lat' dir='ltr'><strong>nit</strong></span> <span class='ocrx_word' id='word_1_287' title='bbox 1702 2337 1923 2396; x_wconf 89' lang='lat' dir='ltr'><strong>adessa</strong></span> <span class='ocrx_word' id='word_1_288' title='bbox 1959 2338 2333 2412; x_wconf 78' lang='lat' dir='ltr'><strong>praesidium,</strong></span> <span class='ocrx_word' id='word_1_289' title='bbox 2364 2354 2439 2396; x_wconf 91' lang='lat' dir='ltr'><strong>ne</strong></span> <span class='ocrx_word' id='word_1_290' title='bbox 2468 2339 2616 2398; x_wconf 88' lang='lat' dir='ltr'><strong>forte</strong></span> <span class='ocrx_word' id='word_1_291' title='bbox 2649 2341 2972 2414; x_wconf 84' lang='lat' dir='ltr'><strong>cujuslibet</strong></span> <span class='ocrx_word' id='word_1_292' title='bbox 2998 2344 3235 2403; x_wconf 88' lang='lat' dir='ltr'><strong>temeri·</strong></span> 
     </span>
     <span class='ocr_line' id='line_1_53' title="bbox 1580 2427 3237 2505; baseline 0.004 -20"><span class='ocrx_word' id='word_1_293' title='bbox 1580 2427 1717 2485; x_wconf 90' lang='lat' dir='ltr'><strong>tatis</strong></span> <span class='ocrx_word' id='word_1_294' title='bbox 1741 2427 2017 2484; x_wconf 87' lang='lat' dir='ltr'><strong>incursus</strong></span> <span class='ocrx_word' id='word_1_295' title='bbox 2033 2434 2137 2484; x_wconf 91' lang='lat' dir='ltr'><strong>aut</strong></span> <span class='ocrx_word' id='word_1_296' title='bbox 2151 2443 2253 2484; x_wconf 91' lang='lat' dir='ltr'><strong>eos</strong></span> <span class='ocrx_word' id='word_1_297' title='bbox 2272 2443 2309 2484; x_wconf 97' lang='lat' dir='ltr'><strong>a</strong></span> <span class='ocrx_word' id='word_1_298' title='bbox 2326 2430 2638 2501; x_wconf 86' lang='lat' dir='ltr'><strong>proposito</strong></span> <span class='ocrx_word' id='word_1_299' title='bbox 2653 2437 2904 2505; x_wconf 88' lang='lat' dir='ltr'><strong>revocet,</strong></span> <span class='ocrx_word' id='word_1_300' title='bbox 2923 2438 3030 2491; x_wconf 89' lang='lat' dir='ltr'><strong>aut</strong></span> <span class='ocrx_word' id='word_1_301' title='bbox 3046 2435 3237 2492; x_wconf 88' lang='lat' dir='ltr'><strong>robur</strong></span> 
     </span>
     <span class='ocr_line' id='line_1_54' title="bbox 1581 2515 3233 2596; baseline 0.006 -25"><span class='ocrx_word' id='word_1_302' title='bbox 1581 2515 1765 2589; x_wconf 87' lang='lat' dir='ltr'><strong>(quod</strong></span> <span class='ocrx_word' id='word_1_303' title='bbox 1786 2515 1938 2572; x_wconf 89' lang='lat' dir='ltr'><strong>absit</strong></span> <span class='ocrx_word' id='word_1_304' title='bbox 1968 2515 2204 2587; x_wconf 80' lang='lat' dir='ltr'><strong>t)sacrae</strong></span> <span class='ocrx_word' id='word_1_305' title='bbox 2221 2516 2526 2588; x_wconf 78' lang='lat' dir='ltr'><strong>religionis</strong></span> <span class='ocrx_word' id='word_1_306' title='bbox 2553 2517 2863 2592; x_wconf 79' lang='lat' dir='ltr'><strong>infringat.</strong></span> <span class='ocrx_word' id='word_1_307' title='bbox 2880 2524 3233 2596; x_wconf 75' lang='lat' dir='ltr'><strong>Eapropter‚</strong></span> 
     </span>
     <span class='ocr_line' id='line_1_55' title="bbox 1581 2604 3238 2681; baseline 0.004 -20"><span class='ocrx_word' id='word_1_308' title='bbox 1581 2604 1777 2661; x_wconf 90' lang='lat' dir='ltr'><strong>dilecti</strong></span> <span class='ocrx_word' id='word_1_309' title='bbox 1794 2604 1853 2660; x_wconf 89' lang='lat' dir='ltr'><strong>in</strong></span> <span class='ocrx_word' id='word_1_310' title='bbox 1877 2604 2134 2662; x_wconf 86' lang='lat' dir='ltr'><strong>Domino</strong></span> <span class='ocrx_word' id='word_1_311' title='bbox 2154 2604 2281 2673; x_wconf 85' lang='lat' dir='ltr'><strong>filii,</strong></span> <span class='ocrx_word' id='word_1_312' title='bbox 2304 2606 2517 2663; x_wconf 86' lang='lat' dir='ltr'><strong>vestris</strong></span> <span class='ocrx_word' id='word_1_313' title='bbox 2528 2606 2708 2678; x_wconf 78' lang='lat' dir='ltr'><strong>iustis</strong></span> <span class='ocrx_word' id='word_1_314' title='bbox 2731 2610 3238 2681; x_wconf 85' lang='lat' dir='ltr'><strong>postulationibus</strong></span> 
     </span>
     <span class='ocr_line' id='line_1_56' title="bbox 1581 2692 3239 2767; baseline 0.006 -17"><span class='ocrx_word' id='word_1_315' title='bbox 1581 2692 1906 2750; x_wconf 87' lang='lat' dir='ltr'><strong>clementer</strong></span> <span class='ocrx_word' id='word_1_316' title='bbox 1951 2693 2278 2751; x_wconf 90' lang='lat' dir='ltr'><strong>annuimus</strong></span> <span class='ocrx_word' id='word_1_317' title='bbox 2330 2699 2388 2751; x_wconf 90' lang='lat' dir='ltr'><strong>et</strong></span> <span class='ocrx_word' id='word_1_318' title='bbox 2437 2699 2753 2767; x_wconf 80' lang='lat' dir='ltr'><strong>praetatum</strong></span> <span class='ocrx_word' id='word_1_319' title='bbox 2801 2702 3239 2760; x_wconf 88' lang='lat' dir='ltr'><strong>monasterium</strong></span> 
     </span>
     <span class='ocr_line' id='line_1_57' title="bbox 1585 2782 3239 2862; baseline 0.005 -21"><span class='ocrx_word' id='word_1_320' title='bbox 1585 2785 1816 2841; x_wconf 81' lang='lat' dir='ltr'><strong>Sanctae</strong></span> <span class='ocrx_word' id='word_1_321' title='bbox 1863 2783 2059 2839; x_wconf 62' lang='lat' dir='ltr'><strong>Marias</strong></span> <span class='ocrx_word' id='word_1_322' title='bbox 2107 2782 2183 2840; x_wconf 90' lang='lat' dir='ltr'><strong>de</strong></span> <span class='ocrx_word' id='word_1_323' title='bbox 2234 2783 2716 2856; x_wconf 78' lang='lat' dir='ltr'><strong>Holmecoltram,</strong></span> <span class='ocrx_word' id='word_1_324' title='bbox 2752 2788 2814 2844; x_wconf 91' lang='lat' dir='ltr'><strong>in</strong></span> <span class='ocrx_word' id='word_1_325' title='bbox 2860 2805 2985 2862; x_wconf 87' lang='lat' dir='ltr'><strong>quo</strong></span> <span class='ocrx_word' id='word_1_326' title='bbox 3030 2789 3239 2849; x_wconf 88' lang='lat' dir='ltr'><strong>divino</strong></span> 
     </span>
     <span class='ocr_line' id='line_1_58' title="bbox 1586 2871 3241 2944; baseline 0.007 -17"><span class='ocrx_word' id='word_1_327' title='bbox 1586 2871 1915 2944; x_wconf 88' lang='lat' dir='ltr'><strong>mancipati</strong></span> <span class='ocrx_word' id='word_1_328' title='bbox 1944 2871 2085 2928; x_wconf 88' lang='lat' dir='ltr'><strong>estis</strong></span> <span class='ocrx_word' id='word_1_329' title='bbox 2107 2871 2417 2944; x_wconf 86' lang='lat' dir='ltr'><strong>absequio‚</strong></span> <span class='ocrx_word' id='word_1_330' title='bbox 2446 2874 2555 2930; x_wconf 91' lang='lat' dir='ltr'><strong>sub</strong></span> <span class='ocrx_word' id='word_1_331' title='bbox 2580 2875 2740 2933; x_wconf 89' lang='lat' dir='ltr'><strong>beati</strong></span> <span class='ocrx_word' id='word_1_332' title='bbox 2770 2878 2922 2935; x_wconf 87' lang='lat' dir='ltr'><strong>Petri</strong></span> <span class='ocrx_word' id='word_1_333' title='bbox 2946 2883 3004 2937; x_wconf 90' lang='lat' dir='ltr'><strong>et</strong></span> <span class='ocrx_word' id='word_1_334' title='bbox 3028 2885 3241 2939; x_wconf 86' lang='lat' dir='ltr'><strong>nostra</strong></span> 
     </span>
    </p>
   </div>
   <div class='ocr_carea' id='block_1_14' title="bbox 137 2959 3241 3064">
    <p class='ocr_par' dir='ltr' id='par_1_17' title="bbox 137 2959 3241 3064">
     <span class='ocr_line' id='line_1_59' title="bbox 137 2959 3241 3064; baseline 0.003 -44"><span class='ocrx_word' id='word_1_335' title='bbox 137 2964 355 3021; x_wconf 74' lang='lat' dir='ltr'><strong>dictum</strong></span> <span class='ocrx_word' id='word_1_336' title='bbox 402 2970 568 3021; x_wconf 81' lang='lat' dir='ltr'><strong>terrae</strong></span> <span class='ocrx_word' id='word_1_337' title='bbox 616 2964 814 3035; x_wconf 83' lang='lat' dir='ltr'><strong>fuerit,</strong></span> <span class='ocrx_word' id='word_1_338' title='bbox 865 2964 1040 3022; x_wconf 89' lang='lat' dir='ltr'><strong>liceat</strong></span> <span class='ocrx_word' id='word_1_339' title='bbox 1074 2964 1220 3038; x_wconf 89' lang='lat' dir='ltr'><strong>ipsis</strong></span> <span class='ocrx_word' id='word_1_340' title='bbox 1252 2963 1475 3022; x_wconf 87' lang='lat' dir='ltr'><strong>clausis</strong></span> <span class='ocrx_word' id='word_1_341' title='bbox 1508 3008 1548 3064; x_wconf 76' lang='lat' dir='ltr'>C</span> <span class='ocrx_word' id='word_1_342' title='bbox 1584 2962 1954 3035; x_wconf 87' lang='lat' dir='ltr'><strong>protectione</strong></span> <span class='ocrx_word' id='word_1_343' title='bbox 1981 2959 2345 3035; x_wconf 88' lang='lat' dir='ltr'><strong>suscipimus</strong></span> <span class='ocrx_word' id='word_1_344' title='bbox 2360 2967 2416 3020; x_wconf 92' lang='lat' dir='ltr'><strong>et</strong></span> <span class='ocrx_word' id='word_1_345' title='bbox 2440 2967 2750 3037; x_wconf 78' lang='lat' dir='ltr'><strong>praesentis</strong></span> <span class='ocrx_word' id='word_1_346' title='bbox 2773 2967 2975 3041; x_wconf 80' lang='lat' dir='ltr'><strong>scripti</strong></span> <span class='ocrx_word' id='word_1_347' title='bbox 3000 2969 3241 3044; x_wconf 85' lang='lat' dir='ltr'><strong>privile·</strong></span> 
     </span>
    </p>
   </div>
   <div class='ocr_carea' id='block_1_15' title="bbox 137 3053 1482 4099">
    <p class='ocr_par' dir='ltr' id='par_1_18' title="bbox 137 3053 1482 4099">
     <span class='ocr_line' id='line_1_60' title="bbox 137 3053 1475 3119; baseline -0.001 -10"><span class='ocrx_word' id='word_1_348' title='bbox 137 3053 323 3110; x_wconf 88' lang='lat' dir='ltr'><strong>.clusis</strong></span> <span class='ocrx_word' id='word_1_349' title='bbox 348 3054 881 3111; x_wconf 82' lang='lat' dir='ltr'><strong>excommunicatis</strong></span> <span class='ocrx_word' id='word_1_350' title='bbox 901 3059 960 3110; x_wconf 91' lang='lat' dir='ltr'><strong>et</strong></span> <span class='ocrx_word' id='word_1_351' title='bbox 982 3053 1332 3119; x_wconf 86' lang='lat' dir='ltr'><strong>interdictis,</strong></span> <span class='ocrx_word' id='word_1_352' title='bbox 1354 3068 1475 3109; x_wconf 91' lang='lat' dir='ltr'><strong>non</strong></span> 
     </span>
     <span class='ocr_line' id='line_1_61' title="bbox 137 3141 1479 3215; baseline 0 -16"><span class='ocrx_word' id='word_1_353' title='bbox 137 3144 430 3215; x_wconf 83' lang='lat' dir='ltr'><strong>ampanis,</strong></span> <span class='ocrx_word' id='word_1_354' title='bbox 463 3158 793 3215; x_wconf 82' lang='lat' dir='ltr'><strong>suppressa</strong></span> <span class='ocrx_word' id='word_1_355' title='bbox 825 3158 989 3209; x_wconf 87' lang='lat' dir='ltr'><strong>voce,</strong></span> <span class='ocrx_word' id='word_1_356' title='bbox 1029 3141 1236 3198; x_wconf 91' lang='lat' dir='ltr'><strong>divina</strong></span> <span class='ocrx_word' id='word_1_357' title='bbox 1277 3141 1479 3199; x_wconf 86' lang='lat' dir='ltr'><strong>officia</strong></span> 
     </span>
     <span class='ocr_line' id='line_1_62' title="bbox 168 3229 1478 3304; baseline 0.001 -17"><span class='ocrx_word' id='word_1_358' title='bbox 168 3233 301 3288; x_wconf 85' lang='lat' dir='ltr'><strong>Paci</strong></span> <span class='ocrx_word' id='word_1_359' title='bbox 321 3246 566 3304; x_wconf 87' lang='lat' dir='ltr'><strong>quoqne</strong></span> <span class='ocrx_word' id='word_1_360' title='bbox 593 3236 652 3288; x_wconf 88' lang='lat' dir='ltr'><strong>et</strong></span> <span class='ocrx_word' id='word_1_361' title='bbox 666 3229 1076 3302; x_wconf 86' lang='lat' dir='ltr'><strong>tranquillitati</strong></span> <span class='ocrx_word' id='word_1_362' title='bbox 1097 3230 1345 3287; x_wconf 79' lang='lat' dir='ltr'><strong>fratrum</strong></span> <span class='ocrx_word' id='word_1_363' title='bbox 1373 3247 1478 3303; x_wconf 88' lang='lat' dir='ltr'><strong>pa·</strong></span> 
     </span>
     <span class='ocr_line' id='line_1_63' title="bbox 137 3318 1476 3392; baseline 0 -16"><span class='ocrx_word' id='word_1_364' title='bbox 137 3319 419 3376; x_wconf 87' lang='lat' dir='ltr'><strong>icitudine</strong></span> <span class='ocrx_word' id='word_1_365' title='bbox 458 3320 768 3392; x_wconf 87' lang='lat' dir='ltr'><strong>providere</strong></span> <span class='ocrx_word' id='word_1_366' title='bbox 802 3318 1089 3386; x_wconf 87' lang='lat' dir='ltr'><strong>volentes,</strong></span> <span class='ocrx_word' id='word_1_367' title='bbox 1125 3319 1476 3376; x_wconf 88' lang='lat' dir='ltr'><strong>auctoritate</strong></span> 
     </span>
     <span class='ocr_line' id='line_1_64' title="bbox 137 3407 1476 3481; baseline 0 -17"><span class='ocrx_word' id='word_1_368' title='bbox 137 3408 581 3481; x_wconf 72' lang='lat' dir='ltr'><strong>iprohibemus,</strong></span> <span class='ocrx_word' id='word_1_369' title='bbox 617 3415 681 3465; x_wconf 91' lang='lat' dir='ltr'><strong>ut</strong></span> <span class='ocrx_word' id='word_1_370' title='bbox 720 3408 921 3466; x_wconf 91' lang='lat' dir='ltr'><strong>nullus</strong></span> <span class='ocrx_word' id='word_1_371' title='bbox 964 3408 1119 3464; x_wconf 84' lang='lat' dir='ltr'><strong>infra</strong></span> <span class='ocrx_word' id='word_1_372' title='bbox 1165 3407 1476 3464; x_wconf 87' lang='lat' dir='ltr'><strong>clausuras</strong></span> 
     </span>
     <span class='ocr_line' id='line_1_65' title="bbox 138 3496 1478 3568; baseline 0.001 -15"><span class='ocrx_word' id='word_1_373' title='bbox 138 3514 218 3553; x_wconf 85' lang='lat' dir='ltr'><strong>eu</strong></span> <span class='ocrx_word' id='word_1_374' title='bbox 262 3499 651 3568; x_wconf 81' lang='lat' dir='ltr'><strong>grangiarum</strong></span> <span class='ocrx_word' id='word_1_375' title='bbox 694 3513 940 3554; x_wconf 91' lang='lat' dir='ltr'><strong>suarum</strong></span> <span class='ocrx_word' id='word_1_376' title='bbox 983 3496 1351 3563; x_wconf 88' lang='lat' dir='ltr'><strong>violentiam,</strong></span> <span class='ocrx_word' id='word_1_377' title='bbox 1383 3496 1478 3554; x_wconf 91' lang='lat' dir='ltr'><strong>vel</strong></span> 
     </span>
     <span class='ocr_line' id='line_1_66' title="bbox 144 3586 1473 3660; baseline 0.001 -18"><span class='ocrx_word' id='word_1_378' title='bbox 144 3602 249 3643; x_wconf 88' lang='lat' dir='ltr'><strong>seu</strong></span> <span class='ocrx_word' id='word_1_379' title='bbox 267 3587 492 3643; x_wconf 82' lang='lat' dir='ltr'><strong>furtum</strong></span> <span class='ocrx_word' id='word_1_380' title='bbox 515 3588 905 3653; x_wconf 85' lang='lat' dir='ltr'><strong>committere,</strong></span> <span class='ocrx_word' id='word_1_381' title='bbox 925 3586 1125 3660; x_wconf 91' lang='lat' dir='ltr'><strong>ignem</strong></span> <span class='ocrx_word' id='word_1_382' title='bbox 1147 3601 1473 3660; x_wconf 87' lang='lat' dir='ltr'><strong>apponere,</strong></span> 
     </span>
     <span class='ocr_line' id='line_1_67' title="bbox 165 3675 1480 3748; baseline -0.001 -17"><span class='ocrx_word' id='word_1_383' title='bbox 165 3691 394 3748; x_wconf 87' lang='lat' dir='ltr'><strong>capere,</strong></span> <span class='ocrx_word' id='word_1_384' title='bbox 430 3675 522 3731; x_wconf 91' lang='lat' dir='ltr'><strong>vel</strong></span> <span class='ocrx_word' id='word_1_385' title='bbox 557 3675 886 3732; x_wconf 86' lang='lat' dir='ltr'><strong>interficere</strong></span> <span class='ocrx_word' id='word_1_386' title='bbox 924 3675 1163 3733; x_wconf 89' lang='lat' dir='ltr'><strong>audeat.</strong></span> <span class='ocrx_word' id='word_1_387' title='bbox 1199 3675 1480 3747; x_wconf 89' lang='lat' dir='ltr'><strong>Sepultu-</strong></span> 
     </span>
     <span class='ocr_line' id='line_1_68' title="bbox 137 3764 1475 3837; baseline 0.001 -17"><span class='ocrx_word' id='word_1_388' title='bbox 137 3770 284 3822; x_wconf 73' lang='lat' dir='ltr'><strong>terea</strong></span> <span class='ocrx_word' id='word_1_389' title='bbox 320 3765 511 3837; x_wconf 85' lang='lat' dir='ltr'><strong>ipsius</strong></span> <span class='ocrx_word' id='word_1_390' title='bbox 556 3764 668 3821; x_wconf 93' lang='lat' dir='ltr'><strong>loci</strong></span> <span class='ocrx_word' id='word_1_391' title='bbox 723 3770 843 3822; x_wconf 94' lang='lat' dir='ltr'><strong>tam</strong></span> <span class='ocrx_word' id='word_1_392' title='bbox 883 3765 967 3821; x_wconf 90' lang='lat' dir='ltr'><strong>ad</strong></span> <span class='ocrx_word' id='word_1_393' title='bbox 1004 3779 1161 3837; x_wconf 90' lang='lat' dir='ltr'><strong>opus</strong></span> <span class='ocrx_word' id='word_1_394' title='bbox 1205 3764 1475 3830; x_wconf 80' lang='lat' dir='ltr'><strong>fratrum,</strong></span> 
     </span>
     <span class='ocr_line' id='line_1_69' title="bbox 137 3852 1479 3926; baseline -0.001 -17"><span class='ocrx_word' id='word_1_395' title='bbox 137 3854 289 3909; x_wconf 82' lang='lat' dir='ltr'><strong>niliae</strong></span> <span class='ocrx_word' id='word_1_396' title='bbox 334 3854 810 3926; x_wconf 82' lang='lat' dir='ltr'><strong>peregrinorum,</strong></span> <span class='ocrx_word' id='word_1_397' title='bbox 840 3870 946 3909; x_wconf 90' lang='lat' dir='ltr'><strong>seu</strong></span> <span class='ocrx_word' id='word_1_398' title='bbox 985 3852 1290 3926; x_wconf 88' lang='lat' dir='ltr'><strong>hospitum</strong></span> <span class='ocrx_word' id='word_1_399' title='bbox 1333 3853 1479 3910; x_wconf 91' lang='lat' dir='ltr'><strong>inibi</strong></span> 
     </span>
     <span class='ocr_line' id='line_1_70' title="bbox 139 3942 1480 4008; baseline 0 -9"><span class='ocrx_word' id='word_1_400' title='bbox 139 3960 261 4008; x_wconf 88' lang='lat' dir='ltr'><strong>um,</strong></span> <span class='ocrx_word' id='word_1_401' title='bbox 341 3943 452 3999; x_wconf 90' lang='lat' dir='ltr'><strong>uisi</strong></span> <span class='ocrx_word' id='word_1_402' title='bbox 541 3943 692 3999; x_wconf 84' lang='lat' dir='ltr'><strong>forte</strong></span> <span class='ocrx_word' id='word_1_403' title='bbox 769 3942 1274 4000; x_wconf 87' lang='lat' dir='ltr'><strong>excommunicati</strong></span> <span class='ocrx_word' id='word_1_404' title='bbox 1356 3942 1480 3999; x_wconf 80' lang='lat' dir='ltr'><strong>fue-</strong></span> 
     </span>
     <span class='ocr_line' id='line_1_71' title="bbox 137 4031 1482 4099; baseline 0 -11"><span class='ocrx_word' id='word_1_405' title='bbox 137 4033 146 4088; x_wconf 79' lang='lat' dir='ltr'><strong>l</strong></span> <span class='ocrx_word' id='word_1_406' title='bbox 228 4032 547 4099; x_wconf 88' lang='lat' dir='ltr'><strong>interdicti,</strong></span> <span class='ocrx_word' id='word_1_407' title='bbox 636 4031 890 4088; x_wconf 85' lang='lat' dir='ltr'><strong>liberam</strong></span> <span class='ocrx_word' id='word_1_408' title='bbox 987 4046 1123 4089; x_wconf 89' lang='lat' dir='ltr'><strong>esse</strong></span> <span class='ocrx_word' id='word_1_409' title='bbox 1209 4031 1482 4089; x_wconf 90' lang='lat' dir='ltr'><strong>decerni-</strong></span> 
     </span>
    </p>
   </div>
   <div class='ocr_carea' id='block_1_16' title="bbox 137 4208 1484 4370">
    <p class='ocr_par' dir='ltr' id='par_1_19' title="bbox 137 4208 1484 4370">
     <span class='ocr_line' id='line_1_72' title="bbox 137 4208 1482 4278; baseline 0.001 -15"><span class='ocrx_word' id='word_1_410' title='bbox 137 4225 282 4263; x_wconf 78' lang='lat' dir='ltr'><strong>mus</strong></span> <span class='ocrx_word' id='word_1_411' title='bbox 308 4224 450 4278; x_wconf 83' lang='lat' dir='ltr'><strong>ergo</strong></span> <span class='ocrx_word' id='word_1_412' title='bbox 479 4213 546 4264; x_wconf 90' lang='lat' dir='ltr'><strong>ut</strong></span> <span class='ocrx_word' id='word_1_413' title='bbox 583 4208 732 4266; x_wconf 90' lang='lat' dir='ltr'><strong>nulli</strong></span> <span class='ocrx_word' id='word_1_414' title='bbox 761 4209 1008 4267; x_wconf 93' lang='lat' dir='ltr'><strong>omnino</strong></span> <span class='ocrx_word' id='word_1_415' title='bbox 1036 4208 1353 4267; x_wconf 85' lang='lat' dir='ltr'><strong>homiuum</strong></span> <span class='ocrx_word' id='word_1_416' title='bbox 1390 4208 1482 4267; x_wconf 81' lang='lat' dir='ltr'><strong>fas</strong></span> 
     </span>
     <span class='ocr_line' id='line_1_73' title="bbox 141 4296 1484 4370; baseline 0.001 -19"><span class='ocrx_word' id='word_1_417' title='bbox 141 4312 239 4351; x_wconf 84' lang='lat' dir='ltr'><strong>am</strong></span> <span class='ocrx_word' id='word_1_418' title='bbox 272 4296 585 4353; x_wconf 85' lang='lat' dir='ltr'><strong>ecclesiam</strong></span> <span class='ocrx_word' id='word_1_419' title='bbox 609 4303 830 4354; x_wconf 87' lang='lat' dir='ltr'><strong>temere</strong></span> <span class='ocrx_word' id='word_1_420' title='bbox 848 4297 1220 4370; x_wconf 86' lang='lat' dir='ltr'><strong>perturbare,</strong></span> <span class='ocrx_word' id='word_1_421' title='bbox 1235 4303 1339 4354; x_wconf 86' lang='lat' dir='ltr'><strong>aut</strong></span> <span class='ocrx_word' id='word_1_422' title='bbox 1353 4299 1403 4370; x_wconf 89' lang='lat' dir='ltr'><strong>ej</strong></span> <span class='ocrx_word' id='word_1_423' title='bbox 1413 4314 1484 4354; x_wconf 90' lang='lat' dir='ltr'><strong>us</strong></span> 
     </span>
    </p>
   </div>
   <div class='ocr_carea' id='block_1_17' title="bbox 144 4366 1560 4457">
    <p class='ocr_par' dir='ltr' id='par_1_20' title="bbox 144 4366 1560 4457">
     <span class='ocr_line' id='line_1_74' title="bbox 144 4366 1560 4457; baseline 0.003 -18"><span class='ocrx_word' id='word_1_424' title='bbox 144 4399 246 4440; x_wconf 89' lang='lat' dir='ltr'><strong>nes</strong></span> <span class='ocrx_word' id='word_1_425' title='bbox 293 4384 545 4453; x_wconf 84' lang='lat' dir='ltr'><strong>auferre,</strong></span> <span class='ocrx_word' id='word_1_426' title='bbox 597 4387 685 4442; x_wconf 91' lang='lat' dir='ltr'><strong>vel</strong></span> <span class='ocrx_word' id='word_1_427' title='bbox 764 4385 998 4444; x_wconf 88' lang='lat' dir='ltr'><strong>ablatas</strong></span> <span class='ocrx_word' id='word_1_428' title='bbox 1052 4387 1325 4457; x_wconf 86' lang='lat' dir='ltr'><strong>retinere,</strong></span> <span class='ocrx_word' id='word_1_429' title='bbox 1378 4388 1485 4444; x_wconf 91' lang='lat' dir='ltr'><strong>mi·</strong></span> <span class='ocrx_word' id='word_1_430' title='bbox 1516 4366 1560 4420; x_wconf 77' lang='lat' dir='ltr'>D</span> 
     </span>
    </p>
   </div>
   <div class='ocr_carea' id='block_1_18' title="bbox 137 4473 1496 5525">
    <p class='ocr_par' dir='ltr' id='par_1_21' title="bbox 137 4473 1496 5525">
     <span class='ocr_line' id='line_1_75' title="bbox 137 4473 1484 4547; baseline 0.004 -20"><span class='ocrx_word' id='word_1_431' title='bbox 137 4489 171 4527; x_wconf 93' lang='lat' dir='ltr'><strong>u</strong></span> <span class='ocrx_word' id='word_1_432' title='bbox 213 4473 581 4544; x_wconf 83' lang='lat' dir='ltr'><strong>quibuslibet</strong></span> <span class='ocrx_word' id='word_1_433' title='bbox 611 4475 1030 4533; x_wconf 84' lang='lat' dir='ltr'><strong>vexationibus</strong></span> <span class='ocrx_word' id='word_1_434' title='bbox 1067 4475 1338 4547; x_wconf 86' lang='lat' dir='ltr'><strong>fatigare,</strong></span> <span class='ocrx_word' id='word_1_435' title='bbox 1379 4476 1484 4532; x_wconf 90' lang='lat' dir='ltr'><strong>sed</strong></span> 
     </span>
     <span class='ocr_line' id='line_1_76' title="bbox 143 4568 1485 4637; baseline 0.004 -21"><span class='ocrx_word' id='word_1_436' title='bbox 143 4568 306 4631; x_wconf 85' lang='lat' dir='ltr'><strong>tegra</strong></span> <span class='ocrx_word' id='word_1_437' title='bbox 353 4569 778 4620; x_wconf 81' lang='lat' dir='ltr'><strong>conserventur</strong></span> <span class='ocrx_word' id='word_1_438' title='bbox 814 4580 1043 4629; x_wconf 91' lang='lat' dir='ltr'><strong>eorum,</strong></span> <span class='ocrx_word' id='word_1_439' title='bbox 1071 4579 1182 4637; x_wconf 90' lang='lat' dir='ltr'><strong>pro</strong></span> <span class='ocrx_word' id='word_1_440' title='bbox 1226 4580 1485 4637; x_wconf 87' lang='lat' dir='ltr'><strong>quorum</strong></span> 
     </span>
     <span class='ocr_line' id='line_1_77' title="bbox 138 4652 1488 4720; baseline 0.004 -14"><span class='ocrx_word' id='word_1_441' title='bbox 138 4652 272 4706; x_wconf 89' lang='lat' dir='ltr'><strong>ione</strong></span> <span class='ocrx_word' id='word_1_442' title='bbox 291 4658 346 4706; x_wconf 87' lang='lat' dir='ltr'><strong>et</strong></span> <span class='ocrx_word' id='word_1_443' title='bbox 359 4653 789 4708; x_wconf 86' lang='lat' dir='ltr'><strong>sustentatione</strong></span> <span class='ocrx_word' id='word_1_444' title='bbox 799 4668 1088 4710; x_wconf 89' lang='lat' dir='ltr'><strong>concessa</strong></span> <span class='ocrx_word' id='word_1_445' title='bbox 1103 4657 1265 4720; x_wconf 88' lang='lat' dir='ltr'><strong>sunt,</strong></span> <span class='ocrx_word' id='word_1_446' title='bbox 1283 4654 1488 4711; x_wconf 88' lang='lat' dir='ltr'><strong>usibus</strong></span> 
     </span>
     <span class='ocr_line' id='line_1_78' title="bbox 137 4737 1490 4814; baseline 0.004 -19"><span class='ocrx_word' id='word_1_447' title='bbox 137 4739 202 4795; x_wconf 84' lang='lat' dir='ltr'><strong>lis</strong></span> <span class='ocrx_word' id='word_1_448' title='bbox 230 4737 560 4811; x_wconf 82' lang='lat' dir='ltr'><strong>profutura,</strong></span> <span class='ocrx_word' id='word_1_449' title='bbox 601 4739 774 4796; x_wconf 89' lang='lat' dir='ltr'><strong>salva</strong></span> <span class='ocrx_word' id='word_1_450' title='bbox 815 4743 974 4798; x_wconf 88' lang='lat' dir='ltr'><strong>sedis</strong></span> <span class='ocrx_word' id='word_1_451' title='bbox 1007 4743 1349 4814; x_wconf 81' lang='lat' dir='ltr'><strong>apostolicoe</strong></span> <span class='ocrx_word' id='word_1_452' title='bbox 1387 4760 1490 4800; x_wconf 90' lang='lat' dir='ltr'><strong>au-</strong></span> 
     </span>
     <span class='ocr_line' id='line_1_79' title="bbox 143 4827 1486 4904; baseline 0.002 -20"><span class='ocrx_word' id='word_1_453' title='bbox 143 4835 198 4884; x_wconf 92' lang='lat' dir='ltr'><strong>et</strong></span> <span class='ocrx_word' id='word_1_454' title='bbox 236 4827 566 4884; x_wconf 88' lang='lat' dir='ltr'><strong>dioecesani</strong></span> <span class='ocrx_word' id='word_1_455' title='bbox 601 4829 867 4902; x_wconf 88' lang='lat' dir='ltr'><strong>episcopi</strong></span> <span class='ocrx_word' id='word_1_456' title='bbox 907 4832 1199 4888; x_wconf 86' lang='lat' dir='ltr'><strong>canonica</strong></span> <span class='ocrx_word' id='word_1_457' title='bbox 1237 4832 1486 4904; x_wconf 84' lang='lat' dir='ltr'><strong>justitia.</strong></span> 
     </span>
     <span class='ocr_line' id='line_1_80' title="bbox 138 4913 1489 4978; baseline 0.004 -5"><span class='ocrx_word' id='word_1_458' title='bbox 138 4917 255 4973; x_wconf 89' lang='lat' dir='ltr'><strong>itur</strong></span> <span class='ocrx_word' id='word_1_459' title='bbox 282 4917 345 4972; x_wconf 94' lang='lat' dir='ltr'><strong>in</strong></span> <span class='ocrx_word' id='word_1_460' title='bbox 372 4913 640 4972; x_wconf 90' lang='lat' dir='ltr'><strong>futurum</strong></span> <span class='ocrx_word' id='word_1_461' title='bbox 680 4916 1077 4976; x_wconf 88' lang='lat' dir='ltr'><strong>ecclesiastica</strong></span> <span class='ocrx_word' id='word_1_462' title='bbox 1116 4921 1489 4978; x_wconf 65' lang='lat' dir='ltr'><strong>saecularisve</strong></span> 
     </span>
     <span class='ocr_line' id='line_1_81' title="bbox 137 5006 1488 5079; baseline 0.003 -17"><span class='ocrx_word' id='word_1_463' title='bbox 137 5022 281 5063; x_wconf 67' lang='lat' dir='ltr'><strong>manc</strong></span> <span class='ocrx_word' id='word_1_464' title='bbox 293 5011 511 5062; x_wconf 79' lang='lat' dir='ltr'><strong>nostroe</strong></span> <span class='ocrx_word' id='word_1_465' title='bbox 521 5006 962 5062; x_wconf 85' lang='lat' dir='ltr'><strong>constitutionis</strong></span> <span class='ocrx_word' id='word_1_466' title='bbox 973 5008 1258 5079; x_wconf 89' lang='lat' dir='ltr'><strong>paginam</strong></span> <span class='ocrx_word' id='word_1_467' title='bbox 1273 5010 1488 5076; x_wconf 87' lang='lat' dir='ltr'><strong>sciens,</strong></span> 
     </span>
     <span class='ocr_line' id='line_1_82' title="bbox 146 5094 1494 5162; baseline 0.001 -11"><span class='ocrx_word' id='word_1_468' title='bbox 146 5112 203 5151; x_wconf 93' lang='lat' dir='ltr'><strong>m</strong></span> <span class='ocrx_word' id='word_1_469' title='bbox 235 5104 452 5152; x_wconf 89' lang='lat' dir='ltr'><strong>temere</strong></span> <span class='ocrx_word' id='word_1_470' title='bbox 478 5094 682 5151; x_wconf 89' lang='lat' dir='ltr'><strong>venire</strong></span> <span class='ocrx_word' id='word_1_471' title='bbox 722 5096 1055 5162; x_wconf 88' lang='lat' dir='ltr'><strong>tentaverit,</strong></span> <span class='ocrx_word' id='word_1_472' title='bbox 1083 5098 1349 5153; x_wconf 87' lang='lat' dir='ltr'><strong>secundo</strong></span> <span class='ocrx_word' id='word_1_473' title='bbox 1378 5105 1494 5155; x_wconf 90' lang='lat' dir='ltr'><strong>ter-</strong></span> 
     </span>
     <span class='ocr_line' id='line_1_83' title="bbox 137 5183 1495 5256; baseline 0.003 -18"><span class='ocrx_word' id='word_1_474' title='bbox 137 5185 402 5250; x_wconf 71' lang='lat' dir='ltr'><strong>monita,</strong></span> <span class='ocrx_word' id='word_1_475' title='bbox 436 5183 549 5239; x_wconf 88' lang='lat' dir='ltr'><strong>nisi</strong></span> <span class='ocrx_word' id='word_1_476' title='bbox 574 5190 806 5240; x_wconf 89' lang='lat' dir='ltr'><strong>reatum</strong></span> <span class='ocrx_word' id='word_1_477' title='bbox 838 5198 1020 5240; x_wconf 90' lang='lat' dir='ltr'><strong>suum</strong></span> <span class='ocrx_word' id='word_1_478' title='bbox 1039 5199 1307 5256; x_wconf 91' lang='lat' dir='ltr'><strong>congrua</strong></span> <span class='ocrx_word' id='word_1_479' title='bbox 1326 5187 1495 5242; x_wconf 81' lang='lat' dir='ltr'><strong>satis-</strong></span> 
     </span>
     <span class='ocr_line' id='line_1_84' title="bbox 137 5272 1496 5346; baseline 0.001 -17"><span class='ocrx_word' id='word_1_480' title='bbox 137 5274 472 5341; x_wconf 87' lang='lat' dir='ltr'><strong>correxerit,</strong></span> <span class='ocrx_word' id='word_1_481' title='bbox 524 5274 827 5346; x_wconf 86' lang='lat' dir='ltr'><strong>potestatis</strong></span> <span class='ocrx_word' id='word_1_482' title='bbox 860 5272 1228 5346; x_wconf 86' lang='lat' dir='ltr'><strong>honorisque</strong></span> <span class='ocrx_word' id='word_1_483' title='bbox 1272 5275 1366 5330; x_wconf 91' lang='lat' dir='ltr'><strong>sui</strong></span> <span class='ocrx_word' id='word_1_484' title='bbox 1411 5275 1496 5331; x_wconf 90' lang='lat' dir='ltr'><strong>di·</strong></span> 
     </span>
     <span class='ocr_line' id='line_1_85' title="bbox 137 5362 1496 5436; baseline 0.001 -18"><span class='ocrx_word' id='word_1_485' title='bbox 137 5367 317 5428; x_wconf 87' lang='lat' dir='ltr'><strong>areat,</strong></span> <span class='ocrx_word' id='word_1_486' title='bbox 348 5377 634 5436; x_wconf 84' lang='lat' dir='ltr'><strong>reamque</strong></span> <span class='ocrx_word' id='word_1_487' title='bbox 660 5379 723 5419; x_wconf 88' lang='lat' dir='ltr'><strong>se</strong></span> <span class='ocrx_word' id='word_1_488' title='bbox 758 5362 963 5419; x_wconf 85' lang='lat' dir='ltr'><strong>divino</strong></span> <span class='ocrx_word' id='word_1_489' title='bbox 986 5362 1214 5434; x_wconf 82' lang='lat' dir='ltr'><strong>judicio</strong></span> <span class='ocrx_word' id='word_1_490' title='bbox 1247 5364 1496 5420; x_wconf 87' lang='lat' dir='ltr'><strong>existere</strong></span> 
     </span>
     <span class='ocr_line' id='line_1_86' title="bbox 137 5450 1496 5525; baseline 0.002 -19"><span class='ocrx_word' id='word_1_491' title='bbox 137 5455 281 5508; x_wconf 71' lang='lat' dir='ltr'><strong>trata</strong></span> <span class='ocrx_word' id='word_1_492' title='bbox 318 5450 631 5525; x_wconf 85' lang='lat' dir='ltr'><strong>iniquitate</strong></span> <span class='ocrx_word' id='word_1_493' title='bbox 662 5457 1013 5524; x_wconf 80' lang='lat' dir='ltr'><strong>cognoscat,</strong></span> <span class='ocrx_word' id='word_1_494' title='bbox 1039 5456 1094 5509; x_wconf 89' lang='lat' dir='ltr'><strong>et</strong></span> <span class='ocrx_word' id='word_1_495' title='bbox 1136 5467 1176 5508; x_wconf 96' lang='lat' dir='ltr'><strong>a</strong></span> <span class='ocrx_word' id='word_1_496' title='bbox 1214 5454 1496 5509; x_wconf 79' lang='lat' dir='ltr'><strong>sacratis-</strong></span> 
     </span>
    </p>
   </div>
   <div class='ocr_carea' id='block_1_19' title="bbox 137 5574 542 5635">
    <p class='ocr_par' dir='ltr' id='par_1_22' title="bbox 137 5574 542 5635">
     <span class='ocr_line' id='line_1_87' title="bbox 137 5574 542 5635; baseline -0.007 0"><span class='ocrx_word' id='word_1_497' title='bbox 137 5576 367 5635; x_wconf 66' lang='lat' dir='ltr'><strong>eraot..</strong></span> <span class='ocrx_word' id='word_1_498' title='bbox 405 5574 542 5635; x_wconf 84' lang='lat' dir='ltr'><strong>CCI.</strong></span> 
     </span>
    </p>
   </div>
   <div class='ocr_carea' id='block_1_20' title="bbox 1585 3050 3263 5542">
    <p class='ocr_par' dir='ltr' id='par_1_23' title="bbox 1585 3050 3248 4192">
     <span class='ocr_line' id='line_1_88' title="bbox 1585 3050 3245 3128; baseline 0.008 -22"><span class='ocrx_word' id='word_1_499' title='bbox 1585 3050 1686 3122; x_wconf 89' lang='lat' dir='ltr'><strong>gio</strong></span> <span class='ocrx_word' id='word_1_500' title='bbox 1713 3050 2185 3117; x_wconf 86' lang='lat' dir='ltr'><strong>communimus,</strong></span> <span class='ocrx_word' id='word_1_501' title='bbox 2213 3050 2487 3125; x_wconf 88' lang='lat' dir='ltr'><strong>inprimis</strong></span> <span class='ocrx_word' id='word_1_502' title='bbox 2503 3053 2802 3128; x_wconf 85' lang='lat' dir='ltr'><strong>siquidem</strong></span> <span class='ocrx_word' id='word_1_503' title='bbox 2830 3061 3158 3117; x_wconf 85' lang='lat' dir='ltr'><strong>statuentes</strong></span> <span class='ocrx_word' id='word_1_504' title='bbox 3175 3065 3245 3118; x_wconf 89' lang='lat' dir='ltr'><strong>ut</strong></span> 
     </span>
     <span class='ocr_line' id='line_1_89' title="bbox 1585 3139 3242 3214; baseline 0.007 -19"><span class='ocrx_word' id='word_1_505' title='bbox 1585 3139 1736 3196; x_wconf 91' lang='lat' dir='ltr'><strong>ordo</strong></span> <span class='ocrx_word' id='word_1_506' title='bbox 1776 3139 2167 3206; x_wconf 86' lang='lat' dir='ltr'><strong>monasticus,</strong></span> <span class='ocrx_word' id='word_1_507' title='bbox 2195 3141 2298 3214; x_wconf 90' lang='lat' dir='ltr'><strong>qui</strong></span> <span class='ocrx_word' id='word_1_508' title='bbox 2338 3141 2673 3199; x_wconf 80' lang='lat' dir='ltr'><strong>secundum</strong></span> <span class='ocrx_word' id='word_1_509' title='bbox 2717 3145 2925 3212; x_wconf 87' lang='lat' dir='ltr'><strong>Deum,</strong></span> <span class='ocrx_word' id='word_1_510' title='bbox 2955 3151 3015 3205; x_wconf 90' lang='lat' dir='ltr'><strong>et</strong></span> <span class='ocrx_word' id='word_1_511' title='bbox 3049 3149 3242 3207; x_wconf 86' lang='lat' dir='ltr'><strong>saneti</strong></span> 
     </span>
     <span class='ocr_line' id='line_1_90' title="bbox 1587 3228 3243 3303; baseline 0.006 -17"><span class='ocrx_word' id='word_1_512' title='bbox 1587 3228 1887 3286; x_wconf 86' lang='lat' dir='ltr'><strong>Benedicti</strong></span> <span class='ocrx_word' id='word_1_513' title='bbox 1916 3230 2205 3300; x_wconf 80' lang='lat' dir='ltr'><strong>Regulam</strong></span> <span class='ocrx_word' id='word_1_514' title='bbox 2233 3236 2412 3303; x_wconf 90' lang='lat' dir='ltr'><strong>atque</strong></span> <span class='ocrx_word' id='word_1_515' title='bbox 2441 3230 2874 3292; x_wconf 89' lang='lat' dir='ltr'><strong>institutionem</strong></span> <span class='ocrx_word' id='word_1_516' title='bbox 2896 3236 3243 3297; x_wconf 86' lang='lat' dir='ltr'><strong>Cistercien-</strong></span> 
     </span>
     <span class='ocr_line' id='line_1_91' title="bbox 1585 3316 3244 3401; baseline 0.007 -27"><span class='ocrx_word' id='word_1_517' title='bbox 1585 3333 1713 3374; x_wconf 85' lang='lat' dir='ltr'><strong>sem</strong></span> <span class='ocrx_word' id='word_1_518' title='bbox 1741 3318 1802 3374; x_wconf 91' lang='lat' dir='ltr'><strong>in</strong></span> <span class='ocrx_word' id='word_1_519' title='bbox 1827 3316 2042 3375; x_wconf 88' lang='lat' dir='ltr'><strong>eodem</strong></span> <span class='ocrx_word' id='word_1_520' title='bbox 2059 3318 2190 3375; x_wconf 90' lang='lat' dir='ltr'><strong>loco</strong></span> <span class='ocrx_word' id='word_1_521' title='bbox 2211 3319 2517 3376; x_wconf 89' lang='lat' dir='ltr'><strong>institutus</strong></span> <span class='ocrx_word' id='word_1_522' title='bbox 2542 3337 2675 3379; x_wconf 89' lang='lat' dir='ltr'><strong>esse</strong></span> <span class='ocrx_word' id='word_1_523' title='bbox 2695 3323 3088 3395; x_wconf 86' lang='lat' dir='ltr'><strong>dignoscitur,</strong></span> <span class='ocrx_word' id='word_1_524' title='bbox 3112 3343 3244 3401; x_wconf 88' lang='lat' dir='ltr'><strong>per-</strong></span> 
     </span>
     <span class='ocr_line' id='line_1_92' title="bbox 1587 3404 3240 3479; baseline 0.008 -19"><span class='ocrx_word' id='word_1_525' title='bbox 1587 3405 1780 3477; x_wconf 86' lang='lat' dir='ltr'><strong>petuis</strong></span> <span class='ocrx_word' id='word_1_526' title='bbox 1809 3404 2037 3462; x_wconf 88' lang='lat' dir='ltr'><strong>ibidem</strong></span> <span class='ocrx_word' id='word_1_527' title='bbox 2058 3406 2427 3479; x_wconf 90' lang='lat' dir='ltr'><strong>temporibus</strong></span> <span class='ocrx_word' id='word_1_528' title='bbox 2440 3407 2858 3468; x_wconf 87' lang='lat' dir='ltr'><strong>inviolabiliter</strong></span> <span class='ocrx_word' id='word_1_529' title='bbox 2872 3413 3240 3474; x_wconf 87' lang='lat' dir='ltr'><strong>observetur.</strong></span> 
     </span>
     <span class='ocr_line' id='line_1_93' title="bbox 1587 3497 3242 3576; baseline 0.007 -25"><span class='ocrx_word' id='word_1_530' title='bbox 1587 3497 1890 3561; x_wconf 77' lang='lat' dir='ltr'><strong>Praeterea,</strong></span> <span class='ocrx_word' id='word_1_531' title='bbox 1965 3510 2363 3568; x_wconf 88' lang='lat' dir='ltr'><strong>quascunque</strong></span> <span class='ocrx_word' id='word_1_532' title='bbox 2446 3500 2882 3569; x_wconf 87' lang='lat' dir='ltr'><strong>possessiones,</strong></span> <span class='ocrx_word' id='word_1_533' title='bbox 2958 3519 3242 3576; x_wconf 62' lang='lat' dir='ltr'><strong>quascun-</strong></span> 
     </span>
     <span class='ocr_line' id='line_1_94' title="bbox 1585 3583 3242 3666; baseline 0.007 -26"><span class='ocrx_word' id='word_1_534' title='bbox 1585 3598 1704 3657; x_wconf 91' lang='lat' dir='ltr'><strong>que</strong></span> <span class='ocrx_word' id='word_1_535' title='bbox 1726 3583 1893 3640; x_wconf 90' lang='lat' dir='ltr'><strong>bona</strong></span> <span class='ocrx_word' id='word_1_536' title='bbox 1914 3583 2076 3640; x_wconf 92' lang='lat' dir='ltr'><strong>idem</strong></span> <span class='ocrx_word' id='word_1_537' title='bbox 2091 3585 2518 3643; x_wconf 86' lang='lat' dir='ltr'><strong>monasterium</strong></span> <span class='ocrx_word' id='word_1_538' title='bbox 2535 3588 3072 3661; x_wconf 78' lang='lat' dir='ltr'><strong>improesentiarum</strong></span> <span class='ocrx_word' id='word_1_539' title='bbox 3081 3593 3242 3666; x_wconf 78' lang='lat' dir='ltr'><strong>juste</strong></span> 
     </span>
     <span class='ocr_line' id='line_1_95' title="bbox 1586 3672 3243 3747; baseline 0.007 -17"><span class='ocrx_word' id='word_1_540' title='bbox 1586 3677 1645 3730; x_wconf 87' lang='lat' dir='ltr'><strong>et</strong></span> <span class='ocrx_word' id='word_1_541' title='bbox 1675 3672 1963 3731; x_wconf 90' lang='lat' dir='ltr'><strong>canonice</strong></span> <span class='ocrx_word' id='word_1_542' title='bbox 2000 3672 2289 3747; x_wconf 86' lang='lat' dir='ltr'><strong>possidet.</strong></span> <span class='ocrx_word' id='word_1_543' title='bbox 2325 3676 2512 3732; x_wconf 89' lang='lat' dir='ltr'><strong>autin</strong></span> <span class='ocrx_word' id='word_1_544' title='bbox 2552 3677 2819 3737; x_wconf 84' lang='lat' dir='ltr'><strong>futurum</strong></span> <span class='ocrx_word' id='word_1_545' title='bbox 2859 3683 3243 3742; x_wconf 87' lang='lat' dir='ltr'><strong>concessione</strong></span> 
     </span>
     <span class='ocr_line' id='line_1_96' title="bbox 1588 3761 3247 3843; baseline 0.009 -25"><span class='ocrx_word' id='word_1_546' title='bbox 1588 3761 1967 3836; x_wconf 82' lang='lat' dir='ltr'><strong>pontificum,</strong></span> <span class='ocrx_word' id='word_1_547' title='bbox 1991 3762 2305 3834; x_wconf 91' lang='lat' dir='ltr'><strong>largitione</strong></span> <span class='ocrx_word' id='word_1_548' title='bbox 2330 3778 2539 3837; x_wconf 88' lang='lat' dir='ltr'><strong>regum</strong></span> <span class='ocrx_word' id='word_1_549' title='bbox 2571 3766 2663 3823; x_wconf 90' lang='lat' dir='ltr'><strong>vel</strong></span> <span class='ocrx_word' id='word_1_550' title='bbox 2693 3768 3247 3843; x_wconf 88' lang='lat' dir='ltr'><strong>principum,obla·</strong></span> 
     </span>
     <span class='ocr_line' id='line_1_97' title="bbox 1588 3851 3248 3932; baseline 0.007 -24"><span class='ocrx_word' id='word_1_551' title='bbox 1588 3851 1749 3909; x_wconf 88' lang='lat' dir='ltr'><strong>tione</strong></span> <span class='ocrx_word' id='word_1_552' title='bbox 1778 3851 2047 3908; x_wconf 82' lang='lat' dir='ltr'><strong>fidelium</strong></span> <span class='ocrx_word' id='word_1_553' title='bbox 2069 3858 2173 3909; x_wconf 92' lang='lat' dir='ltr'><strong>aut</strong></span> <span class='ocrx_word' id='word_1_554' title='bbox 2197 3852 2330 3909; x_wconf 90' lang='lat' dir='ltr'><strong>aliis</strong></span> <span class='ocrx_word' id='word_1_555' title='bbox 2346 3854 2524 3924; x_wconf 74' lang='lat' dir='ltr'><strong>iustis</strong></span> <span class='ocrx_word' id='word_1_556' title='bbox 2537 3856 2753 3925; x_wconf 86' lang='lat' dir='ltr'><strong>modis,</strong></span> <span class='ocrx_word' id='word_1_557' title='bbox 2784 3864 3109 3932; x_wconf 68' lang='lat' dir='ltr'><strong>praestante</strong></span> <span class='ocrx_word' id='word_1_558' title='bbox 3130 3863 3248 3920; x_wconf 87' lang='lat' dir='ltr'><strong>Do-</strong></span> 
     </span>
     <span class='ocr_line' id='line_1_98' title="bbox 1590 3940 3248 4025; baseline 0.008 -29"><span class='ocrx_word' id='word_1_559' title='bbox 1590 3940 1776 4008; x_wconf 89' lang='lat' dir='ltr'><strong>mino,</strong></span> <span class='ocrx_word' id='word_1_560' title='bbox 1799 3941 2016 4012; x_wconf 88' lang='lat' dir='ltr'><strong>poterit</strong></span> <span class='ocrx_word' id='word_1_561' title='bbox 2044 3942 2319 4014; x_wconf 88' lang='lat' dir='ltr'><strong>adipisci,</strong></span> <span class='ocrx_word' id='word_1_562' title='bbox 2344 3942 2521 4001; x_wconf 85' lang='lat' dir='ltr'><strong>firma</strong></span> <span class='ocrx_word' id='word_1_563' title='bbox 2537 3945 2713 4002; x_wconf 89' lang='lat' dir='ltr'><strong>vobis</strong></span> <span class='ocrx_word' id='word_1_564' title='bbox 2737 3950 3067 4025; x_wconf 87' lang='lat' dir='ltr'><strong>vestrisque</strong></span> <span class='ocrx_word' id='word_1_565' title='bbox 3113 3967 3248 4009; x_wconf 86' lang='lat' dir='ltr'><strong>suo·</strong></span> 
     </span>
     <span class='ocr_line' id='line_1_99' title="bbox 1590 4029 3244 4111; baseline 0.008 -25"><span class='ocrx_word' id='word_1_566' title='bbox 1590 4030 1928 4086; x_wconf 86' lang='lat' dir='ltr'><strong>cessoribus</strong></span> <span class='ocrx_word' id='word_1_567' title='bbox 1958 4035 2015 4086; x_wconf 89' lang='lat' dir='ltr'><strong>et</strong></span> <span class='ocrx_word' id='word_1_568' title='bbox 2055 4029 2285 4089; x_wconf 86' lang='lat' dir='ltr'><strong>illibata</strong></span> <span class='ocrx_word' id='word_1_569' title='bbox 2313 4041 2725 4104; x_wconf 88' lang='lat' dir='ltr'><strong>permaneant.</strong></span> <span class='ocrx_word' id='word_1_570' title='bbox 2761 4038 2825 4093; x_wconf 87' lang='lat' dir='ltr'><strong>ln</strong></span> <span class='ocrx_word' id='word_1_571' title='bbox 2855 4037 3081 4111; x_wconf 86' lang='lat' dir='ltr'><strong>quibus</strong></span> <span class='ocrx_word' id='word_1_572' title='bbox 3113 4039 3244 4099; x_wconf 76' lang='lat' dir='ltr'><strong>haee</strong></span> 
     </span>
     <span class='ocr_line' id='line_1_100' title="bbox 1590 4118 2943 4192; baseline 0.007 -18"><span class='ocrx_word' id='word_1_573' title='bbox 1590 4118 1846 4192; x_wconf 88' lang='lat' dir='ltr'><strong>propriis</strong></span> <span class='ocrx_word' id='word_1_574' title='bbox 1875 4118 2159 4175; x_wconf 86' lang='lat' dir='ltr'><strong>duximus</strong></span> <span class='ocrx_word' id='word_1_575' title='bbox 2188 4121 2583 4192; x_wconf 88' lang='lat' dir='ltr'><strong>exprimenda</strong></span> <span class='ocrx_word' id='word_1_576' title='bbox 2628 4125 2943 4183; x_wconf 87' lang='lat' dir='ltr'><strong>vocabulis</strong></span> 
     </span>
    </p>

    <p class='ocr_par' dir='ltr' id='par_1_24' title="bbox 1591 4205 3263 5542">
     <span class='ocr_line' id='line_1_101' title="bbox 1664 4205 3252 4284; baseline 0.011 -22"><span class='ocrx_word' id='word_1_577' title='bbox 1664 4209 1745 4263; x_wconf 83' lang='lat' dir='ltr'><strong>Ex</strong></span> <span class='ocrx_word' id='word_1_578' title='bbox 1773 4206 1938 4263; x_wconf 92' lang='lat' dir='ltr'><strong>dono</strong></span> <span class='ocrx_word' id='word_1_579' title='bbox 1956 4205 2194 4265; x_wconf 89' lang='lat' dir='ltr'><strong>illustris</strong></span> <span class='ocrx_word' id='word_1_580' title='bbox 2229 4210 2557 4282; x_wconf 79' lang='lat' dir='ltr'><strong>Anglorum</strong></span> <span class='ocrx_word' id='word_1_581' title='bbox 2588 4212 2745 4284; x_wconf 89' lang='lat' dir='ltr'><strong>regis</strong></span> <span class='ocrx_word' id='word_1_582' title='bbox 2788 4216 3018 4275; x_wconf 78' lang='lat' dir='ltr'><strong>Raurici</strong></span> <span class='ocrx_word' id='word_1_583' title='bbox 3061 4222 3252 4279; x_wconf 85' lang='lat' dir='ltr'><strong>totam</strong></span> 
     </span>
     <span class='ocr_line' id='line_1_102' title="bbox 1591 4295 3251 4373; baseline 0.01 -20"><span class='ocrx_word' id='word_1_584' title='bbox 1591 4297 1854 4353; x_wconf 89' lang='lat' dir='ltr'><strong>insulam</strong></span> <span class='ocrx_word' id='word_1_585' title='bbox 1874 4295 1951 4352; x_wconf 88' lang='lat' dir='ltr'><strong>de</strong></span> <span class='ocrx_word' id='word_1_586' title='bbox 1980 4296 2208 4365; x_wconf 77' lang='lat' dir='ltr'><strong>Holme,</strong></span> <span class='ocrx_word' id='word_1_587' title='bbox 2241 4299 2300 4355; x_wconf 92' lang='lat' dir='ltr'><strong>in</strong></span> <span class='ocrx_word' id='word_1_588' title='bbox 2330 4315 2455 4373; x_wconf 89' lang='lat' dir='ltr'><strong>qua</strong></span> <span class='ocrx_word' id='word_1_589' title='bbox 2480 4300 2797 4373; x_wconf 78' lang='lat' dir='ltr'><strong>praefatum</strong></span> <span class='ocrx_word' id='word_1_590' title='bbox 2818 4309 3251 4367; x_wconf 77' lang='lat' dir='ltr'><strong>monasterium</strong></span> 
     </span>
     <span class='ocr_line' id='line_1_103' title="bbox 1595 4386 3255 4462; baseline 0.01 -21"><span class='ocrx_word' id='word_1_591' title='bbox 1595 4386 1776 4442; x_wconf 88' lang='lat' dir='ltr'><strong>situm</strong></span> <span class='ocrx_word' id='word_1_592' title='bbox 1800 4392 1905 4451; x_wconf 88' lang='lat' dir='ltr'><strong>est,</strong></span> <span class='ocrx_word' id='word_1_593' title='bbox 1936 4402 2072 4443; x_wconf 88' lang='lat' dir='ltr'><strong>cum</strong></span> <span class='ocrx_word' id='word_1_594' title='bbox 2103 4387 2391 4444; x_wconf 91' lang='lat' dir='ltr'><strong>omnibus</strong></span> <span class='ocrx_word' id='word_1_595' title='bbox 2418 4391 2784 4462; x_wconf 84' lang='lat' dir='ltr'><strong>pertinentiis</strong></span> <span class='ocrx_word' id='word_1_596' title='bbox 2813 4394 2941 4452; x_wconf 80' lang='lat' dir='ltr'><strong>suis</strong></span> <span class='ocrx_word' id='word_1_597' title='bbox 2968 4400 3028 4455; x_wconf 87' lang='lat' dir='ltr'><strong>et</strong></span> <span class='ocrx_word' id='word_1_598' title='bbox 3058 4398 3255 4457; x_wconf 83' lang='lat' dir='ltr'><strong>omni·</strong></span> 
     </span>
     <span class='ocr_line' id='line_1_104' title="bbox 1593 4474 3251 4556; baseline 0.009 -25"><span class='ocrx_word' id='word_1_599' title='bbox 1593 4474 1710 4531; x_wconf 89' lang='lat' dir='ltr'><strong>bus</strong></span> <span class='ocrx_word' id='word_1_600' title='bbox 1722 4474 2635 4548; x_wconf 80' lang='lat' dir='ltr'><strong>libertatibus,apraefatoillustri</strong></span> <span class='ocrx_word' id='word_1_601' title='bbox 2647 4497 2787 4554; x_wconf 86' lang='lat' dir='ltr'><strong>rege</strong></span> <span class='ocrx_word' id='word_1_602' title='bbox 2799 4484 3251 4556; x_wconf 82' lang='lat' dir='ltr'><strong>vobisindultis‚</strong></span> 
     </span>
     <span class='ocr_line' id='line_1_105' title="bbox 1596 4563 3255 4643; baseline 0.01 -24"><span class='ocrx_word' id='word_1_603' title='bbox 1596 4569 1654 4620; x_wconf 90' lang='lat' dir='ltr'><strong>et</strong></span> <span class='ocrx_word' id='word_1_604' title='bbox 1697 4564 1888 4635; x_wconf 90' lang='lat' dir='ltr'><strong>ipsius</strong></span> <span class='ocrx_word' id='word_1_605' title='bbox 1925 4563 2135 4621; x_wconf 86' lang='lat' dir='ltr'><strong>charta</strong></span> <span class='ocrx_word' id='word_1_606' title='bbox 2174 4565 2542 4624; x_wconf 83' lang='lat' dir='ltr'><strong>confirmatis</strong></span> <span class='ocrx_word' id='word_1_607' title='bbox 2573 4584 2588 4636; x_wconf 89' lang='grc'><strong>;</strong></span> <span class='ocrx_word' id='word_1_608' title='bbox 2624 4570 2945 4643; x_wconf 89' lang='lat' dir='ltr'><strong>grangiam</strong></span> <span class='ocrx_word' id='word_1_609' title='bbox 2993 4580 3255 4635; x_wconf 89' lang='lat' dir='ltr'><strong>veterem</strong></span> 
     </span>
     <span class='ocr_line' id='line_1_106' title="bbox 1597 4652 3256 4733; baseline 0.01 -26"><span class='ocrx_word' id='word_1_610' title='bbox 1597 4668 1735 4709; x_wconf 89' lang='lat' dir='ltr'><strong>cum</strong></span> <span class='ocrx_word' id='word_1_611' title='bbox 1764 4652 2048 4709; x_wconf 89' lang='lat' dir='ltr'><strong>omnibus</strong></span> <span class='ocrx_word' id='word_1_612' title='bbox 2059 4654 2434 4726; x_wconf 85' lang='lat' dir='ltr'><strong>appendiciis</strong></span> <span class='ocrx_word' id='word_1_613' title='bbox 2447 4658 2571 4713; x_wconf 89' lang='lat' dir='ltr'><strong>suis</strong></span> <span class='ocrx_word' id='word_1_614' title='bbox 2590 4673 2605 4724; x_wconf 92' lang='lat'>;</span> <span class='ocrx_word' id='word_1_615' title='bbox 2622 4660 2935 4733; x_wconf 86' lang='lat' dir='ltr'><strong>grangiam</strong></span> <span class='ocrx_word' id='word_1_616' title='bbox 2948 4663 3022 4720; x_wconf 88' lang='lat' dir='ltr'><strong>de</strong></span> <span class='ocrx_word' id='word_1_617' title='bbox 3050 4663 3256 4724; x_wconf 87' lang='lat' dir='ltr'><strong>Ternis</strong></span> 
     </span>
     <span class='ocr_line' id='line_1_107' title="bbox 1598 4740 3256 4823; baseline 0.009 -25"><span class='ocrx_word' id='word_1_618' title='bbox 1598 4757 1736 4798; x_wconf 91' lang='lat' dir='ltr'><strong>cum</strong></span> <span class='ocrx_word' id='word_1_619' title='bbox 1753 4740 2041 4798; x_wconf 90' lang='lat' dir='ltr'><strong>omnibus</strong></span> <span class='ocrx_word' id='word_1_620' title='bbox 2054 4743 2429 4815; x_wconf 89' lang='lat' dir='ltr'><strong>appendiciis</strong></span> <span class='ocrx_word' id='word_1_621' title='bbox 2447 4745 2573 4801; x_wconf 88' lang='lat' dir='ltr'><strong>suis</strong></span> <span class='ocrx_word' id='word_1_622' title='bbox 2599 4762 2615 4814; x_wconf 93' lang='lat'>;</span> <span class='ocrx_word' id='word_1_623' title='bbox 2642 4750 2958 4823; x_wconf 89' lang='lat' dir='ltr'><strong>grangiam</strong></span> <span class='ocrx_word' id='word_1_624' title='bbox 2970 4752 3047 4811; x_wconf 89' lang='lat' dir='ltr'><strong>de</strong></span> <span class='ocrx_word' id='word_1_625' title='bbox 3060 4752 3256 4813; x_wconf 88' lang='lat' dir='ltr'><strong>Senile</strong></span> 
     </span>
     <span class='ocr_line' id='line_1_108' title="bbox 1599 4830 3257 4911; baseline 0.008 -24"><span class='ocrx_word' id='word_1_626' title='bbox 1599 4847 1738 4887; x_wconf 91' lang='lat' dir='ltr'><strong>cum</strong></span> <span class='ocrx_word' id='word_1_627' title='bbox 1763 4830 2050 4887; x_wconf 91' lang='lat' dir='ltr'><strong>omnibus</strong></span> <span class='ocrx_word' id='word_1_628' title='bbox 2076 4832 2455 4904; x_wconf 86' lang='lat' dir='ltr'><strong>appendiciis</strong></span> <span class='ocrx_word' id='word_1_629' title='bbox 2480 4835 2606 4891; x_wconf 91' lang='lat' dir='ltr'><strong>suis</strong></span> <span class='ocrx_word' id='word_1_630' title='bbox 2633 4852 2648 4905; x_wconf 79' lang='lat'><em>3</em></span> <span class='ocrx_word' id='word_1_631' title='bbox 2679 4840 2995 4911; x_wconf 87' lang='lat' dir='ltr'><strong>grangiam</strong></span> <span class='ocrx_word' id='word_1_632' title='bbox 3012 4842 3087 4899; x_wconf 89' lang='lat' dir='ltr'><strong>de</strong></span> <span class='ocrx_word' id='word_1_633' title='bbox 3109 4843 3257 4903; x_wconf 79' lang='lat' dir='ltr'><strong>Rubi</strong></span> 
     </span>
     <span class='ocr_line' id='line_1_109' title="bbox 1600 4917 3258 4999; baseline 0.01 -23"><span class='ocrx_word' id='word_1_634' title='bbox 1600 4935 1736 4976; x_wconf 92' lang='lat' dir='ltr'><strong>cum</strong></span> <span class='ocrx_word' id='word_1_635' title='bbox 1767 4917 2073 4999; x_wconf 88' lang='lat' dir='ltr'><strong>omnibus,</strong></span> <span class='ocrx_word' id='word_1_636' title='bbox 2102 4927 2211 4975; x_wconf 92' lang='lat' dir='ltr'><strong>etc.</strong></span> <span class='ocrx_word' id='word_1_637' title='bbox 2248 4936 2264 4987; x_wconf 83' lang='lat'><em>3</em></span> <span class='ocrx_word' id='word_1_638' title='bbox 2292 4922 2612 4993; x_wconf 89' lang='lat' dir='ltr'><strong>grangiam</strong></span> <span class='ocrx_word' id='word_1_639' title='bbox 2638 4925 2714 4982; x_wconf 89' lang='lat' dir='ltr'><strong>de</strong></span> <span class='ocrx_word' id='word_1_640' title='bbox 2740 4926 2956 4986; x_wconf 82' lang='lat' dir='ltr'><strong>Arlosk</strong></span> <span class='ocrx_word' id='word_1_641' title='bbox 2970 4946 3108 4990; x_wconf 91' lang='lat' dir='ltr'><strong>cum</strong></span> <span class='ocrx_word' id='word_1_642' title='bbox 3128 4947 3258 4991; x_wconf 91' lang='lat' dir='ltr'><strong>om·</strong></span> 
     </span>
     <span class='ocr_line' id='line_1_110' title="bbox 1600 5008 3257 5083; baseline 0.011 -20"><span class='ocrx_word' id='word_1_643' title='bbox 1600 5008 1802 5074; x_wconf 90' lang='lat' dir='ltr'><strong>nibus,</strong></span> <span class='ocrx_word' id='word_1_644' title='bbox 1829 5014 1941 5065; x_wconf 89' lang='lat' dir='ltr'><strong>etc.</strong></span> <span class='ocrx_word' id='word_1_645' title='bbox 1977 5024 1993 5076; x_wconf 93' lang='lat'>;</span> <span class='ocrx_word' id='word_1_646' title='bbox 2025 5014 2082 5065; x_wconf 90' lang='lat' dir='ltr'><strong>et</strong></span> <span class='ocrx_word' id='word_1_647' title='bbox 2109 5008 2406 5083; x_wconf 88' lang='lat' dir='ltr'><strong>quidquid</strong></span> <span class='ocrx_word' id='word_1_648' title='bbox 2437 5011 2675 5070; x_wconf 86' lang='lat' dir='ltr'><strong>habetis</strong></span> <span class='ocrx_word' id='word_1_649' title='bbox 2699 5014 2857 5074; x_wconf 80' lang='lat' dir='ltr'><strong>infra</strong></span> <span class='ocrx_word' id='word_1_650' title='bbox 2879 5016 3140 5078; x_wconf 84' lang='lat' dir='ltr'><strong>insulam</strong></span> <span class='ocrx_word' id='word_1_651' title='bbox 3180 5021 3257 5080; x_wconf 90' lang='lat' dir='ltr'><strong>de</strong></span> 
     </span>
     <span class='ocr_line' id='line_1_111' title="bbox 1602 5097 3257 5171; baseline 0.01 -17"><span class='ocrx_word' id='word_1_652' title='bbox 1602 5097 1807 5154; x_wconf 80' lang='lat' dir='ltr'><strong>Holme</strong></span> <span class='ocrx_word' id='word_1_653' title='bbox 1836 5113 1943 5171; x_wconf 90' lang='lat' dir='ltr'><strong>per</strong></span> <span class='ocrx_word' id='word_1_654' title='bbox 1965 5102 2156 5154; x_wconf 88' lang='lat' dir='ltr'><strong>rectas</strong></span> <span class='ocrx_word' id='word_1_655' title='bbox 2197 5098 2423 5157; x_wconf 88' lang='lat' dir='ltr'><strong>divisas</strong></span> <span class='ocrx_word' id='word_1_656' title='bbox 2459 5116 2605 5160; x_wconf 86' lang='lat' dir='ltr'><strong>suas</strong></span> <span class='ocrx_word' id='word_1_657' title='bbox 2648 5103 2800 5162; x_wconf 87' lang='lat' dir='ltr'><strong>sicut</strong></span> <span class='ocrx_word' id='word_1_658' title='bbox 2835 5105 2943 5164; x_wconf 82' lang='lat' dir='ltr'><strong>fuit</strong></span> <span class='ocrx_word' id='word_1_659' title='bbox 2976 5108 3257 5171; x_wconf 84' lang='lat' dir='ltr'><strong>forestata</strong></span> 
     </span>
     <span class='ocr_line' id='line_1_112' title="bbox 1602 5186 3258 5269; baseline 0.01 -26"><span class='ocrx_word' id='word_1_660' title='bbox 1602 5190 1869 5258; x_wconf 88' lang='lat' dir='ltr'><strong>tempore</strong></span> <span class='ocrx_word' id='word_1_661' title='bbox 1893 5186 2125 5243; x_wconf 80' lang='lat' dir='ltr'><strong>Benrici</strong></span> <span class='ocrx_word' id='word_1_662' title='bbox 2139 5191 2295 5259; x_wconf 89' lang='lat' dir='ltr'><strong>regis</strong></span> <span class='ocrx_word' id='word_1_663' title='bbox 2315 5190 2590 5260; x_wconf 87' lang='lat' dir='ltr'><strong>senioris,</strong></span> <span class='ocrx_word' id='word_1_664' title='bbox 2616 5198 2673 5250; x_wconf 84' lang='lat' dir='ltr'><strong>et</strong></span> <span class='ocrx_word' id='word_1_665' title='bbox 2695 5195 2992 5269; x_wconf 80' lang='lat' dir='ltr'><strong>Ranulpbi</strong></span> <span class='ocrx_word' id='word_1_666' title='bbox 3020 5201 3258 5259; x_wconf 90' lang='lat' dir='ltr'><strong>comitis</strong></span> 
     </span>
     <span class='ocr_line' id='line_1_113' title="bbox 1605 5276 3260 5364; baseline 0.011 -34"><span class='ocrx_word' id='word_1_667' title='bbox 1605 5276 1842 5331; x_wconf 80' lang='lat' dir='ltr'><strong>Cestriae</strong></span> <span class='ocrx_word' id='word_1_668' title='bbox 1865 5291 1881 5341; x_wconf 89' lang='lat'>;</span> <span class='ocrx_word' id='word_1_669' title='bbox 1906 5282 2071 5332; x_wconf 86' lang='lat' dir='ltr'><strong>extra</strong></span> <span class='ocrx_word' id='word_1_670' title='bbox 2101 5276 2360 5334; x_wconf 87' lang='lat' dir='ltr'><strong>insulam</strong></span> <span class='ocrx_word' id='word_1_671' title='bbox 2390 5281 2466 5336; x_wconf 88' lang='lat' dir='ltr'><strong>de</strong></span> <span class='ocrx_word' id='word_1_672' title='bbox 2501 5281 2708 5340; x_wconf 79' lang='lat' dir='ltr'><strong>Holme</strong></span> <span class='ocrx_word' id='word_1_673' title='bbox 2734 5299 2803 5340; x_wconf 84' lang='lat' dir='ltr'><strong>ex</strong></span> <span class='ocrx_word' id='word_1_674' title='bbox 2838 5284 3003 5344; x_wconf 88' lang='lat' dir='ltr'><strong>dono</strong></span> <span class='ocrx_word' id='word_1_675' title='bbox 3041 5289 3260 5364; x_wconf 77' lang='lat' dir='ltr'><strong>Coepe-</strong></span> 
     </span>
     <span class='ocr_line' id='line_1_114' title="bbox 1607 5363 3257 5446; baseline 0.012 -27"><span class='ocrx_word' id='word_1_676' title='bbox 1607 5364 1753 5420; x_wconf 88' lang='lat' dir='ltr'><strong>tricii</strong></span> <span class='ocrx_word' id='word_1_677' title='bbox 1782 5363 1886 5420; x_wconf 85' lang='lat' dir='ltr'><strong>filii</strong></span> <span class='ocrx_word' id='word_1_678' title='bbox 1932 5366 2093 5432; x_wconf 82' lang='lat' dir='ltr'><strong>orni,</strong></span> <span class='ocrx_word' id='word_1_679' title='bbox 2132 5373 2191 5423; x_wconf 92' lang='lat' dir='ltr'><strong>et</strong></span> <span class='ocrx_word' id='word_1_680' title='bbox 2219 5367 2461 5425; x_wconf 62' lang='lat' dir='ltr'><strong>Thomas</strong></span> <span class='ocrx_word' id='word_1_681' title='bbox 2492 5368 2599 5427; x_wconf 86' lang='lat' dir='ltr'><strong>filii</strong></span> <span class='ocrx_word' id='word_1_682' title='bbox 2640 5374 3007 5446; x_wconf 86' lang='lat' dir='ltr'><strong>cospatricii,</strong></span> <span class='ocrx_word' id='word_1_683' title='bbox 3038 5383 3257 5439; x_wconf 85' lang='lat' dir='ltr'><strong>terram</strong></span> 
     </span>
     <span class='ocr_line' id='line_1_115' title="bbox 1606 5453 3263 5542; baseline 0.013 -33"><span class='ocrx_word' id='word_1_684' title='bbox 1606 5458 1667 5511; x_wconf 87' lang='lat' dir='ltr'><strong>et</strong></span> <span class='ocrx_word' id='word_1_685' title='bbox 1680 5453 2000 5526; x_wconf 81' lang='lat' dir='ltr'><strong>grangiam</strong></span> <span class='ocrx_word' id='word_1_686' title='bbox 2023 5454 2100 5512; x_wconf 88' lang='lat' dir='ltr'><strong>de</strong></span> <span class='ocrx_word' id='word_1_687' title='bbox 2116 5456 2503 5533; x_wconf 76' lang='lat' dir='ltr'><strong>Flemingeby</strong></span> <span class='ocrx_word' id='word_1_688' title='bbox 2518 5476 2659 5520; x_wconf 92' lang='lat' dir='ltr'><strong>cum</strong></span> <span class='ocrx_word' id='word_1_689' title='bbox 2669 5463 2954 5523; x_wconf 85' lang='lat' dir='ltr'><strong>omnibus</strong></span> <span class='ocrx_word' id='word_1_690' title='bbox 2962 5469 3263 5542; x_wconf 84' lang='lat' dir='ltr'><strong>pertinen·</strong></span> 
     </span>
    </p>
   </div>
   <div class='ocr_carea' id='block_1_21' title="bbox 2928 5596 3000 5656">
    <p class='ocr_par' dir='ltr' id='par_1_25' title="bbox 2928 5596 3000 5656">
     <span class='ocr_line' id='line_1_116' title="bbox 2928 5596 3000 5656; baseline 0 0"><span class='ocrx_word' id='word_1_691' title='bbox 2928 5596 3000 5656; x_wconf 67' lang='grc'><strong>43</strong></span> 
     </span>
    </p>
   </div>
  </div>
 </body>
</html>
