3784 6000
170 217 292 278 237

1130 214 1328 277 HIST.
1382 211 1644 276 RERUM
1688 209 2224 275 TitANSMARlN.
2272 247 2347 260 —
2392 214 2536 278 LIB.
2583 216 2633 278 1.

172 354 376 419 lerunt
402 349 597 419 initia,
619 355 677 407 et
706 349 915 422 frigore
934 348 1200 421 depulso,
1226 358 1390 420 graia
1416 349 1585 406 terris
1608 345 1830 403 reddita
1857 347 1915 414 Α
1945 362 2076 403 vero
2100 363 2275 417 regno
2300 328 2426 421 ejus
2446 365 2578 406 cum
2602 348 2761 408 omni
2782 348 3201 423 tranquillitate
3220 356 3581 423 transcurso,

170 447 256 495 cst
304 440 652 512 temperies,
700 456 880 512 equos
937 442 1285 512 praeparant,
1345 455 1510 495 arma
1563 439 1826 503 exerunt,

170 535 540 600 componunt
569 528 848 594 sarcinas,
878 533 935 585 et
963 529 1185 584 mutuis
1214 544 1297 595 se,
1330 527 1430 599 qui
1461 526 1633 582 simul
1662 528 1828 581 erant

171 618 517 692 profecturi,
566 619 809 675 invitant
850 618 1282 690 legationibus:
1324 617 1631 684 diligenter
1680 632 1826 686 proe·

171 707 550 775 ordinantes,
581 708 816 780 quando
855 713 1117 780 oporteat
1145 725 1244 764 eos
1275 708 1381 763 iter
1420 706 1695 777 arripere,
1728 704 1825 759 ubi

171 797 512 868 convenire,
543 801 602 853 et
629 813 746 868 qua
773 797 867 853 via
888 798 1075 854 tutius
1095 797 1573 868 commodiusque
1603 793 1830 866 possint

169 886 472 944 incedere.
521 887 639 944 Nec
685 887 841 944 enim
886 891 1154 959 poterant
1210 892 1292 944 tot
1332 891 1572 957 tamque
1602 883 1827 941 infinita

171 976 532 1049 populorum
565 976 751 1034 millia
770 976 831 1032 in
863 993 977 1033 nna
998 977 1254 1049 qnalibet
1274 976 1509 1048 regione
1530 974 1641 1029 sibi
1662 987 1826 1046 repe-

170 1068 282 1123 rire
313 1068 672 1124 necessaria.
704 1065 868 1123 Unde
913 1066 1175 1123 studiose
1219 1069 1593 1138 procuratum
1623 1068 1732 1130 est,
1764 1071 1828 1119 ut

171 1156 397 1228 singuli
430 1157 723 1228 majorum
743 1156 1100 1228 principum,
1124 1155 1371 1213 seorsim
1405 1154 1658 1224 legiones
1687 1169 1827 1210 suas

170 1247 508 1311 traherent,
537 1248 594 1302 et
633 1261 751 1302 non
798 1247 1002 1301 eodem
1035 1246 1261 1301 tramite
1299 1243 1825 1316 proficiscerentur.

171 1336 274 1392 Sed
303 1349 507 1407 neque
526 1339 844 1406 antequam
862 1334 933 1390 ad
959 1333 1159 1390 urbem
1183 1333 1418 1389 Niceam
1447 1331 1826 1402 pervenirent,

174 1441 383 1481 eorum
414 1424 706 1479 exercitus
755 1426 1167 1479 convenerunt.
1212 1421 1380 1489 Nam,
1430 1420 1577 1476 sicut
1605 1421 1831 1476 dicetur

175 1515 447 1581 inferius,
480 1515 598 1568 dux
627 1529 761 1568 cum
791 1511 911 1567 suis
940 1509 1264 1582 legionibus
1294 1526 1395 1581 per
1432 1508 1828 1581 Hungariam,·

176 1619 371 1660 comes
405 1600 738 1658 Tolosanus
776 1604 834 1655 et
852 1601 1159 1670 episcopus
1190 1598 1511 1665 Podiensis,
1563 1614 1662 1667 per
1691 1596 1829 1653 Dal·

1935 454 2125 510 usque
2147 441 2217 494 ad
2249 440 2487 498 fluvium
2540 442 2749 511 Marce,
2782 445 2881 516 qui
2925 446 3189 516 ejusdem
3222 447 3385 521 regni
3413 445 3582 504 limes

1933 528 2006 582 ab
2057 528 2289 586 Oriente
2335 531 2701 603 dignoscitur
2745 550 2896 604 esse,
2942 537 3202 607 pervenit
3248 537 3578 595 incolumis.

1935 616 2058 681 Quo
2088 620 2350 687 transito,
2392 619 2770 693 Bulgarorum
2812 624 2958 680 fines
3002 641 3131 682 cum
3163 626 3288 683 suis
3334 625 3583 701 legioni-

1935 705 2047 761 bus
2076 705 2287 779 attigit,
2318 709 2389 764 ad
2423 710 2615 767 locum
2646 713 2985 781 perveniens
3025 714 3125 786 qui
3163 715 3378 772 dicitur
3407 714 3584 774 Belle-

1935 794 2151 866 grsvia.
2185 797 2261 852 Εο
2295 801 2491 854 tamen
2524 800 2844 869 ignorante,
2872 805 3308 860 transeumdem
3339 794 3582 863 fluvium
3697 830 3702 839 ·

1935 882 1994 939 in
2042 884 2166 941 loco
2219 885 2319 957 qui
2367 902 2577 943 nomen
2637 887 2951 958 Malavilla,
3000 892 3071 948 de
3127 891 3408 951 comitatu
3455 894 3584 968 ejus

1934 971 2171 1043 quidam
2206 979 2622 1046 remanserant,
2656 981 2722 1033 ut
2770 978 2930 1036 cibos
2970 987 3246 1050 emerent,
3289 986 3345 1039 et
3373 983 3446 1039 ad
3475 983 3587 1040 iter

1935 1061 2275 1134 colligerent
2291 1064 2557 1136 quasdam
2582 1067 2913 1124 necessaria
2936 1086 2951 1136 ;
2975 1083 3120 1140 quos
3140 1070 3402 1144 Eungari
3426 1087 3585 1129 com-

1937 1150 2381 1221 prehendentes,
2447 1155 2716 1224 nudatos,
2784 1162 2841 1213 et
2914 1158 3147 1215 affectos
3224 1158 3585 1229 verberibus,

1939 1238 2149 1295 ablatis
2180 1242 2474 1312 omnibus,
2508 1244 2859 1302 remiserunt
2887 1248 2957 1304 ad
3002 1265 3162 1306 suos.
3214 1249 3282 1305 Et
3310 1249 3449 1308 licet
3483 1265 3588 1308 eo-

1942 1344 2071 1383 rum
2104 1328 2432 1386 adversitati
2475 1333 2784 1390 universus
2826 1335 2998 1408 plena
3035 1336 3318 1394 charitate
3344 1353 3588 1412 compe-

1942 1422 2159 1472 teretur
2187 1419 2494 1487 exercitus,
2521 1425 2578 1477 ct
2624 1423 2884 1490 sinistro,
2924 1425 3025 1496 qui
3072 1425 3383 1495 acciderat,
3422 1427 3588 1485 cuni

1940 1505 2261 1578 plurimum
2294 1510 2467 1566 sociis
2497 1512 2861 1583 condoleret;
2895 1519 3095 1573 tamen
3140 1517 3401 1572 videntes
3449 1516 3590 1590 qnia

1936 1597 2149 1651 durum
2182 1602 2304 1654 erat
2335 1599 2530 1670 nimis,
2564 1604 2620 1656 et
2650 1618 2793 1671 pene
2826 1603 3185 1676 impossibile
3222 1605 3469 1662 fluvium
3498 1620 3590 1663 re-

182 1694 453 1758 matiam3
487 1689 693 1761 reliqui
741 1705 874 1745 vero
922 1689 1212 1760 principes
1263 1704 1364 1760 per
1402 1687 1694 1760 Apuliam,
1728 1687 1829 1743 sed
1861 1718 1907 1782 Β
1946 1686 2209 1752 transire,
2232 1698 2285 1742 ct
2313 1691 2612 1746 occasione
2632 1693 3058 1764 emergentium
3094 1694 3447 1768 negotiorum
3476 1694 3592 1752 iter

184 1782 351 1839 variis
382 1779 773 1851 temporibus,
811 1776 1374 1848 Constantinopolim
1427 1785 1829 1848 pervenerunt.

188 1872 504 1927 Parabatur
553 1869 790 1925 interim
839 1867 993 1939 qnod
1043 1869 1115 1922 ad
1162 1872 1391 1923 tantum
1431 1865 1540 1922 iter
1570 1865 1832 1920 sulficere

195 1975 347 2031 posse
378 1959 764 2020 credebatur:
796 1962 852 2012 et
880 1956 1153 2012 viaticula
1183 1973 1312 2022 sua,
1339 1972 1472 2011 cum
1518 1954 1621 2010 vioe
1649 1971 1831 2027 qusn-

198 2055 346 2110 titate
378 2052 573 2108 metiri
613 2051 966 2115 nitebantur,
1016 2050 1343 2121 ignorantes
1385 2048 1536 2119 quod
1568 2063 1674 2104 non
1704 2053 1834 2102 sunt

200 2144 443 2197 iamenu
489 2141 732 2198 hominis
769 2142 868 2195 vise
905 2137 1080 2194 illius.
1126 2138 1360 2209 Ignorat
1386 2135 1541 2192 enim
1577 2132 1835 2190 mortalis

203 2230 503 2288 infirmitas
551 2228 693 2302 quid
723 2229 833 2284 sibi
875 2227 1130 2283 crastina
1157 2226 1340 2298 pariat
1376 2224 1522 2280 dies.
1552 2224 1678 2280 Non
1709 2227 1834 2279 erat

206 2322 418 2392 uspiam
474 2320 538 2375 in
606 2322 692 2375 tot
738 2316 1071 2390 provinciis,
1121 2320 1263 2386 quot
1310 2312 1482 2369 habet
1527 2313 1833 2373 Occidens,

205 2413 396 2468 domus
444 2409 633 2465 otiosa
688 2406 777 2462 vel
828 2423 961 2462 una.
992 2405 1212 2476 Cuique
1236 2404 1401 2473 juxta
1431 2419 1597 2458 suam
1631 2402 1830 2459 condi·

205 2501 399 2557 tionem
432 2495 748 2554 familiaria
776 2495 1076 2559 suberant,
1101 2495 1255 2549 circa
1284 2508 1410 2564 quae
1432 2491 1831 2548 sollicitaban-

204 2599 299 2658 tur,
328 2588 586 2661 negotia,
614 2585 751 2641 dum
779 2585 871 2640 bic
902 2581 1342 2655 paterfamilias,
1374 2581 1451 2637 ibi
1486 2581 1663 2645 filius,
1695 2580 1834 2636 illuc

203 2696 315 2736 vero
345 2683 470 2734 tota
491 2677 704 2731 domus
735 2674 805 2729 ad
840 2673 1211 2744 migrandum
1236 2688 1298 2727 se
1327 2674 1716 2741 componeret.
1741 2669 1829 2725 Di·

203 2770 532 2843 rigebantur
572 2766 902 2836 frequentes
941 2760 1219 2835 epistolis,
1252 2764 1464 2833 quibus
1512 2761 1612 2833 qui
1657 2758 1834 2816 simul

202 2858 503 2933 profecturi
531 2861 718 2923 erant,
736 2871 799 2910 se
819 2858 1021 2909 mutuo
1050 2852 1523 2919 exhortabantur,
1554 2848 1835 2906 attentius

201 2963 409 3007 morem
461 2947 831 3018 increpantes
876 2946 934 2999 et
977 2947 1282 2998 monentes
1331 2955 1635 3013 properare
1681 2937 1835 2996 cele·

200 3040 327 3095 rins.
382 3035 857 3103 vocantibusque
902 3036 1136 3087 caeteros
1188 3029 1300 3097 his,
1359 3030 1457 3101 qui
1507 3035 1834 3085 turmarum

201 3131 351 3183 erant
373 3126 561 3181 duces
592 3122 901 3193 designati,
928 3136 1061 3175 cum
1094 3118 1450 3189 singultibus
1480 3123 1537 3173 et
1567 3116 1838 3187 suspiriis

202 3212 699 3271 deridebanturab
719 3210 967 3266 invicem
990 3207 1296 3264 charorum
1314 3205 1641 3278 amplexus,
1665 3211 1720 3263 et
1741 3225 1841 3265 su·

202 3316 461 3375 premam
494 3300 610 3358 sibi
632 3297 1040 3363 valedicentes,
1073 3297 1494 3368 separabantur
1517 3295 1577 3351 in
1599 3296 1840 3355 osculis.

201 3397 363 3450 lister
393 3391 606 3456 filium,
656 3392 957 3461 parentem
1004 3384 1142 3454 iilia,
1193 3401 1352 3439 soror
1393 3385 1649 3447 fratrem,
1701 3401 1841 3442 uxor

203 3483 492 3542 maritum.
524 3481 584 3535 in
612 3477 770 3534 ulnis
799 3475 1170 3548 deportantes
1195 3473 1488 3545 parvulos,
1511 3482 1565 3528 et
1588 3490 1837 3546 suggen-

204 3572 509 3638 tssnbere,
546 3584 680 3626 cum
724 3564 998 3635 lacrymis
1040 3567 1097 3619 et
1144 3561 1365 3633 ejulatu
1414 3562 1841 3619 comitabantur

206 3661 470 3718 abeuntes
494 3682 508 3711 e
542 3661 600 3713 et
626 3656 781 3711 dicto
810 3654 959 3722 vale,
989 3669 1137 3724 quos
1167 3667 1370 3722 gressu
1406 3667 1519 3706 non
1552 3655 1838 3723 poterant,

205 3749 394 3808 defixis
423 3745 730 3806 obtutibus
762 3742 1286 3816 prosequebantur.

785 3848 1020 3907 CAPUT
1049 3847 1249 3904 XVHI.

202 3945 450 4005 Galum
474 3943 770 4002 sensaveir
795 3939 1010 4011 primus
1048 3940 1196 3995 viam
1227 3939 1528 4007 inpressas,
1557 3935 1840 4009 ,Constan-

721 4012 1011 4084 tinopolim
1048 4008 1310 4081 pervenit.

258 4112 427 4164 Anno
455 4105 641 4178 igitur
666 4101 738 4158 ab
759 4099 1163 4156 incarnatione
1194 4096 1422 4152 Domini
1452 4094 1607 4164 1096,
1643 4110 1840 4152 mense

200 4195 413 4263 lanio,
444 4199 652 4251 octava
667 4192 762 4247 die
780 4188 1022 4256 mensis,
1048 4188 1284 4260 quidum
1317 4187 1601 4253 Galterus,
1624 4201 1838 4257 cogno-

201 4291 385 4343 mento
432 4282 765 4347 sensaveir,
797 4280 883 4336 vir
909 4276 1118 4334 nobilis
1155 4280 1214 4332 et
1242 4275 1299 4330 in
1331 4276 1512 4331 armis
1543 4280 1838 4344 strenuus,

202 4368 951 4447 comingentimnltitudine
963 4366 1310 4439 pedestrium
1330 4370 1654 4421 turmarum
1678 4363 1839 4437 (nam

1868 3079 1918 3144 C

1942 1773 2171 1831 differre
2202 1779 2595 1849 propositum,
2625 1779 2812 1837 satius
2842 1781 3107 1839 arbitrari
3154 1787 3292 1840 sunt
3321 1784 3591 1841 dissimu-

1940 1866 2058 1920 lare
2086 1863 2156 1919 ad
2183 1869 2393 1938 tempus
2424 1868 2715 1939 iniuriam,
2764 1885 2938 1942 quom
2979 1871 3139 1927 adid
3184 1873 3329 1944 quod
3372 1875 3595 1945 anaqiss·

1940 1970 2049 2010 non
2075 1962 2308 2027 possent,
2345 1963 2545 2014 temere
2581 1960 2861 2030 aspirare.-
2901 1975 3067 2032 spem
3097 1960 3380 2018 habentes
3412 1964 3470 2019 in
3500 1976 3591 2042 ec,

1943 2043 2034 2098 cui
2066 2044 2312 2101 militare
2341 2056 2778 2118 proposuerant,
2811 2049 2961 2120 quod
3012 2048 3262 2107 Christis
3301 2051 3489 2109 servis
3516 2050 3591 2108 il-

1944 2131 2061 2187 lata
2090 2134 2274 2206 gratis
2322 2134 2538 2206 injuria
2589 2152 2703 2192 non
2756 2137 3081 2208 praeteriret
3125 2138 3437 2211 impunita,
3488 2139 3593 2200 sed

1943 2221 2291 2294 condignam
2340 2223 2415 2279 ab
2460 2240 2527 2280 eo
2558 2225 2877 2295 reciperent
2915 2227 3265 2295 mercedem,
3321 2230 3418 2301 qui
3467 2228 3595 2288 anie

1944 2309 2214 2368 fidelibus
2245 2314 2579 2385 repromisit
2628 2314 2859 2373 dicens:
2912 2317 2975 2372 Et
3016 2318 3259 2390 capillus
3315 2318 3381 2377 de
3416 2320 3597 2392 eapite

1943 2404 2114 2457 restro
2139 2417 2250 2457 non
2270 2404 2508 2472 peribit:
2531 2405 2590 2459 in
2610 2406 2888 2475 patientia
2899 2412 3088 2462 vestra
3108 2407 3449 2479 pannichius
3470 2405 3600 2463 cni-

1942 2507 2059 2546 mas
2079 2495 2287 2547 vestras
2305 2493 2461 2563 (Luc.
2504 2511 2617 2558 xxi,
2661 2494 2773 2566 18).
2806 2495 3224 2553 continuantes
3256 2496 3430 2568 igitur
3457 2494 3593 2566 iter,

1942 2578 2355 2651 Bellegraviam
2408 2589 2808 2655 pervenerunt,
2881 2592 2941 2640 ut
3017 2584 3433 2657 praemisimue,
3490 2584 3594 2643 nbi

1943 2668 2203 2725 Galterus
2232 2688 2266 2725 a
2295 2671 2442 2727 duce
2474 2671 2874 2743 Bulgarorum,
2917 2673 3017 2745 qui
3058 2675 3242 2731 eidem
3285 2675 3411 2731 loco
3440 2689 3589 2747 prn-

1944 2764 2088 2825 erat,
2119 2761 2351 2816 emendi
2381 2760 2669 2817 licentiam
2695 2763 3021 2835 postulans,
3052 2767 3110 2821 et
3136 2765 3447 2836 impetrare
3475 2780 3592 2824 non

1943 2851 2164 2918 valens,
2197 2853 2331 2905 ante
2362 2852 2564 2907 urbem
2593 2856 3046 2910 castrametatus
3084 2857 3207 2923 est3
3252 2854 3345 2911 nbi
3376 2854 3593 2912 exerci-

1946 2943 2071 2995 tum
2106 2956 2279 2994 suum
2314 2939 2500 2995 victus
2534 2940 2729 3009 inopia
2760 2941 3142 3011 laborantem,
3173 2940 3444 3000 cohibere
3474 2958 3591 3002 non

1946 3028 2165 3094 valens,
2197 3046 2369 3102 grave
2396 3030 2575 3085 nimis
2608 3030 2804 3102 populi
2846 3031 2938 3086 sui
2969 3047 3181 3103 passus
3227 3037 3318 3088 est
3354 3033 3594 3105 dispen-

1948 3119 2130 3176 dium.
2153 3119 2297 3176 Nam
2332 3136 2465 3176 cum
2496 3138 2527 3176 a
2558 3120 2818 3190 Bulgarls
2837 3124 3072 3180 omnino
3105 3122 3392 3179 venalium
3425 3122 3593 3193 nihil,

1947 3209 2142 3282 aliquo
2174 3207 2356 3281 pretio
2378 3208 2813 3278 interveniente,
2839 3209 3090 3267 obtinete
3121 3216 3381 3284 possent,
3404 3225 3595 3285 egres·

1947 3316 2050 3357 sus
2094 3303 2182 3356 est
2226 3298 2354 3369 ejus
2400 3298 2701 3368 exercitus,
2757 3304 2822 3355 ut
2876 3299 2988 3355 sibi
3038 3300 3211 3358 modo
3247 3316 3599 3375 quocunque

1947 3388 2231 3444 alimenta
2278 3397 2714 3458 compararent;
2760 3404 2828 3443 ne
2879 3404 2998 3460 prm
3051 3389 3362 3447 necessarii
3405 3390 3598 3447 victus

1945 3477 2191 3534 deiicere
2219 3482 2569 3549 cogerentur
2591 3476 2808 3549 inopia.
2838 3479 2947 3543 Qui
2978 3494 3184 3550 greges
3217 3478 3595 3550 Bulgarorum

1947 3567 2327 3636 invenientes,
2359 3572 2416 3623 et
2459 3571 2743 3634 armenta,
2777 3566 3058 3623 violenter
3093 3584 3162 3624 cx
3186 3570 3267 3624 eis
3296 3571 3599 3640 coeperunt

1947 3653 2256 3722 abducere,
2287 3659 2343 3709 et
2389 3654 2598 3710 castris
2643 3653 2857 3710 inferre
2903 3653 3053 3711 suis.
3086 3656 3246 3720 Quod
3294 3654 3597 3712 audientes

1945 3742 2199 3812 Bulgari,
2224 3742 2507 3814 correptis
2556 3742 2759 3810 armis,
2786 3744 2854 3796 ad
2886 3757 2983 3798 cos
3024 3743 3125 3814 qui
3164 3758 3368 3799 eorum
3408 3741 3593 3799 abdu-

1944 3832 2152 3886 cebant
2179 3829 2475 3899 animalia,
2529 3829 2818 3886 hostiliter
2854 3828 3095 3900 egressi,
3143 3830 3401 3901 praedam
3440 3846 3597 3889 revo-

1943 3936 2071 3977 care
2105 3920 2384 3989 volentes,
2420 3917 2631 3974 bellum
2671 3918 3002 3990 raptoribus
3047 3918 3326 3976 inserunt.
3361 3918 3432 3975 Et
3459 3920 3595 3978 iacti

1946 4008 2295 4079 superiores,
2340 4011 2573 4063 centum
2624 4006 3015 4081 quadraginta
3044 4023 3112 4064 ex
3159 4006 3243 4064 eis
3274 4006 3597 4079 preceden-

1946 4097 2093 4155 tium
2170 4097 2447 4155 comitatu
2507 4102 2805 4170 separatos
2883 4097 3197 4166 incautius,
3283 4097 3343 4155 in
3415 4100 3597 4158 oratio

1944 4190 2194 4261 quodam
2225 4188 2365 4260 (quo
2394 4204 2456 4246 se
2493 4189 2678 4260 gratia
2706 4189 3123 4262 consequendae
3153 4188 3361 4246 salutis
3390 4194 3596 4248 contu-

1947 4278 2155 4349 lerant)
2188 4278 2321 4351 igne
2366 4276 2691 4350 supposito,
2736 4279 3206 4346 combusserunt,
3260 4278 3502 4353 reliquis
3536 4279 3599 4336 in
3643 4291 3658 4306 ·

1946 4369 2144 4440 sugam
2196 4367 2440 4425 adactis.
2489 4370 2563 4422 At
2613 4382 2745 4423 vero
2792 4366 3060 4423 Galterus
3090 4368 3280 4425 sciens
3300 4366 3459 4440 quod
3488 4384 3599 4441 po-

203 4461 582 4534 paucissimos
626 4474 826 4515 secum
872 4456 1126 4513 habebat
1171 4455 1425 4527 equites)
1483 4454 1708 4525 primus
1740 4454 1846 4510 iter
1875 4453 1921 4518 D
1956 4456 2157 4530 pulum
2207 4472 2407 4513 secum
2452 4455 2715 4513 traheret
2752 4456 2909 4512 duro
2940 4456 3197 4524 cervicis,
3228 4460 3287 4513 et
3316 4454 3597 4513 indiscre-

201 4553 457 4627 arripnit,
503 4554 566 4606 et
637 4545 1031 4618 pertransiens
1087 4543 1530 4601 Teutonicorum
1575 4558 1845 4615 regnum,

200 4641 249 4699 in
278 4639 648 4713 ilungariam
679 4636 995 4693 descendit.
1027 4635 1127 4689 Est
1174 4637 1364 4690 autem
1402 4648 1643 4704 regnum
1679 4631 1848 4687 Hun-

198 4736 359 4806 ιιι-ἰᾷ·
390 4732 713 4807 paludibns
742 4727 1086 4801 interjectis,
1133 4730 1190 4783 et
1238 4724 1466 4798 magnis
1506 4724 1845 4781 fluminibus

200 4824 597 4897 precinctum,
623 4825 682 4878 et
703 4817 1104 4876 inaccessibile
1129 4833 1143 4883 ;
1173 4815 1252 4870 ita
1272 4813 1463 4870 utnisi
1485 4813 1654 4870 certis
1678 4812 1841 4880 locis,

199 4920 242 4968 ct
265 4913 336 4970 iis
366 4911 756 4969 vehementer
782 4906 1076 4979 augustis,
1108 4903 1436 4960 volentibus
1478 4901 1719 4958 introire
1756 4901 1843 4958 vel

197 5002 403 5074 egredi,
434 5016 560 5058 non
603 5001 801 5071 pateat
829 4994 1104 5053 introitus
1134 4992 1219 5049 vel
1262 4990 1469 5047 exitus.
1504 4990 1706 5048 Eidem
1738 5006 1845 5046 au-

196 5093 297 5147 tem
328 5106 519 5164 regno
553 5094 695 5144 tunc
723 5089 966 5158 praeerat
1007 5084 1094 5139 vir
1139 5079 1697 5145 christianissimus,
1745 5094 1843 5134 rex

195 5177 602 5248 Gelemannus,
635 5175 737 5249 qui
768 5174 999 5248 cognito
1041 5169 1295 5245 praedicti
1329 5168 1544 5225 Galteri
1575 5168 1843 5235 adventu,

196 5272 243 5322 ct
266 5269 337 5325 de
374 5270 512 5340 ejus
546 5267 788 5323 edoctus
817 5263 1135 5336 proposito,
1169 5258 1323 5332 piam
1355 5256 1512 5313 illius
1541 5271 1843 5313 commen·

197 5357 333 5415 dane
346 5356 916 5425 intentionem,eum
938 5351 1176 5423 benigne
1199 5348 1490 5415 admissit‚
1513 5351 1570 5403 et
1590 5346 1842 5403 transitu

194 5447 305 5505 scis
332 5444 813 5521 expeditionibus
838 5459 940 5515 per
988 5439 1344 5512 Hungariam
1393 5453 1692 5505 concesso,
1724 5452 1844 5507 pu-

194 5535 472 5596 blicorum
500 5534 991 5593 commerciorum
1024 5530 1270 5604 gratiam
1313 5544 1426 5585 non
1459 5528 1707 5602 negavit.
1740 5528 1847 5589 llle

1956 4554 2102 4616 tum,
2123 4544 2355 4604 redistis
2378 4546 2472 4602 his
2493 4545 2591 4617 qui
2611 4562 2719 4601 suo
2734 4545 2966 4617 proprio
2986 4545 3189 4618 spiritu
3212 4546 3596 4609 ducebantur,

1952 4635 2381 4708 incorrigibiles
2412 4635 2570 4702 facti,
2602 4650 2736 4690 cum
2768 4633 3012 4707 reliquis
3034 4634 3362 4706 agminibus
3393 4629 3598 4706 Bulga·

1953 4743 2153 4783 rorum
2209 4724 2403 4795 silvas,
2457 4724 2626 4796 longe
2693 4723 2925 4796 lateque
2972 4721 3233 4787 diffusas,
3284 4722 3598 4792 prudenter

1951 4815 2488 4887 circumspecteque
2549 4810 2965 4883 pertransiens,
3013 4809 3340 4865 straliciam
3407 4808 3595 4867 Dacioe

1951 4904 2387 4960 mediterraneae
2435 4900 2798 4971 metropolim
2848 4898 3139 4970 egregiam
3186 4898 3466 4970 pervenit,
3493 4899 3595 4955 ubi

1951 4992 2213 5065 ejusdem
2244 4990 2493 5047 civitatis
2523 4988 2755 5060 praesidi
2782 4986 2851 5043 de
2880 4987 3099 5044 damno
3127 4991 3184 5043 et
3204 4987 3419 5059 iniuria
3438 4988 3589 5061 plebi

1951 5080 2049 5137 Dei
2080 5080 2298 5150 injuste
2335 5096 2369 5133 a
2408 5075 2678 5149 Bnlgaris
2726 5075 2889 5133 illata
2937 5080 3315 5149 conquestus,
3364 5076 3597 5150 plenam

1952 5187 2129 5244 super
2158 5166 2431 5225 omnibus
2456 5166 2788 5223 commissis
2800 5167 3089 5239 justitiam
3113 5171 3463 5223 consecutus
3487 5172 3595 5237 est,

1956 5261 2199 5331 Insuper
2227 5256 2298 5313 ab
2344 5258 2545 5312 eodem
2592 5254 2762 5325 duce,
2814 5256 2934 5312 viro
2969 5256 3219 5327 egregio,
3259 5259 3317 5310 et
3360 5254 3601 5312 timente

1951 5349 2157 5410 Deum,
2203 5345 2627 5402 humanissime
2673 5348 2978 5414 tractatus,
3012 5343 3496 5400 commerciorum
3525 5344 3602 5402 le-

1951 5453 2084 5511 gem
2131 5434 2386 5492 obtinuit
2434 5448 2827 5501 communem,
2869 5436 2934 5489 ut
2980 5433 3112 5502 sibi,
3161 5436 3219 5489 et
3247 5431 3463 5505 populo
3494 5451 3601 5491 suo

1952 5543 2118 5602 equa
2157 5538 2437 5583 mensura
2482 5524 2541 5580 et
2569 5521 2735 5596 justo
2782 5521 2965 5597 pretio
3011 5520 3340 5582 neccssaria
3388 5523 3602 5591 vendo-
