3784 6000
280 173 441 234 181⁹·

278 299 420 357 laris
448 302 505 354 et
535 295 729 354 rarior
751 295 812 351 in
841 293 928 350 eis
956 288 1259 361 religionis
1279 288 1528 361 puritas,
1547 290 1716 343 tanto
1747 283 1924 341 nobis
1960 284 2009 338 Α

281 393 501 447 attente
524 386 828 454 agendum
857 389 914 439 et
943 395 1328 451 summopere
1341 377 1765 440 laborandum,
1793 381 1856 430 ut
1878 374 1927 429 si

282 493 407 552 qua
435 476 513 532 ibi
546 473 829 546 plantatio
860 473 971 543 pia*
1003 468 1476 526 conversationis
1532 466 1794 535 erigitur,
1825 478 1933 535 per

282 583 415 625 vos.
468 565 570 639 qui
627 579 755 619 esse
832 560 1063 617 debetis
1138 557 1522 630 plantationis
1579 551 1933 625 hujusmodi

282 658 595 726 rigatores,
619 656 954 724 opportune
981 646 1411 705 consolationis
1463 643 1757 699 imbribus
1808 639 1932 696 irri-

287 749 475 818 getur.
500 742 853 797 Audivimus
871 744 1069 795 autem
1088 737 1252 809 quod
1285 736 1505 791 domus
1536 733 1611 788 de
1640 730 1934 795 Fulino‚in

280 835 431 906 ipsis
462 832 731 903 partibus
754 827 963 884 vestris
983 826 1099 881 sub
1124 825 1499 897 professione
1529 819 1935 879 cisterciensis

284 921 510 979 ordinis
566 919 855 981 instituta,
905 931 1043 970 cum
1100 914 1176 968 sit
1231 912 1516 982 religione
1556 907 1935 973 venerabilis,

286 1010 548 1067 etmulta
578 1006 969 1064 nihilominus
1002 1001 1356 1059 miserabilis
1404 1003 1750 1073 pauperata,
1806 996 1942 1069 qui-

286 1100 429 1157 dam
477 1098 550 1155 de
586 1095 970 1166 magnatibus
1000 1097 1167 1149 terrae
1196 1096 1403 1146 vestroe
1442 1089 1692 1145 domum
1740 1087 1938 1158 ipsam

287 1188 684 1260 multipliciter
705 1185 1058 1256 inquietant,
1091 1177 1505 1252 extorquendo
1535 1177 1614 1232 ab
1644 1192 1714 1231 ea
1746 1189 1942 1246 pauca

286 1279 535 1350 illaquae
550 1273 841 1348 possidet,
857 1276 913 1327 et
934 1270 1048 1326 sub
1073 1269 1336 1338 angariis
1355 1265 1646 1339 plurimis.
1664 1281 1699 1320 a
1719 1263 1940 1336 quibus

285 1383 488 1424 sacras
518 1363 799 1421 ecclesias
824 1361 1003 1416 etiam
1036 1357 1349 1413 saeculares
1392 1354 1692 1427 principes
1723 1353 1942 1408 immu-

286 1472 394 1513 nes
428 1455 682 1511 existere
712 1454 1169 1511 consueverunt,
1221 1445 1562 1501 exactiones
1601 1443 1651 1499 ei
1710 1447 1767 1498 et
1810 1443 1941 1512 eJus

287 1542 636 1601 hominibus
650 1541 719 1594 im
730 1535 1292 1609 ponendo.1deoque
1306 1533 1477 1589 vobis
1491 1549 1595 1605 per
1610 1531 1942 1604 apostolica

287 1633 479 1703 cripta
505 1628 1415 1697 mandamus,quatenuscontra
1446 1623 1623 1693 hujus
1652 1620 1941 1676 violentias
1973 1638 2016 1694 B

290 1717 829 1794 pravitatem,sicut
854 1730 923 1771 ex
947 1713 1145 1769 officio
1171 1720 1367 1768 vestro
1384 1710 1688 1777 tenemini,
1703 1708 1943 1765 viriliter

289 1813 695 1878 exsurgentes,
726 1808 1037 1872 magnates
1060 1801 1332 1873 ipsos‚de
1357 1800 1580 1873 quibus
1611 1799 1687 1855 ad
1710 1813 1817 1853 vos
1837 1797 1945 1852 hu-

285 1898 553 1971 jusmodi
582 1893 829 1968 querela
856 1878 1186 1964 perv‘enerit
1221 1891 1298 1945 ab
1351 1890 1661 1961 iniquitate
1699 1889 1812 1943 ista
1840 1886 1945 1941 de-

288 1989 495 2044 sistere
531 1981 849 2048 moneatis,
880 1987 938 2037 et
963 1980 1075 2037 nisi
1108 1979 1350 2036 monitis
1389 1978 1809 2050 acquieverint,
1837 1991 1942 2032 eos

292 2083 345 2133 et
361 2071 1082 2142 maximeJeremiam‚qui
1096 2069 1246 2125 duos
1265 2084 1507 2124 mansos
1523 2066 1713 2140 ipsius
1724 2067 1944 2121 domus

290 2165 579 2222 violenter
623 2162 838 2218 dicitur
882 2165 941 2215 et
1000 2158 1195 2215 illicite
1233 2158 1518 2224 detinere,
1553 2158 1602 2211 si
1634 2171 1724 2211 res
1768 2155 1849 2210 ita
1880 2170 1945 2209 se

289 2254 494 2317 habet,
520 2266 780 2309 censura
807 2248 1209 2305 ecclesiastica
1240 2245 1591 2319 percellatis,
1627 2246 1705 2301 ita
1730 2244 1804 2300 de
1831 2260 1948 2298 cre-

291 2349 415 2400 tero
452 2342 528 2399 de
558 2341 824 2413 praedicti
856 2337 1204 2394 monasterii
1232 2335 1488 2404 solliciti,
1518 2333 1681 2406 quod
1713 2333 1942 2399 fratres,

292 2432 395 2505 qni
421 2432 481 2486 in
509 2445 581 2486 eo
610 2426 1065 2484 divinaemilitiae
1090 2424 1364 2495 bajulant
1394 2423 1758 2489 servitutem,
1779 2420 1945 2493 plene

290 2519 368 2578 de
406 2520 578 2576 vobis
604 2519 832 2591 possint
864 2516 924 2571 in
954 2514 1207 2571 Domino
1231 2512 1496 2583 gloriari.

366 2608 581 2663 Datum
612 2609 876 2670 Veronae,
908 2621 944 2659 x
978 2603 1103 2659 Kal.
1131 2601 1522 2674 Septembris.

1033 2745 1190 2801 CXC.

296 2854 768 2926 Archiepiscopis
784 2859 838 2910 et
860 2851 1146 2921 episcopis
1164 2850 1224 2906 in
1241 2864 1425 2920 reyno
1438 2849 1803 2904 Francorum
1816 2861 1952 2903 con·

367 2929 587 2985 scitatis
616 2925 883 2990 mandat,
918 2931 981 2979 ut
1010 2923 1314 2978 monachis
1346 2924 1407 2977 S.
1438 2920 1708 2990 Dionysii
1745 2919 1825 2976 ad
1852 2932 1953 2975 ea:-

370 2998 662 3073 sequenda
683 2996 1184 3064 monasteriiju7·o
1215 2991 1603 3063 opitulentur.

818 3089 1108 3176 (Veronae,
1140 3101 1291 3172 Aug.
1323 3099 1438 3171 25.)

372 3213 673 3288 [noussen
736 3211 884 3265 Hist.
919 3210 991 3265 de
1027 3208 1459 3276 Saint-Denys,
1490 3213 1528 3261 t.
1570 3208 1609 3271 l,
1642 3220 1704 3278 p.
1737 3205 1883 3273 518]

372 3322 569 3377 Lucius
587 3318 928 3389 episcopuS,
964 3330 1170 3370 servus
1224 3329 1531 3370 servorum
1563 3312 1681 3378 Dei,
1710 3327 1957 3368 venera·

296 3411 518 3468 bilibus
550 3405 829 3463 fratribus
852 3403 1324 3475 archiepiscopis
1351 3409 1405 3458 et
1425 3401 1954 3474 episcopisconsti·

300 3500 441 3556 tntis
470 3498 531 3553 in
562 3511 746 3566 regno
776 3495 1164 3562 Francorum,
1191 3492 1447 3548 salutem
1476 3495 1533 3547 et
1563 3488 1955 3563 apostolicam

302 3587 800 3645 benedictionem.

1982 2991 2024 3052 C

372 3678 519 3732 Cum
544 3675 705 3729 Beati
741 3670 1002 3744 Dionysii
1038 3668 1470 3726 monasterium
1503 3683 1539 3723 a
1576 3666 1772 3738 longis
1806 3672 1960 3723 retro

306 3764 676 3838 temporibus
726 3763 783 3817 in
835 3775 1056 3830 magna
1088 3761 1156 3814 sit
1208 3758 1482 3813 habitum
1531 3756 1879 3822 reverentia,
1908 3771 1966 3823 et

303 3869 450 3910 cura
484 3852 639 3908 illius
689 3848 1009 3922 specialius
1060 3851 1284 3919 spectet
1326 3845 1403 3901 ad
1439 3861 1572 3913 nos,
1604 3845 1823 3917 quibus
1854 3851 1961 3906 est,

305 3942 470 3998 nullo
498 3940 817 4003 mediante,
851 3936 1206 4008 subjectum,
1233 3939 1397 3990 tanto
1433 3948 1537 4004 per
1578 3948 1680 3988 vos
1713 3933 1880 4005 ipsos
1910 3935 1968 3987 et

308 4031 565 4089 aliarum
600 4028 991 4084 Ecclesiarum
1025 4024 1305 4097 praelatos
1349 4023 1550 4093 ipsum
1577 4041 1612 4077 a
1638 4036 1964 4092 pravorum

309 4119 595 4176 mosletiis
622 4116 900 4173 defensar
921 4121 1252 4181 etenemur‚
1279 4115 1510 4183 quanto
1551 4110 1965 4182 refrigescente

308 4208 592 4265 charitate
616 4204 939 4260 multorum
961 4207 1015 4258 et
1046 4205 1459 4257 succrescente
1491 4198 1733 4263 malitia,
1764 4197 1965 4270 plures

310 4301 447 4352 sunt
476 4297 579 4367 qni
612 4292 838 4365 rapinis
872 4292 1029 4346 idem
1062 4296 1116 4345 et
1140 4289 1271 4344 aliis
1308 4288 1827 4344 molestationibus
1873 4303 1967 4342 as·

311 4384 479 4439 sidue
502 4382 852 4455 inquietant.
870 4379 1041 4434 Unde
1070 4394 1177 4433 nos
1195 4393 1402 4432 earum
1428 4394 1538 4448 neq
1549 4378 1703 4432 uitioe
1721 4377 1968 4432 obviare

310 4473 663 4534 volentes-,et
680 4468 1053 4526 indemnitati
1077 4467 1409 4534 consulere,
1427 4467 1766 4522 monasterii
1782 4465 1969 4537 ipsius

312 4562 551 4633 negotia
595 4560 844 4615 diversis
878 4557 1288 4627 delegavimus
1322 4554 1630 4626 judicibus
1680 4553 1968 4610 finienda.

309 4651 874 4721 mandamusiiaque
898 4646 1251 4705 fraternitati
1275 4650 1811 4717 vestrae‚q==atenus
1837 4659 1968 4699 sen·

313 4743 533 4798 tentias
551 4756 706 4813 quas
738 4740 894 4794 idem
913 4752 1091 4808 super
1113 4735 1370 4804 nogotiis
1392 4734 1535 4805 ipsis
1549 4734 1973 4804 duxerintpro-

310 4831 515 4898 mulga
572 4831 702 4896 das,
744 4827 1166 4900 unusquisque
1188 4830 1447 4880 vestrum
1478 4823 1537 4878 in
1568 4823 1807 4878 dioecesi
1839 4838 1969 4882 sua.

310 4919 535 4977 nullius
566 4918 968 4991 appellatione
985 4916 1284 4979 obstante,
1309 4929 1445 4968 cum
1474 4911 1975 4985 requisitnsfuerit

317 5026 437 5067 non
473 5002 1088 5064 differatexsecutioni
1122 5002 1431 5068 mandare,
1467 5001 1547 5057 ita
1576 5000 1740 5073 quod
1765 5005 1817 5055 et
1852 5016 1975 5056 mo·

334 5098 875 5168 nasleriumipsum
910 5110 1015 5167 per
1036 5093 1305 5149 officium
1332 5098 1595 5147 vestrum
1629 5090 1979 5164 pleniusjus

336 5206 515 5248 suum
545 5185 832 5258 consequi
859 5183 1068 5249 valeat,
1096 5187 1153 5238 et
1180 5198 1292 5238 nos
1319 5196 1456 5237 cum
1474 5179 1840 5236 audierimus
1860 5179 1982 5235 sol-

320 5279 676 5338 icitudinem
700 5280 985 5341 vestram,
1002 5272 1335 5328 debeamus
1361 5286 1481 5326 non
1496 5269 1795 5326 immerito
1816 5284 1981 5326 com·

319 5369 631 5424 uxi-udare.

362 5455 602 5515 -Datum
644 5457 909 5523 Veronae,
941 5456 1155 5510 octavo
1186 5450 1313 5509 Kal.
1345 5447 1736 5523 Septembris.

1714 118 1927 217 'Lucu
1963 155 2039 213 111
2079 156 2286 216 PAPAE

3575 154 3686 215 lm

2781 284 2958 343 cxc1.

2041 390 2416 449 Parthenoni
2449 391 2660 450 Sancti
2680 391 3001 449 Zacharia
3024 390 3244 449 Veneto
3254 390 3486 450 asserit
3503 388 3648 448 bona
3665 404 3696 449 s

2431 464 2732 521 Leonardo
2771 465 2980 521 comite
3004 478 3314 523 concessa.

2574 570 2871 641 (Veronae,
2897 571 3056 642 Sept.
3081 568 3166 643 5.)

2223 672 2533 747 [Consum
2559 677 2786 735 Eccles.
2830 676 3050 744 Venet„
3081 681 3118 733 t.
3145 674 3251 746 XI,
3281 692 3350 750 p.
3388 674 3548 749 381]

2119 764 2314 819 Lucius
2341 765 2681 839 episcopus.
2715 780 2916 822 servus
2936 781 3254 823 servornm
3301 764 3444 831 Dei,
3499 762 3700 821 dilectis

2046 852 2105 907 in
2137 852 2365 909 Christo
2395 852 2655 921 filiabus,
2687 855 2947 927 Caysotoe
2971 854 3300 912 abbatissae
3331 852 3402 911 S.
3425 852 3702 911 Zacharia

2047 939 2123 996 de
2151 941 2425 1009 VenetiiS‚
2459 949 2513 1000 et
2549 943 2856 1000 sororibus
2889 943 3160 1016 ejusdem
3211 941 3608 1005 monasterii.
3633 958 3705 1000 sa-

2048 1029 2233 1085 lutem
2265 1037 2320 1086 et
2345 1031 2737 1104 apostolicam
2754 1032 3258 1091 benedictionem.

2123 1121 2200 1174 Ex
2263 1126 2463 1177 tenore
2521 1121 2894 1178 instrumenti
2936 1120 3160 1195 publici
3220 1120 3417 1179 nobis
3472 1118 3706 1177 innotuit

2050 1208 2208 1280 quod
2242 1225 2382 1265 cum
2423 1212 2595 1267 bonae
2621 1211 2922 1267 memoriae
2951 1227 3156 1268 comes
3195 1209 3566 1267 Leonardus
3591 1224 3706 1265 eon-

2050 1296 2214 1353 deret
2235 1303 2676 1365 testamentum,
2698 1306 2771 1370 te,
2795 1300 2916 1357 tilia
2934 1300 3270 1370 abbatissa,
3292 1298 3708 1357 fideicommis-

2050 1387 2268 1442 sariam
2298 1387 2541 1443 instituit
2565 1388 2638 1444 de
2671 1388 2790 1446 fide
2822 1394 2924 1446 tua
2958 1395 3016 1446 et
3052 1387 3360 1462 religione
3445 1386 3705 1445 confisus.

2048 1478 2171 1532 Tuo
2194 1492 2329 1531 vero
2362 1479 2725 1534 monasterio
2756 1494 2862 1549 pro
2903 1478 3174 1535 remedio
3216 1478 3460 1536 animm
3501 1484 3704 1538 suimet

2051 1565 2499 1635 progenitorum
2528 1582 2798 1633 suorum,
2825 1583 3036 1624 omnes
3069 1569 3311 1635 vineas,
3339 1567 3602 1634 salinas,
3621 1572 3704 1621 ter·

2051 1669 2169 1719 ras,
2197 1669 2407 1726 aquaS,
2443 1654 2633 1711 cultas
2675 1661 2732 1711 et
2779 1654 3054 1720 incultas,
3081 1660 3141 1714 et
3194 1662 3401 1713 totum
3461 1655 3702 1713 alodium

2051 1748 2587 1816 quantumcunque
2606 1743 2869 1801 habebat
2894 1744 2955 1801 in
2986 1745 3190 1816 clugia
3213 1752 3276 1804 et
3299 1745 3546 1803 finibus
3579 1745 3702 1816 eJ'us‚

2051 1837 2108 1888 et
2136 1833 2358 1899 omnia,
2384 1839 2504 1889 tam
2533 1832 2804 1901 mobilia,
2837 1850 3022 1906 quam
3044 1834 3428 1907 immobilia,
3451 1833 3710 1891 ordinata

2053 1921 2175 1977 sive
2205 1922 2544 1978 inordinata
2588 1922 2914 1995 omniaque
2958 1923 3120 1994 jura,
3154 1928 3213 1981 et
3258 1924 3570 1988 actiones,
3597 1936 3711 1995 qua

2054 2010 2133 2066 illi
2164 2010 2604 2082 competebant,
2637 2011 2727 2067 vel
2748 2018 3080 2082 competere
3110 2018 3409 2085 poterant
3437 2014 3710 2070 adversus

2054 2099 2339 2173 aliquem,
2366 2099 2477 2155 illis
2499 2101 2777 2172 exceptis,
2820 2117 2957 2174 quoe
2986 2102 3162 2159 certis
3204 2103 3500 2175 personis
3543 2098 3712 2159 nomi·

2056 2190 2242 2247 natim
2260 2189 2582 2260 legaverat,
2601 2191 2660 2246 in
2681 2190 2887 2247 ultima
2901 2191 3209 2249 voluntate
3224 2192 3549 2267 relinquit.
3569 2189 3716 2248 Unde

2054 2279 2347 2352 quoniam
2364 2278 2509 2334 nibil
2532 2285 2640 2345 est,
2662 2279 2824 2353 quod
2840 2278 3101 2353 amplius
3120 2278 3494 2338 hominibus
3518 2281 3716 2341 debea-

2056 2374 2170 2437 tur,
2200 2386 2387 2443 quam
2429 2375 2492 2426 ut
2531 2386 2831 2442 supremoe
2870 2370 3220 2438 voluntatis,
3254 2372 3310 2429 si
3355 2373 3712 2433 rationabilis

2058 2458 2250 2527 fuerit,
2266 2458 2416 2514 liber
2437 2457 2511 2513 sit
2530 2459 2743 2531 stylus,
2760 2458 3221 2531 dispositionem
3235 2460 3486 2534 proefati
3503 2468 3714 2521 comitis

2055 2553 2249 2603 ratam
2282 2546 2593 2616 habentes,
2620 2551 2679 2604 et
2706 2548 2912 2605 omnia
2940 2563 3077 2617 quae
3118 2551 3512 2609 monasterio
3539 2559 3712 2611 vestro

2056 2634 2487 2692 rationabiliter
2508 2637 2567 2691 in
2591 2651 2698 2692 suo
2747 2636 2995 2695 contulit
3041 2644 3424 2697 testamento
3470 2642 3636 2699 vobis
3668 2650 3714 2700 et

2059 2725 2251 2781 eidem
2280 2723 2644 2781 monasterio
2669 2726 3020 2783 auctoritate
3039 2727 3389 2799 apostolica
3411 2732 3711 2791 confirma·

2061 2832 2216 2880 mus,
2244 2819 2301 2870 et
2322 2814 2629 2886 praesentis
2658 2814 2863 2885 scripti
2885 2817 3222 2887 patrocinio
3245 2822 3709 2877 communimus.
3781 2834 3784 2855 ⁴

2063 2906 2394 2960 statuentes
2422 2908 2484 2960 ut
2513 2903 2657 2959 nulli
2688 2904 2935 2960 omnino
2977 2904 3308 2963 hominnm
3351 2907 3533 2966 liceat
3575 2909 3710 2967 hanc

2063 2993 2337 3066 paginam
2353 2998 2567 3050 nostras
2579 2992 3392 3067 confirmationisinfringere
3407 2997 3506 3056 vel
3517 3000 3569 3056 ei
3581 3015 3712 3057 ausu

2065 3083 2377 3141 temerario
2403 3084 2716 3140 contraire.
2747 3084 2802 3140 Si
2833 3085 2969 3156 quis
3001 3089 3206 3142 autem
3267 3086 3388 3144 hoc
3450 3095 3714 3148 attentare

2063 3173 2510 3246 praesumpserit
2537 3171 3009 3245 indignationem
3039 3174 3500 3247 omnipotentis
3544 3180 3658 3246 Dei,
3675 3183 3718 3236 et

2066 3265 2375 3319 Beatorum
2405 3261 2550 3318 Petri
2575 3267 2631 3318 et
2661 3261 2819 3318 Pauli
2846 3262 3266 3335 apostolorum
3295 3266 3438 3338 ejus
3472 3283 3540 3326 se
3569 3283 3716 3326 nore-

2064 3352 2138 3408 rit
2166 3350 2566 3407 incursurum.

2139 3441 2354 3495 Datum
2393 3441 2655 3506 veroum,
2689 3440 2868 3497 Nonis
2901 3441 3300 3514 Septembris.

2793 3537 2995 3595 cxcn.

2144 3635 2426 3705 Episcopo
2463 3633 2784 3690 Veronensi
2805 3635 3072 3706 praecipit
3096 3642 3166 3693 ut
3195 3653 3235 3693 a
3271 3639 3456 3698 laicis
3487 3642 3724 3700 decimas
3783 3673 3784 3686 κ

2283 3704 2554 3762 exhiberi
2564 3706 2865 3763 canonicis
2892 3707 3332 3766 Veronensibus
3335 3713 3376 3782 j
3379 3713 3594 3772 abeat.

2567 3812 2854 3883 (Veronae.
2907 3815 3066 3885 Sept.
3117 3817 3234 3888 Η.)

2432 3919 2714 3990 [UonnLLn
2741 3920 2910 3978 Italia
2934 3936 3132 3989 sacra,
3153 3922 3226 3988 V,
3245 3925 3412 4000 800]

2145 4025 2344 4081 Lucius
2374 4024 2713 4096 episcopus,
2755 4042 2964 4082 servus
2989 4043 3307 4086 servorum
3339 4032 3474 4097 Dei.
3497 4047 3728 4089 venera-

2075 4114 2178 4170 bili
2207 4112 2371 4169 fratri
2407 4115 2724 4171 Veronensi
2751 4116 3058 4188 episcopo,
3083 4116 3354 4176 salutem
3389 4127 3453 4177 et
3473 4121 3728 4195 apostoli-

2076 4218 2208 4259 cam
2238 4201 2739 4258 benedictionem.

2148 4293 2294 4347 Cum
2327 4291 2573 4347 dilectos
2597 4291 2747 4348 tilios
2767 4298 3009 4349 nostros
3042 4293 3672 4371 archipresbyterum.
3691 4303 3732 4352 et

2077 4379 2400 4437 canonicos
2433 4379 2705 4436 Ecclesiae
2736 4388 2851 4437 tuoe
2872 4383 3190 4453 specialius
3223 4383 3494 4457 diligere
3511 4388 3732 4450 debeas.

2078 4475 2134 4526 et
2161 4470 2219 4526 in
2248 4468 2379 4540 jure
2411 4485 2521 4525 suo
2551 4471 2832 4526 attentius
2854 4469 3196 4538 confovere,
3225 4489 3425 4546 super
3453 4477 3574 4533 hoc
3597 4483 3734 4534 tanto

2080 4557 2348 4613 securius
2383 4563 2583 4613 nostra
2624 4558 2722 4614 tibi
2773 4560 2993 4630 scripta
3034 4559 3392 4630 dirigimus,
3426 4573 3656 4640 quanto
3694 4569 3734 4618 te

2077 4645 2357 4703 libentius
2371 4646 2673 4701 credimus
2699 4647 2997 4704 mandatis
3019 4649 3382 4720 apostolicis
3397 4655 3732 4726 pariturum.

2082 4738 2371 4804 Quocirca
2387 4737 2728 4792 fraternitati
2744 4742 2860 4794 tuas
2877 4753 2979 4808 per
2996 4739 3330 4811 apostolica
3346 4744 3588 4816 scripta
3602 4759 3736 4800 man·

2082 4827 2299 4881 damus
2331 4830 2510 4897 atque
2524 4827 2907 4898 praecipimus
2937 4833 3238 4900 quatenus
3269 4829 3738 4906 [eontraJomnes

2082 4914 2267 4972 laicos
2297 4914 2397 4986 qui
2428 4915 2502 4970 de
2532 4915 2769 4972 illorum
2814 4915 3144 4972 redditibus
3196 4915 3494 4977 decimas
3537 4921 3740 4979 auferre

2085 5003 2598 5078 praesumpserint,
2625 5004 2718 5059 vel
2740 5021 2843 5060 eos
2874 5019 3053 5077 super
3067 5003 3322 5061 decimis
3367 5017 3518 5066 ante
3534 5010 3748 5068 saecula·

2087 5109 2212 5150 rem
2225 5092 2491 5165 judicem
2507 5094 2913 5158 convenerint.
2929 5093 2979 5149 si
2993 5094 3355 5153 commoniti
3388 5115 3522 5157 uon
3535 5099 3748 5158 destite·

2089 5183 2224 5247 rint,
2273 5181 2436 5237 omni
2487 5181 2678 5252 gratia
2724 5188 2779 5239 et
2838 5183 3048 5239 timore
3101 5188 3486 5257 postposito,
3550 5190 3750 5248 minius

2089 5271 2489 5344 appellatione
2508 5271 2802 5335 obstante,
2830 5273 3118 5328 canonica
3144 5287 3420 5334 censura
3449 5279 3750 5352 proce-das.

2089 5376 2273 5434 quam
2291 5360 2524 5433 absque
2541 5359 2948 5417 satisfactione
2965 5375 3237 5432 congrua
3251 5377 3391 5424 non
3415 5368 3680 5428 relaxes.

2161 5453 2291 5508 Dat.
2325 5450 2594 5518 Veronae,
2626 5465 2667 5508 u
2695 5449 2780 5505 Id.
2809 5449 3112 5524 Septemb.
