3784 6000
179 274 300 339 435

1248 268 1688 333 GUILLELMI
1731 268 2124 332 TYRENSIS
2171 264 2531 328 anonim).
3471 265 3552 326 43
3578 268 3592 322 Ξ

178 426 310 467 rum
343 408 472 465 sine
500 406 851 465 admistione
875 403 1146 463 falsitatis
1167 405 1421 461 dicerent
1446 421 1461 472 ;
1491 402 1599 459 boc
1621 405 1816 458 autem
1851 403 1902 469 Α
1934 401 1996 457 in
2028 399 2270 468 Pascha,
2303 415 2418 471 quo
2449 397 2698 456 transire
2747 400 2803 454 et
2849 398 3091 455 domum
3123 396 3312 454 redire
3371 413 3591 470 propo·

178 516 245 557 ea
274 500 450 556 flebat
478 499 822 560 intentione,
856 503 912 550 ut
938 495 1021 551 sic
1045 496 1115 551 de
1147 494 1368 551 meritis
1396 492 1797 564 eligendorum
1817 533 1830 559 ,

188 589 420 662 plenius
450 595 506 645 et
531 586 758 642 fidelius
780 585 1205 641 instruerentur
1235 583 1532 641 electores,
1565 583 1669 649 Qui
1704 588 1831 652 post

182 678 417 734 modum
462 678 532 733 ab
577 673 948 735 electoribus,
1000 675 1107 730 sub
1141 673 1333 729 debito
1377 672 1615 745 praestiti
1664 673 1830 742 jura-

183 766 384 835 menti,
435 765 770 836 diligentius
820 763 1178 836 interrogati,
1227 762 1405 818 multa
1461 762 1830 818 dominorum

182 870 422 910 suorum
456 852 593 908 vitia
628 853 809 909 coacti
841 860 975 908 suut
1018 852 1296 907 secretius
1328 850 1617 917 confiteri,
1649 849 1833 906 virtu·

187 952 388 1014 tes-que
417 942 802 998 nibilominus
845 957 1206 1009 enumerare,
1240 945 1304 995 ut
1335 941 1488 996 nudo
1518 946 1831 1011 apertoque

173 1032 396 1102 judicio
418 1035 729 1101 constaret,
749 1031 941 1101 qualis
965 1030 1214 1102 quisque
1234 1033 1388 1085 esset
1407 1027 1828 1100 eligendorum,

180 1122 336 1178 inter
392 1139 542 1195 quos
599 1122 819 1177 domini
879 1121 1044 1177 ducis
1101 1118 1414 1176 familiares
1477 1119 1831 1191 interrogati,

184 1213 632 1284 responderunt,
657 1211 807 1282 quod
842 1210 901 1266 in
941 1209 1214 1266 omnibus
1244 1209 1461 1266 domini
1494 1209 1661 1265 ducis
1693 1210 1832 1264 acti·

187 1302 320 1369 bus,
345 1303 404 1357 in
439 1301 628 1373 magis
663 1300 950 1356 absonum
993 1300 1327 1356 domesticis
1357 1298 1480 1355 suis
1506 1298 1834 1365 videbatur,

181 1392 331 1462 quod
382 1390 689 1448 ecclesiam
744 1391 1065 1463 ingressuS,
1114 1389 1288 1445 etiam
1337 1397 1466 1461 post
1504 1388 1835 1443 divinorum

179 1483 647 1536 consummatam
708 1478 1174 1544 celebrationem,
1225 1477 1358 1534 inde
1405 1476 1664 1549 separari
1719 1491 1833 1530 non

182 1571 447 1639 poterat;
481 1567 581 1624 sed
611 1567 682 1622 de
714 1566 967 1638 singulis
1016 1563 1368 1637 imaginibus
1398 1571 1450 1620 et
1483 1563 1718 1635 picturis
1749 1578 1835 1618 ra·

191 1657 414 1713 tionem
465 1655 733 1729 exigebat
773 1673 806 1711 a
853 1654 1254 1711 sacerdotibus
1300 1658 1358 1709 et
1391 1654 1466 1710 iis
1496 1652 1595 1725 qui
1630 1653 1833 1710 horum

185 1744 535 1801 videbantur
566 1744 828 1815 aliquam
860 1742 1073 1800 habere
1117 1742 1376 1815 peritiam
1402 1786 1417 1811 ,
1446 1742 1526 1798 ita
1555 1743 1707 1814 quod
1741 1757 1830 1797 so-

182 1831 290 1890 ciis
346 1834 472 1890 suis
521 1832 740 1890 affectis
780 1832 968 1901 aliter,
1019 1831 1082 1887 in
1125 1831 1360 1887 taedium
1404 1835 1738 1899 verteretur,
1781 1833 1837 1887 et

182 1939 461 1979 nauseam
487 1943 501 1992 ς
537 1931 590 1979 et
621 1920 869 1995 prandia
890 1938 1019 1994 quae
1070 1925 1226 1978 certo
1248 1925 1305 1977 et
1336 1927 1655 1991 opportuno
1687 1924 1838 1976 tern-

182 2029 319 2085 pore
357 2017 561 2084 parata
601 2017 787 2082 erant,
828 2012 1053 2068 diutina
1083 2015 1142 2068 et
1173 2011 1510 2082 importuna
1541 2010 1718 2066 nimis
1744 2025 1839 2065 ex-

182 2102 566 2173 spectatione,
598 2103 794 2159 minus
845 2101 1202 2172 tempestive,
1254 2099 1554 2172 magisque
1588 2098 1837 2172 insipida

187 2200 581 2249 sumerentur.
625 2192 788 2258 Quod
841 2191 1144 2247 audientes
1179 2189 1282 2261 qui
1322 2189 1637 2245 electorum
1672 2204 1836 2261 gere-

178 2286 327 2353 bant
386 2281 666 2349 officium,
725 2279 955 2336 beatum
1014 2278 1288 2333 dixerunt
1333 2278 1518 2333 virum
1570 2277 1662 2332 cui
1716 2278 1835 2333 haec

179 2375 358 2437 sunt3
392 2375 451 2426 et
480 2370 572 2425 cui
606 2369 756 2426 inter
783 2369 1042 2425 defectus
1073 2371 1468 2438 computatur,
1501 2366 1648 2438 quod
1684 2365 1833 2422 alius

181 2458 625 2515 sibiascriberet
639 2458 708 2514 ad
735 2459 999 2514 virtutem
1027 2474 1041 2524 ;
1074 2459 1426 2528 tandemque
1448 2459 1832 2513 consonantes

180 2547 516 2605 adinvicem
540 2550 669 2618 post
690 2546 901 2603 multas
923 2544 1403 2602 deliberationum
1425 2550 1617 2618 partes
1644 2544 1835 2602 domi-

176 2654 320 2695 num
354 2638 564 2694 ducem
598 2637 954 2694 unanimiter
973 2636 1213 2706 eligunt,
1237 2635 1603 2708 electumque
1635 2635 1832 2708 sepul·

176 2729 275 2786 ⁰ro
306 2726 567 2797 Domini,
617 2742 750 2783 cum
800 2725 1038 2800 hymnis
1070 2731 1127 2781 et
1164 2725 1429 2791 canticis,
1461 2724 1833 2782 devotissime

176 2818 534 2874 obtulerunt.
567 2818 791 2874 Dicitur
811 2822 1032 2883 tamen,
1054 2817 1207 2889 quod
1228 2816 1285 2872 in
1314 2815 1616 2872 dominum
1649 2816 1831 2872 comi-

176 2912 294 2964 tem
324 2907 679 2965 Tolosanum
714 2907 1133 2974 Raimundum‚
1161 2922 1461 2977 procerum
1487 2921 1622 2977 pars
1644 2906 1831 2961 maxi-

177 3013 274 3054 ma
302 2995 672 3065 convenirct;
722 2997 820 3053 sed
874 2996 981 3053 boc
1040 2995 1452 3069 intelligenteS,
1510 2996 1664 3067 quod
1716 2995 1829 3053 nisi

177 3102 424 3161 regnum
450 3091 922 3157 consequeretur,
952 3087 1188 3143 domum
1221 3091 1376 3143 esset
1396 3088 1593 3142 statim
1616 3086 1830 3142 reditu-

1937 494 2152 558 suerat,
2185 505 2312 546 eam
2347 487 2458 545 sibi
2492 487 2637 545 velle
2666 487 2897 553 habere,
2933 492 2995 543 ut
3024 486 3256 543 interim
3288 504 3422 543 cun
3460 488 3587 546 suis

1941 579 2243 636 honestius
2269 577 2331 634 iu
2364 593 2539 649 regno
2563 593 2784 633 moram
2809 578 2998 634 facere
3029 584 3241 648 posset,
3268 577 3584 649 allegabat,

1939 671 2064 726 Dux
2094 685 2227 724 vero
2261 667 2370 724 nisi
2401 666 2610 723 turrim
2643 666 2867 735 habeat,
2898 668 3173 724 universa
3205 683 3268 723 se
3309 665 3454 722 velle
3486 667 3590 724 de·

1940 775 2151 828 serere,
2185 757 2455 826 dicebat3
2506 756 2759 830 allegans
2789 756 3029 813 omnino
3058 756 3438 813 inhonestum
3471 773 3595 814 esse

1945 854 2030 918 ut,
2054 863 2121 903 eo
2143 847 2381 903 domino
2402 846 2728 917 designato,
2745 845 2890 902 alter
2909 844 3158 902 civitatis
3181 845 3423 903 haberet
3443 863 3594 918 prae-

1942 939 2179 1005 sidium,
2214 954 2391 1009 quem
2423 937 2593 1010 quasi
2625 954 2821 1010 parem
2842 943 2942 994 aut
2970 938 3327 1009 superiorem
3360 939 3596 1010 conspi-

1944 1032 2118 1085 ceret.
2159 1027 2366 1084 Comes
2415 1031 2609 1083 autem
2664 1027 2989 1083 Normanite
3038 1031 3095 1083 et
3144 1027 3592 1084 Fiandrensium

1948 1132 2143 1174 comes
2173 1115 2581 1172 dominiducis
2606 1121 2796 1187 partes
2823 1116 3084 1173 fovebant
3110 1134 3125 1183 ;
3160 1115 3262 1189 qui
3290 1132 3425 1172 vero
3458 1132 3593 1174 cum

1945 1207 2186 1265 domino
2206 1207 2411 1263 comite
2442 1206 2633 1262 Sancti
2656 1206 2883 1279 AEgidii,
2909 1207 3036 1277 ejus
3058 1207 3233 1262 etiam
3277 1206 3597 1265 familiares

1944 1300 2129 1366 erant,
2165 1300 2229 1351 ut
2257 1295 2497 1352 domino
2529 1311 2652 1363 suo,
2700 1294 2911 1351 saltem
2943 1294 3053 1351 hac
3083 1295 3192 1362 via,
3223 1296 3595 1353 occasionem

1944 1386 2265 1459 proeberent
2286 1385 2560 1453 abeundi,
2586 1388 2810 1456 partem
2829 1384 3118 1456 juvabant
3137 1386 3466 1443 adversam.
3492 1389 3595 1441 Fa-

1946 1480 2101 1532 ctum
2133 1478 2221 1532 est
2248 1479 2463 1541 autem,
2496 1479 2561 1531 ut
2590 1490 2895 1547 quousque
2926 1475 3144 1545 dejure
3165 1474 3594 1543 decerneretur,

1946 1565 2040 1622 cui
2069 1565 2270 1623 cedere
2313 1563 2567 1634 deberet,
2608 1564 2820 1620 turrim
2868 1565 2927 1620 in
2961 1578 3133 1620 mana
3171 1564 3390 1620 domini
3424 1564 3594 1622 Alba-

1947 1657 2157 1713 riensis
2177 1655 2458 1729 episcopi,
2490 1655 2657 1728 quasi
2679 1657 2833 1728 apud
2859 1663 3216 1724 sequestrum
3243 1657 3312 1712 de
3335 1672 3598 1714 commu-

1867 1767 1916 1834 Β
1948 1746 2003 1800 ni
2050 1744 2293 1802 consilio
2342 1745 2717 1802 commiserit.
2774 1743 2871 1801 llle
2917 1761 3050 1802 vero
3098 1761 3213 1802 non
3265 1751 3593 1819 exspectato

1935 1834 2185 1905 judicie,
2221 1841 2352 1891 ante
2383 1833 2501 1890 litis
2541 1833 3020 1889 contestationem
3061 1834 3297 1891 domino
3337 1832 3475 1891 duci
3506 1835 3592 1891 di-

1944 1928 2093 1984 citur
2113 1942 2241 1983 eam
2273 1925 2600 1994 tradidisse,
2633 1941 2885 1997 cumque
2917 1925 2972 1981 id
3016 1925 3128 1982 sibi
3153 1927 3530 1998 postmodum
3561 1945 3594 1984 a

1944 2016 2224 2073 nonnulis
2283 2016 2692 2088 imputaretur,
2742 2015 2859 2072 vim
2916 2016 3029 2072 sibi
3085 2015 3308 2072 illatam
3358 2016 3594 2090 publice

1943 2106 2258 2163 asserebat.
2297 2105 2575 2162 Dominus
2599 2105 2777 2178 igitur
2806 2122 3021 2177 comes,
3054 2106 3434 2164 exacerbatus
3464 2106 3594 2180 plu-

1943 2195 2159 2251 rimum
2175 2194 2644 2267 etindignatione
2657 2195 2888 2266 plenus,
2913 2196 3066 2268 quod
3094 2195 3401 2253 turrimita
3427 2197 3595 2270 igno-

1944 2284 2207 2354 miniose,
2269 2288 2333 2339 ut
2387 2283 2498 2340 sidi
2568 2283 2894 2353 videbatur,
2955 2285 3253 2354 amiserat,
3303 2289 3362 2341 et
3436 2287 3593 2358 quod

1942 2374 2131 2430 caeteri
2164 2373 2478 2447 principes,
2514 2390 2629 2431 non
2666 2375 2809 2432 satis
2859 2373 3272 2432 beneficiorum
3318 2376 3447 2446 eius
3483 2393 3596 2433 me·

1943 2478 2155 2533 mores,
2186 2478 2318 2534 quae
2338 2463 2396 2517 in
2420 2462 2510 2519 via
2530 2462 2748 2536 saepius
2767 2464 2853 2520 eis
2874 2463 3217 2532 contulerat,
3241 2480 3415 2521 secus
3440 2480 3597 2533 eum,

1943 2551 2141 2607 minus
2174 2555 2413 2623 agerent
2445 2551 2654 2621 amice,
2704 2553 3063 2610 descendens
3095 2555 3168 2609 ad
3186 2552 3507 2611 Jordanem
3540 2564 3599 2610 et

1942 2640 2113 2714 aquis
2145 2640 2272 2711 ejus
2295 2639 2471 2711 lotus,
2504 2641 2576 2698 ad
2600 2644 2831 2714 propria
2851 2643 3065 2710 redire,
3098 2658 3339 2700 suorum
3370 2643 3600 2701 satisfa·

1943 2729 2100 2786 ciens
2129 2730 2457 2801 desideriis,
2488 2730 2860 2803 disponebat.

2586 2855 2813 2913 CAPUT
2842 2857 2937 2913 lv,

1939 2943 2238 3017 Episcopus
2283 2945 2742 3015 Mar-turonensis,
2791 2948 2878 3002 vir
2922 2947 3180 3005 subdolus
3231 2952 3282 3005 et
3325 2966 3589 3023 nequam,

2008 3017 2300 3088 quemdam
2329 3018 2677 3088 Arnulphum
2706 3018 2815 3075 sibi
2839 3021 3102 3090 similem,
3125 3023 3183 3076 in
3205 3023 3590 3093 patriarcham

2013 3091 2214 3145 nititur
2240 3105 2561 3160 promovere
2578 3107 2599 3153 ‚⁸
2620 3089 2709 3146 sed
2738 3106 2847 3147 non
2862 3092 3103 3163 proficit.
3126 3092 3279 3149 Crux
3297 3093 3590 3154 Dominicis

181 3192 301 3244 rus,
337 3176 551 3233 natalis
582 3175 690 3231 soli
723 3175 1029 3231 dulcedine
1057 3174 1239 3244 ducti,
1266 3175 1443 3231 etiam
1471 3179 1669 3231 contra
1700 3190 1833 3231 con‘
1862 3136 1914 3202 C
2011 3163 2305 3231 '‘peritur-

178 3265 484 3321 scientiam
518 3281 707 3334 suam,
734 3264 918 3319 multa
947 3264 1017 3320 de
1047 3263 1283 3320 domino
1304 3263 1516 3319 comite
1534 3263 1823 3320 confinxe-

177 3356 338 3421 runt,
376 3357 437 3408 ut
467 3353 747 3427 reprobus
763 3351 1096 3409 haberetur.
1119 3351 1420 3407 illatamen
1444 3350 1825 3408 nibilominus

177 3441 423 3513 patriam
455 3457 759 3514 spernens,
809 3440 1106 3497 Christum
1156 3439 1520 3496 devotissime
1567 3444 1824 3506 secutus,

92 3557 99 3572 ι
179 3546 295 3590 uon
318 3532 463 3588 abiit
491 3535 811 3587 retrorsum
838 3547 851 3598 ;
884 3531 985 3587 sed
1010 3531 1068 3586 in
1093 3529 1376 3586 anteriora
1396 3546 1454 3585 se
1484 3530 1822 3599 extendens,

176 3621 725 3696 peregrinationem,
785 3637 961 3692 quam
1021 3617 1204 3677 semel
1264 3619 1562 3691 ingressus
1618 3623 1727 3688 est,
1767 3624 1826 3675 et

178 3710 561 3769 voluntariam
587 3715 983 3783 paupertatem
1003 3725 1191 3782 usque
1214 3709 1272 3765 in
1287 3708 1461 3766 finem
1483 3713 1824 3780 prosecutus

174 3806 261 3859 est
287 3818 302 3869 ;
335 3800 526 3858 sciens
547 3800 684 3872 quia
701 3799 798 3872 qui
807 3800 1247 3872 perseveraverit
1270 3814 1437 3871 usque
1463 3800 1521 3853 in
1534 3800 1719 3869 finem,
1734 3798 1824 3855 hic

173 3891 355 3947 salvus
382 3894 487 3947 erit
522 3891 540 3962 (
576 3889 775 3947 ΜαειΙι.
833 3907 988 3957 xxiv,
1024 3889 1134 3961 13).
1169 3889 1238 3944 Et
1284 3887 1466 3943 illud:
1500 3889 1663 3945 Nemo
1692 3890 1821 3944 mit·

175 3984 295 4038 tens
325 3996 555 4035 monum
594 3979 665 4033 ad
712 3986 980 4045 aratrum,
1043 3985 1093 4036 et
1146 3980 1438 4050 respiciens
1469 3985 1632 4046 retro,
1662 3982 1821 4049 aptus

175 4079 253 4128 est
280 4085 447 4139 reqno
478 4068 579 4125 Dei
607 4068 629 4139 (
659 4069 782 4124 Luc.
817 4085 897 4135 xx,
923 4068 1038 4139 62).

817 4173 1050 4230 CAPUT
1083 4173 1179 4230 111.

175 4268 299 4322 Dux
349 4267 648 4335 promotus,
707 4278 741 4316 a
798 4264 989 4317 comite
1060 4263 1326 4318 Tolosano
1388 4266 1592 4320 turrim
1649 4265 1822 4320 David

244 4351 412 4407 quam
439 4333 507 4390 ab
540 4333 784 4389 hostibus
826 4341 1153 4403 susceperat.
1186 4337 1419 4404 reposcit
1441 4354 1462 4397 ,·
1492 4338 1822 4392 dissentiunt

243 4407 535 4478 principa,
583 4406 682 4461 sed
719 4405 937 4461 tandem
984 4407 1186 4460 turrim
1224 4406 1429 4462 obtinet
1470 4409 1818 4478 postulatam.

2008 3269 2081 3323 At
2109 3283 2241 3324 vero
2287 3267 2598 3340 praedictus
2642 3268 3097 3327 Marturanensis
3128 3272 3465 3345 episcopus,
3496 3275 3590 3332 vir

1936 3356 2218 3415 subdolus
2249 3367 2300 3413 et
2334 3374 2604 3431 nequam,
2656 3375 2770 3416 non
2801 3361 3066 3418 cessabat
3096 3361 3318 3419 interea
3349 3362 3582 3436 plebem

1935 3445 2225 3504 indoctam
2273 3451 2475 3505 contra
2517 3447 2643 3520 pios
2692 3448 2979 3506 concitare
3024 3449 3355 3523 principes;
3418 3458 3478 3510 et
3526 3453 3584 3510 in

1935 3534 2138 3609 vulgus
2167 3552 2374 3604 serere,
2408 3537 2562 3609 quod
2606 3536 2837 3593 invidias
2870 3553 3066 3606 causa,
3093 3543 3155 3596 ut
3183 3556 3307 3596 eam
3340 3538 3590 3599 liberius

1937 3628 2178 3696 possent
2217 3626 2343 3681 sine
2367 3629 2600 3697 pastore
2639 3625 2999 3694 conculcare,
3040 3628 3333 3699 principes
3364 3629 3593 3688 nollent

1935 3711 2207 3769 Ecclesiae
2239 3713 2557 3785 providere.
2606 3717 3046 3787 Assumensque
3089 3732 3288 3773 secum
3321 3719 3586 3789 ejusdem

1934 3800 2205 3857 factionis
2253 3802 2589 3875 complices,
2640 3803 2977 3873 praedictum
3025 3805 3420 3877 Arnulphum,
3449 3808 3587 3868 aliis

1934 3892 2486 3961 contradicentibus,
2529 3892 2742 3965 elegit3
2775 3900 2833 3949 et
2881 3894 3096 3952 auxilio
3143 3897 3325 3954 fretus
3354 3900 3589 3958 comitis

1936 3980 2432 4049 Normannorum‚
2466 3983 2635 4053 cuius
2665 3987 2787 4039 erat
2808 3987 2865 4040 et
2896 3984 3075 4041 fueret
3105 3986 3165 4041 in
3197 3991 3316 4043 tota
3343 3990 3593 4059 expedi-

1934 4070 2090 4127 tione
2122 4071 2425 4129 familiaris
2448 4078 2504 4130 et
2523 4073 2783 4142 conviva,
2806 4072 2863 4128 iu
2889 4075 3083 4132 sedem
3109 4076 3586 4148 patriarchalem,

1934 4161 2091 4218 fatuo
2123 4163 2335 4236 populo
2358 4164 2923 4237 suffragiaconsulta
2945 4167 3338 4237 ministrante,
3369 4170 3589 4230 inthro-

1936 4250 2146 4306 nizavit
2173 4270 2187 4319 ;
2222 4253 2322 4308 sed
2344 4257 2549 4310 neuter
2572 4253 2693 4309 suis
2715 4254 3230 4314 adinventionibus
3247 4257 3475 4318 laetatus
3496 4267 3591 4320 est

1934 4338 2054 4395 diu.
2079 4338 2223 4395 Nam
2246 4341 2587 4415 Arnulphus
2612 4352 2823 4401 temere
2841 4351 3208 4417 assumptam
3231 4354 3474 4407 coactus
3494 4357 3590 4409 est

1934 4426 2220 4500 deponere
2243 4429 2608 4503 dignitatem,
2641 4439 2698 4489 et
2717 4435 2845 4505 ejus
2868 4436 3247 4507 turpitudinis
3268 4436 3588 4512 impudens

247 4516 493 4575 Domino
526 4514 702 4587 igitur
731 4514 896 4585 duce,
930 4515 1001 4569 de
1050 4514 1348 4569 communi
1399 4518 1550 4582 voto,
1582 4531 1830 4573 concur·
1862 4514 1910 4580 D
1937 4520 2234 4587 patronus,
2268 4519 2485 4575 viarum
2510 4536 2752 4578 suarum
2786 4523 3011 4579 fructus
3032 4524 3331 4598 recollegit
3360 4528 3422 4585 in
3453 4545 3590 4601 pro·

173 4615 331 4666 rente
361 4605 624 4663 omnium
658 4619 970 4672 consensu,
1014 4602 1176 4675 regni
1225 4604 1449 4676 apicem
1500 4605 1817 4676 obtinente,

170 4714 359 4757 comes
414 4695 598 4754 sancti
648 4694 854 4767 AEgidii
907 4693 1158 4750 civitatis
1212 4694 1570 4765 praesidium,
1624 4712 1814 4752 arcem

171 4785 436 4845 videlicet
472 4784 673 4853 David,
706 4800 876 4854 quam
924 4782 1035 4839 sibi
1082 4782 1156 4838 ab
1204 4782 1389 4852 initio,
1445 4788 1508 4839 ut
1539 4784 1820 4855 praemisi-

173 4893 328 4943 mus,
362 4875 560 4931 hostes
589 4874 968 4938 tradiderant,
996 4872 1347 4946 possidebat.
1384 4874 1517 4929 Erat
1535 4878 1730 4931 autem
1755 4877 1813 4932 in

170 4964 553 5022 eminentiore
583 4962 833 5020 civitatis
860 4967 1039 5036 parte,
1073 4978 1277 5019 versus
1308 4963 1669 5022 occidentem
1702 4967 1816 5023 sita

170 5059 227 5112 et
272 5052 608 5125 ingentibus
653 5054 891 5124 quadris
934 5056 1262 5108 constructa
1290 5053 1609 5124 lapidibus,
1658 5056 1814 5111 unde

170 5148 351 5200 totam
385 5141 588 5198 urbem
627 5140 871 5196 inferius
921 5140 1164 5209 positam
1214 5147 1337 5200 erat
1366 5144 1601 5200 intueri.
1634 5143 1811 5215 Hanc,

171 5235 339 5307 quasi
369 5232 552 5289 totius
581 5231 838 5288 civitatis
861 5230 1240 5288 novissimum
1272 5233 1583 5305 refugium,
1607 5233 1811 5291 videns

172 5326 287 5380 dux
316 5322 427 5380 sibi
460 5322 685 5387 deesse,
715 5324 1008 5377 curtatum
1031 5320 1142 5377 nisi
1176 5320 1334 5378 illam
1362 5322 1618 5392 haberet,
1649 5323 1809 5380 arbi—

169 5415 357 5469 tratus
389 5427 451 5467 se
480 5409 694 5467 babere
735 5410 1151 5481 principatum,
1182 5409 1352 5484 coepit
1380 5429 1413 5467 a
1444 5412 1680 5470 domino
1712 5430 1810 5471 co-

171 5497 315 5557 mite
368 5500 427 5556 in
485 5498 773 5556 auditorio
831 5497 1161 5571 principum
1222 5516 1544 5571 reposcere.
1603 5502 1811 5563 Comes

169 5603 304 5649 vero
333 5601 483 5654 cam,
506 5591 778 5658 tanquam
793 5584 901 5643 sibi
916 5585 989 5641 ab
1012 5585 1277 5644 hostibus
1298 5587 1599 5662 traditam,
1623 5605 1809 5662 usque

1926 4607 2101 4663 ximo.
2134 4607 2403 4666 Peridem
2425 4614 2673 4682 tempus,
2697 4610 2937 4670 inventa
2960 4618 3049 4670 est
3069 4614 3128 4669 in
3163 4624 3322 4685 parte
3350 4616 3583 4675 Sanctis

1927 4694 2384 4754 Resurrectionis
2413 4697 2693 4768 ecclesiae,
2724 4716 3013 4770 seorsum,
3043 4703 3229 4772 portio
3253 4721 3371 4762 una
3391 4709 3587 4765 crucis

1926 4785 2260 4852 Dominicis,
2293 4803 2471 4859 quam
2500 4789 2572 4846 ob
2606 4795 2822 4846 metum
2846 4790 3175 4865 gentilium,
3198 4811 3449 4867 quorum
3473 4797 3581 4869 ju-

1923 4893 2061 4950 gum
2103 4877 2496 4950 patiebantur,
2547 4881 2746 4938 fideles
2787 4882 2860 4939 ad
2905 4884 3243 4954 ampliorem
3271 4887 3581 4960 cautelam,

1924 4968 2109 5025 multo
2162 4976 2314 5038 ante,
2368 4971 2567 5041 paucis
2608 4971 2887 5028 admissis
2935 4973 3384 5034 occultaverant.
3420 4983 3586 5040 Hanc

1922 5057 2119 5115 studio
2149 5069 2208 5115 et
2244 5075 2421 5132 opera
2469 5061 2774 5131 cujusdam
2823 5061 3081 5120 hominis
3131 5065 3281 5139 Syri,
3312 5069 3417 5140 qui
3444 5070 3583 5142 ejus

1924 5154 2044 5205 tam
2089 5150 2328 5222 pretiosi
2385 5150 2635 5222 depositi
2686 5152 2867 5208 fuerat
2914 5154 3207 5222 conscius,
3259 5165 3579 5233 repertam,

1921 5226 2088 5296 theca
2119 5240 2482 5297 reconditam
2514 5246 2807 5313 argentea,
2838 5242 3098 5314 primum
3130 5245 3202 5301 ad
3233 5245 3472 5308 Domini
3494 5269 3586 5312 se·

1921 5326 2128 5397 pulcri,
2161 5329 2369 5384 deinde
2401 5330 2471 5385 ad
2506 5330 2791 5401 templum
2824 5330 3079 5400 Domini,
3110 5350 3244 5391 cum
3266 5336 3507 5410 hymnis
3524 5347 3584 5401 et

1920 5417 2165 5474 canticis
2194 5418 2603 5489 spiritualibus
2624 5419 3014 5493 deportantes,
3037 5434 3424 5497 prosequente
3443 5447 3576 5490 eam

1919 5503 2189 5563 universo
2220 5507 2372 5564 clero
2427 5512 2485 5564 et
2528 5508 2759 5581 populo,
2810 5511 3269 5572 consolationem
3302 5519 3474 5589 quasi
3505 5522 3579 5581 de

1917 5593 2059 5651 coelo
2085 5595 2326 5656 missam
2356 5612 2559 5656 omnes
2589 5596 2649 5656 in
2682 5614 2994 5660 commune
3022 5612 3392 5678 acceperunt,
3412 5609 3578 5670 arbi-
