3784 6000
187 272 311 335 5⁰5

721 276 923 339 Hls'r.
971 278 1237 341 RERUM
1280 279 1830 342 TRANSMARtN.
1876 310 1954 323 —
1997 279 2147 339 LlB.
2194 279 2298 340 xl.
2342 280 2787 344 BALDUINUS
2835 282 2858 342 1
2906 282 3082 344 REX.

3485 290 3604 350 506

186 410 581 481 quantitatem
613 417 915 481 cemento,
935 431 1061 486 quta
1087 416 1376 474 machinis
1399 422 1665 474 nostrum
1687 419 1841 473 recte
1870 415 1918 481 Α
1955 429 2112 468 mum
2135 412 2384 485 experiri
2409 431 2424 482 ;
2452 413 2542 469 bis
2572 418 2766 471 autem
2796 415 2946 472 sicut
2973 432 3042 474 ex
3085 418 3370 489 postfacto
3394 420 3600 491 patuit,

186 500 545 557 videbantur
589 503 893 574 oppositu,
931 506 1333 577 ascendentes,
1375 510 1837 579 superoedificare

187 595 497 660 cmperunt
525 607 540 646 τ
570 590 657 647 ita
689 608 753 648 ut
780 596 975 650 subito
996 599 1052 650 et
1076 596 1228 652 intra
1252 614 1467 670 paucos
1483 599 1607 655 dies
1633 599 1838 671 ligneis

192 679 506 751 machinis,
538 696 667 752 qum
683 683 937 739 exterius
963 690 1440 758 erantoppositae,
1467 689 1651 745 multo
1667 691 1834 746 altio-

194 784 283 825 res
336 769 771 827 invenirentur.
832 772 994 830 Unde
1045 775 1103 830 in
1169 776 1462 846 subjectas
1531 779 1834 838 machinas

191 858 391 929 ignem
437 858 787 929 jaculantes,
827 862 1027 920 omnia
1072 863 1199 921 sine
1254 866 1598 924 difficultate
1648 869 1833 942 parati

192 951 361 1003 erant
378 948 725 1018 incendere;
752 950 955 1009 videns
977 968 1112 1025 ergo
1134 972 1251 1022 rex,
1276 959 1429 1027 quod
1463 974 1558 1014 ars
1586 964 1709 1016 arte
1730 962 1839 1017 de-

190 1034 715 1109 luderetur-,longis
733 1039 1026 1097 laboribus
1047 1049 1104 1100 et
1119 1046 1386 1117 expensis
1416 1064 1530 1103 non
1563 1049 1831 1119 modicis,

190 1141 337 1196 quas
358 1141 460 1197 per
488 1130 741 1197 quatuor
770 1144 1001 1186 menses
1030 1137 1084 1187 et
1108 1134 1673 1205 eoampliusibidem
1701 1156 1835 1195 con·

191 1219 551 1286 sumpserat,
592 1221 862 1288 gravatus
899 1219 1238 1290 plurimum,
1274 1225 1348 1279 ab
1394 1225 1623 1295 incepto
1653 1229 1831 1284 desti-

194 1305 280 1370 tit,
308 1321 421 1377 spe
479 1306 826 1365 frustratus:
860 1310 1163 1384 solutaque
1208 1314 1527 1385 obsidione,
1564 1334 1666 1391 pro
1693 1319 1833 1375 Pto-

192 1393 508 1451 lomaidam
530 1412 783 1466 reverso,
805 1398 1008 1471 reliqui
1040 1404 1306 1460 certatim
1344 1408 1415 1462 ad
1448 1408 1684 1480 propria
1713 1411 1833 1465 red·

191 1484 405 1540 ierunt.

751 1579 989 1635 CAPUT
1037 1582 1239 1639 xv111.

189 1661 421 1719 noritur
474 1664 731 1722 dominus
785 1668 1108 1739 Tener-edus,
1141 1673 1329 1730 reticeo
1378 1678 1702 1749 principatu
1732 1683 1838 1738 Ro-

724 1754 872 1809 yero,
906 1742 1131 1798 Ricardi
1159 1745 1299 1814 filie.

256 1841 546 1899 Paridem
591 1847 1135 1914 tempus‚dominus
1175 1854 1533 1925 Tancredus,
1591 1858 1836 1917 illustris

189 1933 488 1988 memoriis
519 1941 573 1990 et
634 1936 741 2006 pioe
797 1937 856 1992 in
907 1938 1154 1997 Domino
1210 1947 1643 2019 recordationis,
1668 1953 1837 2021 cuius

186 2022 587 2097 eleemosynas
624 2033 675 2083 et
727 2027 959 2099 pietatis
996 2047 1193 2103 opera,
1218 2034 1273 2090 in
1296 2046 1640 2109 perpetuum
1672 2059 1837 2101 enar-

186 2114 347 2169 rabit
377 2115 572 2171 omnis
605 2117 853 2174 ecclesia
900 2126 1260 2193 sanctorum,
1308 2126 1521 2187 lethale
1568 2133 1828 2191 debitum

186 2203 489 2274 persolvit.
520 2205 625 2262 Hic
656 2208 797 2263 dum
838 2208 896 2265 in
946 2226 1236 2285 supremas
1278 2217 1427 2275 lecto
1467 2222 1831 2293 aegritudinis

189 2292 533 2364 decubaret,
557 2294 712 2353 circa
756 2313 816 2353 se
848 2297 909 2353 in
957 2302 1049 2357 sui
1089 2303 1369 2377 obsequio
1401 2308 1830 2372 adolescentem

192 2381 717 2451 Pontium,domini
735 2386 1262 2448 Bertramicomitis
1274 2395 1617 2467 Tripolitani
1640 2402 1829 2461 filium

186 2469 482 2539 babebat3
510 2472 833 2545 vidensque
889 2476 1000 2532 sibi
1039 2482 1244 2537 mortis
1301 2483 1611 2545 imminere
1651 2492 1829 2560 diem,

186 2575 373 2616 uxore
388 2576 497 2616 sua
526 2576 721 2618 coram
767 2580 829 2620 se
876 2567 1084 2638 posita,
1118 2571 1364 2643 Coecilia,
1387 2592 1532 2644 quae,
1564 2586 1625 2634 ut
1661 2596 1834 2653 supe·

185 2648 317 2705 rins
352 2650 757 2723 proemisimus,
791 2654 1012 2712 domini
1042 2657 1655 2732 PhilippiFrancorum
1679 2675 1833 2744 regis

190 2735 319 2793 filia
346 2742 492 2804 erat,
524 2745 585 2796 et
631 2742 903 2813 praedicto
950 2745 1187 2816 Juvene,
1220 2751 1591 2812 consuluisse
1620 2758 1836 2816 dicitur

193 2825 505 2893 ambobus,
530 2834 593 2882 ut
649 2832 783 2900 post
842 2830 970 2901 ejus
1027 2834 1247 2891 obitum
1299 2839 1429 2909 jure
1461 2846 1837 2904 convenirent

189 2914 462 2971 maritali.
510 2916 871 2992 Factumque
918 2925 1007 2979 est
1061 2923 1160 2992 ita,
1200 2931 1264 2982 ut
1307 2934 1440 3000 post
1467 2934 1598 3005 ejus
1626 2952 1695 2992 ex
1725 2937 1831 2996 hac

197 3005 330 3061 lucc
383 3007 713 3078 decessum,
746 3015 975 3068 mortuo
1022 3013 1189 3072 eliam
1245 3019 1481 3077 domino
1538 3025 1828 3085 Bertramo

185 3096 406 3152 comite
433 3096 818 3168 Tripolitano,
849 3102 1107 3171 ejusdem
1139 3112 1324 3178 patre,
1352 3113 1662 3181 praedictus
1682 3118 1835 3174 Pon·

184 3183 333 3252 tine,
362 3184 628 3241 eamdem
658 3188 978 3257 dominam,
1017 3193 1272 3263 predicti
1295 3197 1516 3255 domini
1546 3205 1831 3263 'rancredi
1860 3160 1904 3228 G

181 3272 448 3340 viduam,
482 3290 721 3331 uxorem
753 3277 997 3336 duxerit.
1032 3282 1323 3341 Successit
1350 3297 1543 3346 autem
1573 3292 1624 3347 ei
1647 3293 1706 3350 in
1737 3311 1833 3352 eo·

181 3362 318 3419 dem
347 3363 705 3436 principatu,
739 3367 809 3422 de
847 3369 972 3439 ejus
1021 3387 1286 3443 supremo
1310 3377 1558 3450 Judicio,
1586 3383 1831 3453 quidam

180 3452 317 3522 ejus
363 3455 856 3526 consanguineus,
900 3458 1181 3530 Rogerius
1229 3464 1503 3523 Richardi
1555 3469 1736 3540 iilius,
1766 3489 1836 3529 ea

184 3539 539 3610 conditione,
562 3547 624 3599 ut
656 3545 1127 3621 quandocunque
1150 3552 1424 3612 dominus
1456 3556 1834 3619 Boamundus

174 3629 404 3701 junior,
420 3631 642 3688 domini
667 3632 988 3692 Boamundi
1011 3640 1260 3698 senioris
1284 3644 1441 3701 silius
1460 3648 1830 3709 Antiochiam

182 3735 321 3776 cum
352 3719 480 3777 suis
510 3722 895 3793 pertinentiis,
921 3730 1499 3799 quasihaereditatem
1534 3742 1829 3812 propriam

182 3816 532 3882 reposceret,
563 3828 693 3869 eam
715 3813 826 3871 sibi
849 3816 976 3872 sine
1000 3819 1269 3877 molestia
1295 3831 1348 3879 et
1379 3828 1833 3889 contradictione

182 3897 535 3958 restitueret.
564 3902 837 3972 Sepultus
865 3910 953 3961 est
1000 3914 1198 3964 autem
1242 3909 1395 3967 idem
1427 3915 1516 3970 vir
1559 3916 1827 3989 illustris,

179 3986 241 4043 in
280 3989 505 4059 porticu
564 3989 819 4048 ecclesiae
876 3993 1162 4068 Principis
1225 4003 1640 4077 apostolorum,
1675 4023 1830 4067 anno

180 4076 257 4133 ab
286 4078 696 4136 Incarnationc
726 4080 952 4138 Domini
990 4086 1151 4144 1112.

807 4191 1038 4248 CAPUT
1078 4193 1219 4252 XIX.

181 4273 444 4356 menduc,
505 4276 803 4334 Tumor-um
851 4280 1107 4351 princeps
1158 4289 1583 4358 potentissimus,
1623 4293 1826 4351 iterum

253 4361 378 4401 cum
404 4350 727 4416 stupentibus
774 4351 944 4422 copiis
982 4371 1212 4423 reqnum
1258 4362 1611 4431 &aqi-editur,-
1636 4382 1741 4422 rex
1768 4367 1824 4423 ei

255 4433 568 4559 efflatas,
600 4423 921 4493 conficitur,·
950 4441 1118 4498 supra
1166 4431 1305 4488 vires
1362 4434 1619 4492 universa
1670 4441 1826 4510 reato

258 4597 425 4653 Anno
470 4613 703 4672 quoque
768 4603 840 4659 ab
911 4604 1314 4666 lucarnatione
1374 4612 1605 4669 Domini
1663 4616 1824 4684 1113,

179 4688 383 4742 aestate
438 4688 769 4754 subsecuta.
802 4691 1012 4750 iterum
1071 4697 1143 4752 de
1198 4697 1454 4767 Perside,
1479 4717 1608 4773 quae
1672 4705 1829 4763 mala

179 4789 414 4846 semper
440 4779 742 4836 consuevit
795 4782 1090 4840 effundere
1139 4787 1426 4859 germina,
1453 4806 1521 4847 ex
1551 4808 1667 4865 qua
1695 4797 1828 4851 tan-

183 4879 365 4935 quam
393 4879 459 4921 ex
490 4867 649 4924 {onte
694 4871 1037 4940 pernicioso,
1065 4890 1233 4946 aquae
1263 4877 1455 4936 solent
1486 4882 1829 4954 pestilentes

183 4949 467 5021 derivare,
496 4954 810 5012 multitudo
861 4957 1099 5016 infanda
1128 4966 1392 5037 prorupit
1421 4969 1530 5024 sub
1562 4971 1826 5043 principe

180 5041 595 5112 potentissimo
625 5053 683 5100 et
712 5046 901 5103 titulis
923 5051 1329 5118 generositatis
1352 5058 1646 5126 praeclaro,
1669 5060 1828 5115 Men-

179 5132 295 5186 duc
316 5132 597 5188 nomine:
638 5138 859 5191 tantam
910 5152 1106 5196 secum
1156 5142 1389 5200 trahens
1433 5149 1827 5206 numerosita-

177 5224 327 5284 tem.
358 5224 423 5276 ut
448 5237 652 5280 eorum
685 5241 869 5295 neque
911 5244 1182 5285 numerus
1212 5237 1406 5289 certus
1436 5244 1604 5304 esset,
1627 5253 1824 5308 neque

178 5310 343 5366 finis.
375 5309 442 5368 Hi
473 5313 678 5371 mediis
705 5318 1056 5374 transcursis
1080 5321 1440 5392 regionibus,
1463 5326 1535 5381 ad
1557 5326 1824 5398 Euphra-

173 5404 294 5455 tem
338 5408 741 5473 mrvenerunt,
774 5406 937 5462 novis
968 5411 1198 5465 utentes
1228 5411 1511 5470 consiliis.
1542 5413 1686 5472 Nam
1716 5418 1823 5488 qui

170 5505 274 5547 eos
305 5491 377 5547 de
432 5492 638 5550 eodem
696 5495 911 5567 populo
962 5505 1397 5569 praecesserant,
1428 5505 1645 5577 saepius
1670 5505 1825 5564 circa

170 5583 369 5653 partes
424 5582 815 5643 Antiochense
869 5585 1021 5646 vires
1042 5602 1182 5646 suae
1233 5598 1653 5654 consueverunt
1698 5596 1823 5669 pri-

1950 500 2121 574 longe
2142 501 2256 557 alia
2284 518 2466 569 mens,
2500 508 2557 558 et
2576 505 2936 575 propositum
2958 514 3079 563 erat
3110 507 3396 565 dissimile
3422 526 3436 578 ;
3462 525 3599 566 nam

1948 608 2184 649 omnem
2216 592 2586 665 Coelesyriam
2633 597 3132 665 pertranseuntes,
3152 598 3357 655 relicta
3387 615 3421 654 a
3452 599 3600 655 sini-

1949 682 2086 738 stris
2115 681 2585 751 Dainasco,inter
2625 683 2912 741 Libanum
2936 688 2995 740 et
3023 701 3184 742 oram
3218 687 3596 756 maritimam,

1952 770 2313 827 'tiberiadem
2382 776 2828 843 proetereuntes,
2861 773 3014 830 circa
3070 779 3306 847 pontem
3338 777 3449 832 sub
3480 792 3596 847 quo

1951 860 2226 916 ,Iordanis
2256 860 2481 928 defluit,
2527 862 2926 918 castrametati
2962 871 3116 920 sunl.
3149 864 3306 931 Quod
3349 865 3595 923 audiens

1955 965 2071 1017 rex,
2094 950 2327 1020 cognito
2348 950 2506 1021 quod
2531 949 2602 1005 de
2621 949 2849 1006 infinita
2871 950 3248 1009 multitudine
3278 969 3595 1024 praesume-

1953 1042 2101 1105 rent,
2133 1038 2436 1093 dominum
2507 1038 2795 1109 Rogerum
2842 1040 3336 1099 Antiochenorum
3377 1042 3588 1114 princi-

1956 1142 2107 1199 pem,
2165 1126 2554 1199 comitemque
2577 1126 3002 1198 Tripolitanum
3051 1130 3110 1185 in
3169 1147 3346 1187 suum
3393 1135 3592 1188 evocat

1954 1216 2321 1284 subsidium3
2356 1219 2548 1271 tamen
2580 1220 2896 1288 antequam
2927 1217 3012 1273 illi
3045 1219 3438 1288 convenirent,
3468 1220 3590 1291 ipse

1954 1321 2083 1361 cuin
2107 1306 2233 1361 suis
2290 1304 2755 1375 expeditionibus
2809 1306 2864 1361 in
2916 1306 3102 1364 vicino
3131 1307 3217 1364 cis
3248 1308 3374 1364 loca
3401 1312 3592 1365 castra

1951 1398 2223 1464 posucrat
2254 1411 2267 1450 :
2297 1395 2453 1465 quod
2511 1392 2779 1451 hostibus
2819 1399 2884 1450 ut
2920 1394 3193 1464 innotuit,
3239 1396 3468 1454 emissis
3521 1396 3592 1453 de

1950 1485 2202 1540 exercitu
2260 1482 2523 1554 equitum
2584 1484 2813 1539 duobus
2862 1483 3147 1550 millibus,
3202 1485 3592 1557 intelligentes

1950 1574 2140 1646 magis
2168 1573 2951 1646 opusesseindustriaquam
2984 1574 3230 1646 viribus,
3246 1575 3590 1649 millequin-

1947 1667 2151 1736 gentos
2178 1679 2251 1719 ex
2283 1663 2366 1718 eis
2395 1661 2742 1735 praecipiunt
2779 1663 2959 1719 latere
3007 1665 3066 1720 in
3097 1664 3328 1721 insidiis
3369 1682 3384 1735 ;
3416 1666 3589 1737 quin·

1947 1760 2147 1825 gentos
2177 1768 2307 1810 vero
2359 1750 2616 1823 reliquos
2673 1755 2980 1824 procedere
3003 1753 3218 1823 jubent
3249 1753 3504 1827 longius,
3532 1758 3589 1811 et

1946 1842 2116 1916 quasi
2147 1858 2208 1899 se
2238 1842 2516 1898 habentes
2549 1842 2861 1910 incautius,
2894 1858 3086 1914 regem
3109 1858 3242 1901 cum
3273 1844 3397 1901 suis
3427 1844 3586 1901 inse-

1945 1931 2179 2003 quendo
2202 1931 2451 1988 irritare.
2486 1931 2645 1995 Quod
2683 1948 2796 1986 non
2829 1929 3002 2003 longe
3030 1931 3103 1987 ab
3134 1947 3331 1989 eorum
3362 1947 3581 2004 propo-

1943 2024 2053 2079 sito
2083 2026 2305 2078 certum
2355 2020 2757 2078 estaccidisse.
2782 2021 2925 2077 Nam
2959 2021 3264 2091 proedictos
3294 2021 3580 2094 quingen·

1942 2114 2053 2179 tos,
2087 2111 2251 2182 quasi
2278 2111 2572 2167 incautius
2602 2126 2666 2166 se
2687 2109 2988 2172 habentes.
3012 2115 3070 2167 et
3092 2127 3435 2184 progressos
3454 2110 3579 2169 lon-

1940 2201 2093 2272 gius,
2111 2216 2208 2256 rex
2237 2200 2611 2256 considerans
2631 2204 2688 2255 ct
2717 2200 3037 2271 impetuose
3066 2216 3202 2257 suos
3231 2216 3580 2269 convocans,

1939 2288 2057 2345 illis
2089 2290 2348 2360 procedit
2391 2288 2641 2356 obviam,
2674 2293 2731 2345 et
2784 2305 2986 2346 versos
3037 2290 3097 2346 in
3149 2291 3343 2363 sugam
3376 2306 3582 2362 prose-

1942 2395 2128 2450 quens
2184 2378 2617 2450 imprudentius
2671 2379 2734 2435 in
2792 2393 2994 2434 eorum
3051 2378 3270 2434 decidit
3298 2378 3577 2436 insidias:

1941 2469 2175 2540 quibus.
2199 2486 2266 2526 ex
2294 2470 2420 2525 suis
2451 2468 2689 2526 latebris
2719 2468 3170 2539 egredientibus,
3191 2470 3339 2525 sacta
3361 2476 3448 2526 est
3475 2469 3582 2526 bo-

1942 2558 2122 2615 stium
2153 2559 2361 2630 ingens
2384 2557 2718 2625 multitudo,
2747 2557 3119 2630 collectisque
3147 2566 3201 2615 et
3230 2558 3301 2615 ad
3324 2574 3389 2615 se
3419 2574 3584 2615 revo-

1941 2649 2088 2705 cetis
2117 2647 2449 2719 quingentis
2479 2648 2791 2719 prioribus,
2814 2648 2872 2701 in
2931 2652 3164 2704 nostros
3213 2649 3443 2705 irruunt
3475 2647 3586 2703 im-

1945 2744 2078 2810 petu
2112 2737 2461 2794 vehementi.
2499 2736 2742 2805 Quibus,
2773 2754 2908 2794 cum
2953 2737 3138 2793 nostri
3170 2741 3463 2795 tentarent
3492 2754 3586 2795 re·

1943 2826 2149 2883 sistere
2206 2835 2262 2883 et
2321 2826 2528 2897 gladiis
2556 2844 2588 2881 a
2617 2843 2680 2883 se
2736 2826 3104 2898 propulsare,
3135 2826 3464 2899 protervius
3494 2826 3584 2882 in-

1945 2919 2187 2983 stantes,
2219 2918 2482 2987 oppressi
2505 2915 2899 2984 multitudine,
2925 2916 3119 2987 fugam
3145 2916 3289 2973 inire
3318 2916 3586 2988 compel-

1945 3005 2163 3072 luntur,
2196 3022 2373 3076 quam
2403 3022 2510 3062 nec
2539 3007 2714 3062 etiam
2747 3009 2930 3062 tutam
2962 3006 3291 3078 reperiunt;
3321 3023 3458 3063 nam
3489 3008 3578 3062 i'u·

1943 3094 2226 3166 gicntium
2257 3095 2406 3151 facta
2433 3102 2518 3151 est
2548 3099 2770 3166 strages
2823 3095 3095 3163 maxima,
3128 3095 3206 3151 ita
3238 3100 3301 3152 ut
3333 3112 3432 3152 rex
3458 3096 3584 3168 ipse

1944 3183 2143 3240 relicto
2172 3184 2377 3242 vexillo
2407 3184 2565 3256 quod
2583 3185 2848 3257 gestabat
2879 3183 2934 3240 in
2969 3185 3259 3255 manibus,
3292 3189 3350 3241 et
3372 3183 3585 3242 Arnul-

1945 3273 2037 3329 fus
2069 3273 2413 3344 patriarcba,
2446 3273 2547 3346 qui
2578 3290 2712 3330 cum
2744 3290 2812 3331 eo
2840 3279 2983 3343 erat,
3015 3279 3073 3331 et
3103 3274 3203 3330 alii
3233 3276 3392 3344 regni
3423 3275 3584 3348 prin-

1944 3365 2125 3435 cipes,
2159 3363 2374 3421 relictis
2404 3365 2607 3420 castris
2637 3369 2694 3420 et
2724 3364 3154 3434 impedimentis
3185 3365 3460 3422 omnibus
3493 3364 3582 3421 vix

1944 3454 2248 3510 evaserint.
2275 3454 2665 3510 Obtinuerunt
2721 3470 2854 3523 ergo
2893 3453 3090 3511 hostes
3126 3461 3458 3511 nostrorum
3489 3470 3586 3511 ca-

1943 3546 2101 3609 stra;
2131 3548 2188 3600 et
2211 3544 2360 3600 facta
2385 3548 2493 3611 est,
2529 3542 2777 3614 peccatis
2809 3542 3023 3598 nostris
3040 3543 3427 3614 exigentibus,
3449 3559 3586 3599 con-

1943 3633 2094 3690 fusio
2126 3633 2309 3690 multa
2356 3634 2416 3688 in
2459 3631 2672 3704 populo
2720 3631 2844 3697 Dei,
2891 3631 3068 3701 idque
3113 3636 3296 3687 totum
3343 3631 3581 3686 domino

1941 3721 2062 3794 regi
2084 3721 2503 3790 ascribebatur,
2531 3720 2690 3791 quod
2722 3719 3047 3790 impetuose
3069 3719 3264 3786 nimis,
3297 3728 3354 3776 et
3379 3719 3451 3774 dc
3469 3734 3576 3774 sua

1941 3811 2156 3865 virtute
2188 3808 2318 3880 plus
2340 3825 2507 3881 aequo
2537 3809 2858 3875 confidens,
2889 3812 3202 3864 convocata
3246 3807 3437 3864 noluit
3466 3821 3578 3861 au-

1940 3898 2076 3956 xilia
2105 3898 2437 3971 praestolari.
2482 3900 2627 3956 Nam
2678 3896 2952 3955 dominus
3004 3897 3266 3969 Rogerus
3311 3897 3582 3969 princeps

1937 3989 2333 4045 Antiochenus
2391 3992 2449 4045 et
2500 3987 2889 4060 Tripolitanus
2943 4002 3137 4043 comes
3191 3986 3249 4041 in
3319 3985 3581 4058 proximo

1941 4086 2122 4145 erant,
2155 4078 2249 4134 die
2305 4084 2584 4149 sequente
2639 4076 2727 4132 vel
2758 4075 2947 4146 tertia,
2981 4076 3178 4147 procul
3210 4075 3372 4133 omni
3402 4074 3580 4134 dubio

1939 4168 2189 4222 venturi.
2220 4166 2567 4224 Ceciderunt
2627 4165 2729 4221 illa
2783 4164 2877 4222 die
2934 4165 3005 4222 de
3041 4164 3337 4237 equitibus
3365 4162 3583 4221 nostris

1939 4255 2178 4327 triginta
2204 4274 2220 4323 ;
2250 4256 2321 4312 de
2348 4255 2645 4327 peditibus
2704 4271 2857 4322 vero,
2891 4252 3050 4310 mille
3080 4253 3330 4310 ducenti.
3365 4252 3469 4310 His
3499 4253 3583 4311 ita

1938 4346 2137 4419 gestis,
2171 4346 2486 4402 adfuerunt
2518 4344 2778 4417 praedicti
2818 4345 2934 4400 duo
2967 4344 3161 4416 magni
3199 4346 3582 4416 potentesque

1939 4435 2044 4492 viri
2070 4452 2084 4492 ε
2118 4435 2465 4509 cognitoque
2494 4452 2632 4492 casu
2654 4434 2756 4506 qui
2787 4434 3095 4502 acciderat,
3116 4449 3309 4505 regem
3332 4435 3585 4504 arguunt

1858 4532 1907 4598 D
1940 4531 2217 4598 tanquam
2251 4526 2430 4582 nimis
2460 4524 2816 4597 praecipitem
2843 4541 2858 4593 ;
2881 4524 3239 4594 tandemque
3270 4523 3582 4579 redeuntes

1935 4616 1997 4672 in
2031 4633 2239 4685 unum,
2273 4615 2332 4670 in
2392 4614 2689 4671 montibus
2730 4612 2937 4671 vicinis
2965 4616 3159 4668 castra
3181 4611 3391 4679 locant,
3425 4609 3582 4665 unde

1935 4711 2060 4766 crat
2089 4706 2333 4764 inferius
2393 4706 2452 4761 in
2509 4705 2659 4763 valle
2686 4704 2946 4761 hostium
2978 4702 3264 4759 exercitus
3292 4699 3580 4757 contueri.

1938 4797 2027 4854 llli
2060 4801 2249 4853 autem
2284 4795 2533 4853 scientes
2564 4794 2815 4867 reliquas
2847 4792 3011 4864 regni
3039 4794 3229 4863 partes
3251 4788 3459 4846 militia
3479 4804 3585 4846 va·-

1938 4902 2089 4955 care,
2149 4885 2345 4942 missis
2374 4884 2446 4941 de
2484 4901 2592 4942 suo
2629 4883 2883 4941 exercitu
2911 4883 2982 4938 ad
3001 4881 3192 4938 varias
3217 4882 3431 4952 partes,
3456 4881 3584 4937 ter-

1937 4991 2062 5032 ram
2095 4974 2422 5031 universam
2463 4977 2764 5045 coeperunt
2792 4970 3203 5044 percursitare,
3234 4969 3419 5027 caedee
3449 4986 3586 5043 pas-

1939 5065 2048 5122 sim
2082 5079 2179 5136 per
2207 5064 2334 5120 vias
2365 5062 2628 5134 publicas
2660 5060 2908 5134 operari,
2940 5060 3213 5117 incendia
3245 5073 3585 5132 procurare,

1936 5154 2240 5225 effringere
2271 5152 2627 5220 suburbana,
2670 5151 2961 5223 captivare
3001 5151 3264 5218 colonos,
3295 5149 3370 5205 ita
3402 5148 3584 5205 libere

1935 5256 2038 5311 per
2068 5239 2398 5295 universam
2439 5253 2502 5294 se
2541 5237 2756 5293 babere
2799 5237 3119 5309 regionem,
3150 5240 3433 5306 tanquam
3463 5233 3579 5290 sibi

1934 5328 2131 5387 omnia
2158 5326 2563 5399 subjecissent.
2598 5326 2975 5382 Recesserant
3004 5324 3180 5380 etiam
3214 5340 3249 5379 a
3279 5321 3448 5378 nobis
3481 5338 3581 5392 per

1933 5417 2062 5474 illos
2094 5418 2218 5473 dies
2277 5416 2457 5473 nostri
2503 5414 2833 5483 domestici,
2865 5418 2924 5470 et
2961 5414 3439 5472 suburbanorum
3469 5427 3584 5468 uo-

1932 5513 2210 5577 strorum,
2238 5523 2369 5580 quai
2431 5505 2647 5563 casalia
2699 5504 2996 5576 dicuntur,
3019 5505 3404 5572 habitatores,
3436 5502 3580 5560 Sar-

1931 5595 2124 5656 raceni
2151 5613 2168 5657 ε
2193 5600 2252 5655 et
2277 5596 2536 5658 bostium
2584 5594 2843 5668 adjuncti
2875 5593 3236 5668 cohortibus,
3262 5593 3408 5654 alios
3433 5608 3580 5652 eru-
