3784 6000
37 2844 57 3130 --.ff-..fl

136 236 242 300 2⁴1
1083 242 1287 306 nls‘r.
1335 244 1604 307 RERUM
1650 247 2189 314 TRANSMARIN.
2234 280 2314 295 —-
2353 246 2499 310 ΠΒ.
2545 244 2595 309 1.
3424 249 3546 315 242

134 369 407 441 titudine,
455 369 631 430 verbo
676 388 815 429 suos
859 372 1196 435 exhortatur
1250 378 1532 452 exemplo,
1572 381 1779 454 prndi-
1809 386 1864 453 A
1899 387 2025 441 trus
2045 398 2245 441 eorum
2271 381 2561 440 insaniam
2582 377 2782 438 volens
2812 380 3281 452 compescere,et
3306 394 3542 436 causam

130 465 247 519 ctas
267 460 514 534 insequi
538 461 939 535 expeditiones
961 484 978 535 ς
1009 469 1068 521 et
1089 468 1366 539 tanquam
1391 469 1463 526 de
1485 471 1784 545 sacrilegis
1895 473 2069 530 credis
2082 471 2374 530 declinare
2396 485 2686 545 querens,
2704 468 2904 526 missis
2926 467 3278 543 quibusdam
3290 466 3544 539 pruden-

128 549 453 608 vindictam
485 565 786 624 reposcere
828 555 1157 627 persuadet.
1191 558 1418 630 Egressi
1465 575 1603 633 ergo
1632 577 1784 618 una·
1891 562 2053 619 tibus
2083 566 2140 618 et
2170 577 2395 635 magnas
2426 559 2793 618 auctoritatis
2819 557 3184 627 hominibus,
3212 556 3286 613 ab
3313 555 3537 629 impetu

128 637 387 708 nimiter,
409 639 812 712 procedentes
839 640 1244 715 insectantur;
1278 649 1336 704 et
1357 652 1554 720 partes
1574 665 1780 722 praece·
1891 654 1951 706 et
2009 650 2221 720 l’urore,
2263 666 2377 722 quo
2434 648 2658 705 civibus
2715 647 3019 704 instabant
3071 642 3387 714 hostiliter,
3439 661 3540 702 eos

127 729 318 787 dentis
379 728 676 787 exercitus
721 732 1079 803 posteriores
1134 733 1411 793 invadunt
1467 737 1781 811 hostiliter,
1888 754 2154 798 revocare
2196 739 2507 796 nitebatur.
2540 737 2801 809 Cumque
2830 751 2947 793 non
2994 734 3320 808 proliceret,
3345 749 3539 808 neque

122 815 332 890 gladiis
383 816 675 876 instantes
699 819 974 878 atrocius.
1013 823 1323 881 predictos
1371 826 1572 900 itaque
1602 827 1778 886 male·
1821 826 1849 849 ⁶
1889 829 2041 900 eJus,
2066 829 2196 886 licet
2225 827 2604 897 salutaribus,
2626 825 2994 898 acquiescere
3022 822 3236 880 vellent
3266 822 3532 893 monitis,

122 906 397 973 ractores,
430 905 537 980 qui
566 905 820 966 necdum
861 909 1068 968 castris
1098 927 1162 968 se
1190 912 1598 985 adjunxerant,
1620 932 1777 973 seor·
1886 918 2164 976 exercitui
2197 917 2379 974 missa
2408 932 2542 972 voce
2583 914 2871 988 preconia
2897 913 3008 969 sub
3058 911 3356 984 promisso
3384 911 3533 971 obe-

120 1011 238 1051 sum
268 1011 308 1051 a
344 996 662 1053 turbarum
694 997 1020 1070 frequentia
1052 1001 1778 1076 reperientes,justissima
1887 1005 2115 1064 dientiae
2164 1005 2383 1074 debito,
2417 1004 2690 1078 praecepit
2736 1001 3062 1060 districtius
3107 1005 3173 1057 ut
3200 1016 3373 1058 nemo
3409 1000 3532 1058 illis

120 1083 553 1157 indignatione,
576 1086 747 1143 morti
778 1088 1156 1150 tradiderunt.
1179 1090 1290 1148 Sed
1325 1092 1446 1149 sive
1472 1110 1634 1161 casu,
1656 1094 1777 1152 sive
1885 1096 1983 1168 qui
2016 1113 2126 1151 sua
2146 1093 2474 1152 temeritate
2503 1108 2701 1166 pacem
2733 1091 3107 1149 reformatam
3139 1089 3267 1148 ausi
3299 1089 3535 1147 fuerant

117 1189 179 1230 ex
197 1173 512 1232 industria
529 1173 890 1234 involventes
911 1178 1141 1250 justum
1163 1197 1295 1238 cum
1326 1182 1530 1254 impio,
1553 1184 1775 1241 multos
1881 1185 2118 1254 violare,
2153 1201 2326 1257 opem
2379 1184 2544 1255 ferat,
2592 1185 2696 1239 aut
2739 1181 3031 1238 ministret
3077 1178 3382 1237 auxilium.
3422 1179 3529 1235 Cui

115 1263 175 1317 de
218 1262 552 1321 immeritis
594 1264 718 1336 pari
750 1282 920 1337 poena
957 1269 1360 1328 confoderunt.
1401 1273 1619 1330 Currus
1668 1290 1774 1329 au·
1881 1274 2052 1330 verbo
2081 1272 2461 1346 acquiescens
2490 1271 2798 1339 exercitus,
2821 1269 3059 1326 sedebat
3087 1267 3255 1340 quasi
3286 1264 3523 1332 arbiter,

115 1357 214 1408 tem
244 1356 311 1408 et
345 1352 638 1422 vehicula,
671 1354 887 1426 quibus
914 1357 1035 1413 tam
1065 1357 1343 1416 alimenta
1374 1375 1547 1432 quam
1578 1363 1769 1419 omni·
1881 1363 2055 1418 tinem
2086 1361 2345 1418 inchoati
2376 1360 2687 1429 tumultus,
2719 1363 2777 1416 et
2806 1359 2890 1415 rei
2914 1357 3135 1415 exitum
3184 1355 3529 1430 prestolan-

113 1443 1043 1517 modamoorumsuppellectilem
1069 1448 1605 1520 deserebant,senes
1627 1469 1769 1526 quo·
1878 1453 1986 1508 tes.
2020 1450 2130 1516 Qui
2176 1454 2366 1507 autem
2417 1466 2518 1521 pro
2571 1449 2723 1506 bono
2771 1446 2933 1521 pacis
2983 1446 3145 1503 missi
3191 1446 3421 1503 fuerant
3449 1443 3524 1501 ad

113 1537 287 1604 queat
317 1529 801 1605 valetudinarios,
826 1542 1121 1594 matronas
1151 1554 1380 1610 quoque
1403 1557 1537 1598 cum
1569 1543 1766 1615 pueris
1878 1539 2208 1613 praesidem,
2238 1538 2500 1596 videntes
2524 1538 2678 1611 quod
2704 1536 2929 1595 excitus
2958 1536 3019 1593 in
3050 1534 3266 1608 populo
3295 1531 3527 1591 tumul-

113 1626 160 1678 et
198 1619 450 1692 puellis,
484 1638 614 1695 quae
663 1624 930 1695 passibus
975 1626 1156 1697 equis
1203 1633 1439 1687 caeteros
1487 1631 1765 1704 subsequi
1879 1634 1972 1685 tus
2003 1628 2196 1685 sedari
2229 1645 2343 1685 non
2375 1626 2606 1699 valeret,
2629 1625 2734 1684 sed
2763 1624 2954 1699 magis
2975 1642 3041 1682 ac
3072 1625 3261 1698 magis
3276 1623 3524 1698 augeba-

114 1725 212 1766 non
240 1712 549 1782 poterant,
582 1711 1161 1785 comprehendentes,
1194 1716 1443 1775 vinculis
1492 1718 1763 1793 alligatos
1875 1725 1991 1787 tur,
2020 1722 2079 1774 et
2107 1718 2262 1790 quod
2288 1718 2461 1789 juxta
2488 1715 2850 1790 propositum
2901 1715 3181 1788 proficere
3209 1729 3326 1771 non
3357 1717 3522 1787 pote-

115 1814 295 1855 tecum
342 1798 719 1857 deduxerunt
748 1817 763 1857 ε
796 1807 1201 1862 consummata
1249 1811 1463 1881 strage,
1494 1808 1763 1867 interem-
1790 1783 1838 1848 Β
1868 1811 2021 1876 rant,
2055 1805 2269 1864 reversi
2308 1809 2448 1863 sunt
2475 1807 2546 1862 ad
2579 1809 2774 1862 castra
2803 1805 3017 1862 inlecto
3047 1803 3299 1878 negotio,
3333 1801 3523 1861 elabo-

121 1891 340 1958 ptorum
372 1888 666 1961 sanguine
694 1889 895 1947 satiati
917 1896 974 1949 et
1000 1892 1204 1964 spoliis
1238 1897 1482 1965 onerati,
1518 1898 1758 1955 redeun-
1867 1899 2063 1953 rantes
2084 1911 2216 1952 cum
2248 1896 2415 1952 Petro
2437 1895 2559 1951 viro
2586 1895 2708 1963 Dei,
2732 1903 2792 1950 ut
2813 1895 2985 1950 turba
3005 1893 3516 1965 comprimeretur.

124 1979 194 2033 ω·
216 1977 289 2033 “¹
321 1977 592 2050 ΡΝΡΡῙΕ·
1869 1984 1983 2042 Sed
2012 1999 2203 2056 neque
2224 1984 2280 2039 id
2313 1982 2543 2041 effectui
2570 1985 2904 2055 mancipare
2931 1981 3195 2038 dabatur.
3218 1981 3399 2036 Erant
3417 1994 3519 2038 au·

717 2085 949 2145 CAPUT
994 2089 1150 2147 XXI.

133 2191 295 2248 Petras
317 2190 639 2263 [tomum
666 2207 824 2249 saum
855 2203 1071 2252 revocat
1112 2202 1436 2269 exercitum,
1466 2207 1523 2257 et
1552 2204 1760 2260 iterum

180 2278 295 2319 cam
321 2263 600 2346 numeris·
619 2265 817 2336 querit
853 2269 1079 2338 pacifice
1108 2272 1436 2340 convenire;
1464 2275 1555 2331 scd
1578 2275 1759 2344 tactus

180 2340 245 2417 est
272 2350 439 2391 error
464 2337 800 2392 novissimas
833 2342 995 2410 pejor
1016 2343 1226 2413 priore,
1248 2350 1299 2399 et
1326 2344 1606 2418 dissipatae
1633 2355 1760 2405 sunt

181 2421 283 2474 eras
314 2405 584 2479 legions.

184 2510 403 2570 Interea
430 2511 523 2568 vir
550 2512 920 2586 venerabilis,
952 2515 1178 2589 Petrus,
1212 2528 1266 2578 et
1315 2522 1591 2583 universa
1632 2543 1760 2599 quae

149 2602 403 2671 preibant
427 2602 692 2676 agmina,
721 2605 1088 2680 maioresque
1133 2611 1328 2668 cuncti
1372 2614 1759 2688 expeditioni⁹

146 2689 247 2760 viti,
275 2691 464 2765 hujus
511 2692 832 2763 infortunii,
866 2698 1021 2768 quod
1070 2698 1196 2756 suis
1240 2701 1543 2774 acciderat,
1575 2706 1760 2779 ignari

143 2781 369 2852 penitus,
389 2780 507 2838 iter
526 2781 949 2841 continuabant
969 2785 1289 2860 inceptum.
1313 2791 1457 2848 Cum
1479 2810 1609 2852 ecce
1628 2798 1759 2868 qui·

142 2870 240 2928 dam
263 2887 440 2946 aquo
462 2879 669 2946 raptus
686 2873 1073 2949 velocissimo,
1097 2894 1273 2938 cursu
1298 2884 1578 2956 precipiti
1600 2886 1760 2944 festi-

135 2975 266 3034 nans,
286 2977 499 3020 casum
534 2962 786 3033 nuntiat,
809 2967 1063 3040 stragem
1093 2983 1337 3028 suorum
1367 2977 1424 3031 et
1465 2975 1762 3048 captivita-

136 3052 225 3107 tem
248 3066 317 3109 ex
344 3050 562 3109 ordine
590 3052 874 3125 pandens.
908 3055 1031 3120 Quo
1061 3059 1313 3132 cognito,
1344 3060 1416 3121 de
1461 3068 1764 3125 communi

1867 2077 1984 2130 tem
2007 2070 2177 2145 quasi
2209 2071 2389 2140 mille,
2414 2071 2512 2144 qui
2545 2072 2620 2129 ad
2649 2071 2802 2128 hanc
2821 2073 3206 2144 proruperant
3226 2067 3517 2127 temerita-

1868 2166 2009 2219 tem.
2041 2161 2265 2226 Quibus
2295 2160 2534 2218 totidem
2566 2161 2638 2219 de
2668 2159 2911 2218 urbanis
2958 2158 3211 2233 egressis
3255 2158 3513 2222 obviam»

1866 2250 2086 2308 bellum
2126 2251 2333 2323 ingens
2378 2254 2512 2307 ante
2541 2249 2746 2307 urbem
2791 2249 3059 2321 utrinque
3101 2248 3512 2306 committitur.

1866 2340 2143 2396 videntes
2194 2344 2392 2397 autem
2449 2339 2547 2412 qui
2607 2340 2665 2396 in
2724 2338 2868 2396 urbo
2915 2340 3084 2395 erant
3131 2336 3287 2411 quod
3343 2336 3514 2411 quasi

1868 2428 2125 2486 schisma
2152 2432 2347 2486 ortum
2378 2432 2502 2486 erat
2529 2427 2590 2484 in
2620 2426 2834 2501 populo
2880 2425 3180 2495 evteriore,
3211 2429 3516 2499 sperantes

1868 2519 2048 2593 quod,
2072 2518 2214 2591 quia
2234 2518 2415 2576 invito
2435 2526 2489 2575 et
2509 2516 2940 2576 contradicente
2959 2516 3149 2581 Petro,
3174 2516 3361 2573 rixam
3382 2530 3517 2574 oon·

1867 2609 2209 2676 citaverant,
2251 2606 2472 2680 reliqua
2519 2623 2654 2681 pars
2716 2604 3000 2664 exercitus
3048 2604 3384 2662 nullatenus
3430 2603 3516 2663 els

1867 2695 2041 2753 vellet
2062 2695 2391 2753 ministrare
2416 2694 2699 2765 subsidia,
2721 2694 2995 2753 reseratis
3014 2694 3291 2765 aditibus,
3312 2708 3517 2755 omncs

1869 2785 2229 2841 unanimiter
2278 2785 2523 2858 egressi,
2556 2800 2627 2841 ex
2678 2784 2893 2841 nostris
2950 2798 3100 2857 pene
3156 2782 3514 2857 quingentos

1867 2891 2047 2946 supra
2077 2879 2310 2946 pontem
2340 2874 2678 2932 occiderunt
2710 2889 2725 2929 τ
2758 2872 3001 2946 reliquis
3044 2888 3191 2945 pene
3220 2871 3511 2942 omnibus,

1868 2965 2014 3024 dum
2043 2964 2193 3023 vada
2214 2964 2498 3036 nesciunt,
2529 2967 2814 3038 tanquam
2846 2963 3104 3021 locorum
3133 2960 3346 3037 ignari,
3377 2961 3513 3021 sub-

1871 3054 2081 3113 mersis
2112 3056 2171 3112 in
2203 3054 2465 3112 flumine.
2488 3054 2647 3119 Quod
2670 3053 2873 3111 videns
2894 3052 3195 3121 exercitus,
3216 3059 3271 3109 et
3291 3060 3512 3110 tantam

134 3142 490 3213 prudentium
515 3142 780 3213 consilio,
812 3144 989 3219 viam,
1021 3163 1141 3219 qua
1181 3152 1304 3207 tota
1331 3150 1425 3209 die
1465 3159 1758 3227 venerant,
1789 3160 1842 3230 C
1870 3160 2115 3202 morum
2164 3160 2281 3202 110ῑι
2329 3143 2520 3201 serem
2568 3143 2870 3216 inlurhm·
2908 3142 2980 3199 δᾶ
3011 3158 3177 3200 arm&
3203 3142 3514 3201 ⁰⁰1¹V0¹⁸¹¹t

40 3305 51 3316 .
136 3229 446 3305 relegentes,
474 3232 763 3291 revocatis
809 3233 1158 3310 legionibus,
1187 3239 1350 3298 t'actoe
1382 3242 1556 3301 caedis
1581 3260 1759 3318 argu-
1871 3233 2122 3291 universi
2159 3250 2172 3289 :
2206 3238 2265 3292 et
2302 3232 2752 3305 confligentibus
2798 3232 2950 3291 inter
2980 3248 3046 3291 se
3081 3230 3416 3306 agminibus
3445 3232 3513 3292 nt

40 3381 47 3396 ἱ
136 3325 320 3388 menta,
351 3325 414 3378 et
441 3320 688 3379 fratrum
718 3322 1203 3399 interemptorum
1254 3329 1455 3388 lunera
1483 3348 1600 3390 non
1628 3335 1757 3394 sine

134 3407 379 3483 lacrymis
432 3414 492 3468 et
537 3411 759 3484 gemitu
807 3418 1168 3485 contuentes,
1205 3424 1342 3475 ante
1380 3424 1605 3490 urbem,
1655 3425 1754 3482 ubi

132 3496 369 3558 hester-m
400 3504 573 3558 nocte
600 3505 794 3560 castra
820 3502 1171 3579 locaverant,
1193 3510 1596 3570 constiterunt.
1616 3513 1757 3571 Erat

129 3596 291 3647 autem
317 3590 521 3658 Petro,
551 3592 610 3647 et
653 3588 748 3648 his
777 3592 878 3665 qul
924 3609 1123 3652 secum
1171 3601 1338 3655 erant
1382 3614 1594 3657 sensus
1645 3602 1752 3661 ha·

128 3674 302 3736 heum
330 3678 529 3752 magis
557 3679 926 3753 exercitatos,
957 3682 1019 3741 in
1049 3700 1116 3742 eo
1146 3685 1297 3745 iacto
1334 3688 1585 3763 simplex
1612 3707 1752 3750 ocu-

126 3763 215 3836 las,
237 3772 295 3826 et
322 3783 480 3841 pura
507 3767 775 3828 intentio.
811 3771 945 3830 ideo
972 3774 1284 3846 redierant,
1316 3783 1381 3835 ut
1405 3795 1580 3837 causa
1610 3782 1750 3838 mali

124 3856 346 3930 mgnita,
379 3860 442 3916 et
482 3859 896 3918 scandalorum
943 3872 1247 3936 amputata
1294 3870 1564 3943 materia,
1597 3871 1752 3930 inter

122 3949 415 4021 ntrumque
432 3948 722 4022 populum
742 3965 852 4023 pax
875 3951 1101 4024 plenior
1119 3955 1525 4016 reformaretur
1547 3978 1562 4030 ;
1596 3964 1654 4018 et
1674 3962 1746 4018 ad

117 4037 461 4110 propositum
513 4038 700 4096 tutius
759 4045 1007 4115 purgata
1054 4045 1310 4104 redirent
1372 4049 1745 4107 conscientia.

118 4122 293 4184 itis-is
324 4125 519 4201 igitur
545 4127 683 4186 viris
711 4131 1098 4203 prudentibus
1120 4139 1178 4191 et
1207 4135 1472 4195 honestis
1501 4137 1577 4195 ad
1605 4155 1747 4213 prae-

116 4214 277 4276 sidem
325 4222 389 4276 et
434 4220 688 4292 majores
752 4221 1026 4295 civitatis,
1067 4224 1373 4300 diligenter
1420 4229 1746 4287 discutiunt

115 4319 362 4376 quanam
396 4323 581 4366 causa
599 4309 1016 4385 intercesserit,
1051 4319 1113 4371 ut
1142 4318 1212 4373 ad
1263 4321 1488 4376 tantum
1517 4317 1746 4377 tumul·

115 4400 221 4453 tum
247 4402 309 4456 et
337 4402 570 4456 tantam
600 4401 911 4474 sanguinis
935 4404 1266 4464 innocentis
1298 4408 1641 4468 effusionem
1663 4411 1746 4467 ita

113 4486 285 4544 subito
302 4488 625 4546 veniretur.
648 4489 838 4548 Causa
855 4492 1055 4567 itaque
1076 4497 1325 4568 cognita,
1348 4498 1744 4573 intelligentes

111 4574 194 4645 qai
234 4576 412 4634 missi
456 4576 712 4651 fuerant,
755 4583 912 4653 quod
959 4583 1102 4641 satis
1144 4587 1302 4657 juste
1349 4587 1749 4662 indignatione

111 4671 397 4739 concepta,
445 4668 524 4724 ad
572 4685 739 4728 arma
796 4672 1275 4744 convolaverant;
1325 4681 1382 4733 ct
1424 4681 1580 4750 quod
1630 4697 1748 4739 non

110 4760 209 4812 erat
232 4765 477 4829 tempus
505 4757 654 4815 satis
681 4758 957 4819 idoneum
989 4763 1060 4819 ad
1093 4763 1224 4832 boc,
1258 4769 1324 4823 ut
1348 4782 1523 4840 super
1561 4768 1745 4827 illatis

24 4865 27 4872 ·
108 4850 497 4917 reposceretur
522 4847 799 4922 vindicta,
831 4852 1022 4909 modis
1050 4855 1327 4913 omnibus
1364 4861 1744 4930 competenti-

106 4929 219 5001 bus,
236 4942 295 4991 et
318 4939 451 4992 tota
469 4933 701 4995 instant
722 4936 1136 5012 sollicitudine,
1153 4946 1218 5000 ut
1242 4961 1384 5017 pace
1405 4947 1740 5016 reformata,

106 5024 360 5093 predam,
392 5024 685 5094 sarcinas,
716 5028 926 5100 socios,
958 5035 1016 5088 et
1064 5033 1333 5090 universa
1364 5051 1491 5107 quas
1522 5039 1742 5095 amise-

106 5116 231 5184 rant,
256 5129 405 5173 eum
429 5114 772 5189 integritate
793 5119 1135 5192 reciperent.
1160 5123 1430 5196 Dumque
1449 5126 1508 5181 in
1530 5142 1598 5183 eo
1619 5143 1736 5198 per·

1866 3327 2089 3398 strages
2122 3324 2374 3394 infinita,
2403 3322 2486 3379 ita
2516 3324 2579 3380 ut
2602 3326 2759 3380 esset
2785 3338 2944 3381 error
2972 3321 3329 3380 novissimus
3355 3321 3513 3394 peior

1865 3412 2075 3484 priore.
2101 3412 2415 3485 Populares
2445 3420 2672 3484 ergo,et
2702 3410 2912 3484 vulgus
2935 3409 3204 3481 indocile,
3236 3407 3512 3483 Bulgaro-

1861 3518 1997 3559 rum
2029 3519 2145 3560 non
2175 3502 2424 3560 terentes
2454 3501 2821 3570 instantiam,
2843 3502 3039 3574 fugam
3071 3501 3312 3570 ineunt;
3339 3499 3510 3558 alios·

1861 3607 1977 3665 que
2001 3592 2099 3666 qui
2129 3592 2189 3649 in
2218 3591 2537 3649 certamine
2557 3589 2796 3647 viriliter
2826 3589 3209 3655 desudabant,
3242 3589 3507 3662 exemplo

1861 3698 1966 3738 suo
1996 3686 2054 3739 et
2076 3682 2322 3755 impetu,
2344 3683 2508 3753 terga
2537 3679 2677 3737 dare
2706 3678 3087 3752 compellunt.
3113 3677 3287 3751 Fugit
3304 3680 3502 3750 itaque

1861 3770 2166 3826 universus
2226 3768 2535 3834 exercitus,
2592 3770 2650 3825 et
2699 3766 2945 3823 turbatis
2999 3763 3327 3833 ordinibus,
3381 3779 3498 3821 non

1857 3862 1982 3915 erat
2023 3856 2128 3931 qui
2173 3857 2491 3915 resisteret.
2523 3855 2589 3911 In
2637 3871 2754 3928 quo
2803 3853 3059 3911 tumultu
3106 3868 3259 3924 slepe
3308 3852 3501 3909 dictus

1859 3947 2062 4003 Petrus
2085 3946 2415 4002 universam
2444 3944 2777 4018 pecuniam,
2800 3960 2978 4018 quam
3007 3944 3079 3999 de
3108 3939 3367 3999 fidelium
3397 3941 3505 3998 lar·

1855 4035 2071 4108 gitione
2100 4033 2454 4106 principum,
2488 4037 2552 4089 ut
2579 4033 2714 4088 inde
2754 4031 3105 4105 pauperibus
3133 4034 3192 4089 et
3218 4028 3417 4104 egenis
3439 4028 3500 4086 in

1852 4122 2064 4180 itinere
2112 4122 2439 4178 necessaria
2488 4121 2870 4190 ministraret,
2914 4119 3245 4192 collegerat,
3278 4122 3500 4175 retento

1856 4227 2030 4268 curru
2060 4209 2122 4267 in
2151 4225 2265 4283 quo
2298 4209 2565 4266 universa
2594 4210 2725 4280 ejus
2748 4208 3117 4266 deferebatur
3145 4205 3497 4275 substantia,

1854 4300 2088 4375 penitus
2118 4298 2332 4355 amisit.
2357 4297 2586 4370 Bulgari
2618 4302 2810 4355 autem
2841 4297 3124 4355 instantes
3153 4294 3498 4365 animosius,

1854 4405 1924 4448 ex
1965 4389 2051 4447 eis
2079 4387 2246 4466 quasi
2293 4388 2367 4445 ad
2397 4389 2598 4446 decem
2638 4386 2822 4446 millia
2865 4386 3061 4463 gladio
3105 4389 3501 4462 peremerunt,

1852 4479 2099 4538 retentis
2129 4477 2411 4535 vehiculis
2449 4481 2507 4535 et
2533 4477 2781 4536 sarcinis
2825 4476 3155 4547 universis3
3186 4475 3498 4533 mulierum

1857 4583 2088 4643 quoque
2117 4576 2172 4626 et
2202 4584 2511 4642 puerorum
2541 4567 2763 4642 ingenti
2786 4566 3162 4625 multitudine
3189 4566 3496 4639 captivata.

1857 4659 1967 4727 Qui
2015 4666 2208 4715 autem
2257 4660 2579 4726 evaserant,
2613 4656 2893 4714 silvarum
2940 4655 3191 4713 latebras
3228 4658 3288 4710 et
3333 4650 3498 4709 devia

1856 4750 2070 4818 secuti,
2092 4749 2183 4806 vix
2212 4748 2380 4805 tertia
2409 4748 2524 4815 die,
2546 4747 2924 4805 monentibus
2967 4744 3130 4801 lituis
3158 4745 3217 4800 et
3242 4751 3498 4815 strepen-

1855 4840 2012 4896 tibus
2041 4837 2199 4894 tubis
2230 4837 2499 4909 revocati,
2532 4836 2684 4893 circa
2711 4837 2948 4894 Petrum
2976 4837 3033 4890 et
3062 4832 3193 4890 illos
3231 4834 3331 4906 qui
3361 4847 3495 4890 cum

1851 4928 2054 4986 eodem
2084 4930 2408 4996 evaserant,
2439 4930 2496 4982 et
2523 4926 2583 4983 ln
2613 4923 2818 4982 collem
2849 4938 2913 4980 ss
2942 4928 3277 4996 receperant
3307 4920 3495 4981 subli-

1851 5032 2006 5073 mem
2035 5014 2485 5087 aliquantulum,
2518 5017 2935 5071 convenerunt.

2439 5119 2675 5178 CAPUT
2722 5120 2899 5179 xxn.

102 5210 435 5272 mffmfflv
448 5204 642 5277 1²⁸<stis
660 5207 889 5278 Ρθῦθῑᾶ
908 5208 1182 5281 Plssoitum
1197 5212 1470 5286 utrinque
1487 5216 1734 5273 Γθᾶδοῑῑθ
1848 5236 2063 5305 Petrus,
2085 5234 2367 5291 recollecto
2389 5233 2814 5303 profliqatarum
2843 5232 3118 5303 legionum
3149 5246 3379 5287 suarum
3406 5245 3496 5288 re-

102 5292 553 5361 consonantiam,
584 5294 869 5352 excitatus
895 5301 987 5355 est
1028 5315 1184 5371 casu,
1220 5300 1548 5361 inconsulto
1583 5320 1735 5377 quo-

104 5381 355 5440 rumdam
378 5380 580 5440 calore
607 5386 668 5441 et
687 5400 834 5442 ausu
860 5390 1189 5459 temerario,
1214 5389 1273 5446 in
1297 5393 1503 5450 castris
1525 5395 1732 5453 tumul-

106 5471 223 5527 tus:
250 5470 599 5530 volentibus
640 5473 976 5534 indiscretis
1022 5478 1376 5551 quibusdam
1428 5482 1727 5558 iniuriam,

1915 5308 2093 5378 siduo,
2140 5305 2667 5376 constantinopolim
2732 5307 2940 5361 ervenit
2959 5322 2981 5371 ,·
3011 5307 3064 5360 et
3091 5303 3328 5360 transito
3359 5306 3492 5360 Bos·

1913 5380 2112 5452 pharo,
2141 5378 2564 5435 castrametatur
2591 5375 2654 5432 in
2735 5375 2976 5449 itliynic.

1913 5487 2013 5544 Die
2043 5488 2280 5546 tandem
2312 5490 2543 5559 quarta,
2572 5483 2895 5544 recollectis
2923 5484 3247 5543 adinvicem
3275 5486 3360 5544 eis
3391 5487 3490 5560 qui

106 5571 251 5628 taam
278 5560 719 5635 sustinuerant,
750 5564 1033 5627 violenter
1059 5568 1376 5630 vindicare.
1406 5577 1584 5633 Porro
1617 5573 1727 5634 Pe·
1837 5576 2091 5652 dispersi
2124 5578 2378 5649 ruerant,
2410 5581 2470 5636 et
2496 5592 2562 5634 ex
2586 5574 2835 5636 occultis
2862 5574 2921 5635 in
2953 5575 3172 5651 quibus
3198 5575 3390 5636 triduo
3410 5576 3499 5640 la·
