3784 6000
106 102 223 169 '101

550 107 753 168 HIST.
804 107 1073 168 RERUM
1122 106 1666 170 TRANSMARIN.
1710 140 1787 153 -
1839 108 1986 170 LIB.
2036 109 2223 172 XVII.
2268 109 2719 175 BALDUINUS
2760 112 2843 176 111
2888 114 3072 178 REX.

3399 112 3518 175 702

100 242 543 321 principissam,
598 263 712 303 non
789 245 916 303 slus
984 244 1302 303 multorum
1352 244 1756 315 admiratione,
1789 246 1837 313 Α
1873 251 2061 306 turres
2091 263 2156 304 ac
2189 248 2400 305 moenia
2430 246 2759 321 debilitat-03
2803 253 2861 308 et
2914 246 3068 307 infra
3113 251 3343 320 urbem,
3393 264 3513 307 nou

103 338 267 411 quod
304 343 420 396 tam
454 338 753 412 praeelara,
803 342 1008 411 potens
1039 344 1095 396 et
1122 337 1367 395 illustris
1437 338 1658 395 femina
1703 341 1760 394 et

103 433 233 486 tam
281 428 618 486 excellentis
668 446 812 486 uxor
852 427 983 496 viri,
1036 428 1206 485 militi
1250 429 1417 501 quasi
1474 427 1759 501 gregari0,

110 517 336 575 nubere
355 518 716 591 dignaretur.
749 520 975 575 Interea
1004 518 1354 585 Noradinus‚
1388 519 1474 575 vir
1503 518 1760 591 prudens

106 612 167 665 et
197 607 684 680 circumspectus,
718 607 965 665 audiens
1013 607 1149 680 quia
1194 611 1457 665 mortuus
1507 613 1628 665 erat
1656 608 1758 664 Αἰ-

107 696 333 755 nardus
362 713 526 754 socer
554 698 703 770 ejus,
747 699 1242 754 Damascenorum
1275 696 1552 770 princeps
1609 696 1761 753 mili-

106 787 201 842 tiae
235 790 296 844 et
323 786 478 860 regis
518 790 857 858 procurator
879 788 1271 860 negotiorum,
1297 787 1394 856 qui
1418 787 1544 844 suis
1574 803 1758 845 cona-

107 877 275 933 tibus
296 874 614 948 plurimum
638 892 870 947 semper
891 876 1210 944 restiterat;
1235 875 1552 949 vidensque
1570 876 1757 933 domi·

109 981 256 1021 num
308 980 504 1037 regem
565 963 1122 1037 Hierosolymorum,
1182 981 1534 1038 omnemque
1594 966 1757 1038 regni

107 1054 378 1126 ejusdem
412 1052 699 1122 militiam,
725 1055 878 1111 circa
907 1055 1632 1126 Ascalonamjamdudum
1660 1071 1760 1110 oe-

109 1152 389 1214 cupatos;
416 1142 824 1215 arbitransque
855 1144 1008 1216 quod
1045 1161 1158 1200 non
1194 1144 1359 1200 facile
1391 1143 1756 1200 obsidionem

108 1234 472 1300 desererent,
499 1235 558 1287 ut
588 1231 961 1289 Damascenis
1009 1239 1213 1291 contra
1244 1251 1305 1290 se
1332 1233 1617 1289 auxilium
1652 1249 1755 1306 po·

109 1320 474 1379 stulantibus
504 1321 928 1391 ministrarent,
960 1327 1198 1394 sumpta
1220 1339 1290 1378 ex
1321 1324 1579 1394 tempore
1600 1340 1760 1379 oeca-

113 1412 306 1483 sione,
336 1412 408 1467 ad
432 1414 627 1483 partes
650 1427 780 1467 cum
803 1410 1024 1483 ingenti
1050 1410 1258 1468 militia
1282 1412 1529 1470 accessit
1550 1412 1760 1469 Dama·

109 1517 344 1572 scenas,
367 1501 537 1573 quasi
570 1517 814 1573 regnum
845 1500 1129 1559 violenter
1184 1509 1599 1575 occupaturus.
1650 1502 1757 1561 Ubi

108 1590 451 1648 faventibus
484 1595 543 1646 et
568 1590 722 1647 ultro
772 1608 982 1648 manus
1032 1592 1309 1649 dantibus
1363 1593 1756 1664 Damascenis,
1789 1622 1836 1691 Β

107 1695 311 1751 regem
333 1694 537 1736 eorum
596 1679 891 1736 hominem
938 1678 1296 1737 dissolutum
1354 1686 1413 1737 et
1466 1682 1757 1750 inutilem,

106 1786 297 1842 regno
326 1768 543 1842 privat;
571 1774 626 1825 et
654 1785 867 1841 vagum
892 1777 944 1826 et
974 1771 1284 1843 profugum
1316 1787 1491 1843 super
1519 1777 1757 1839 terram,

108 1860 316 1932 fugere
345 1855 626 1930 compulit
655 1858 711 1913 in
729 1857 1034 1915 orientem.
1061 1863 1123 1913 ln
1157 1875 1272 1931 quo
1331 1859 1502 1928 facto,
1565 1866 1760 1917 nostra

108 1946 506 2006 nibilominus
536 1948 787 2005 deterior
816 1948 968 2005 lacta
1002 1954 1092 2005 est
1130 1948 1420 2017 eonditi03
1455 1965 1591 2006 nam
1652 1967 1753 2021 pro

103 2038 238 2095 viro
275 2038 616 2110 impotente,
639 2042 697 2094 et
744 2038 844 2111 qui
898 2055 1000 2111 pro
1026 2055 1134 2094 sua
1191 2039 1494 2096 debilitate
1541 2041 1759 2097 nostris

111 2134 240 2184 erat
260 2127 569 2196 obnoxius,
601 2132 860 2196 eatenus,
894 2131 959 2185 ut
986 2133 1267 2201 tanquam
1300 2129 1620 2200 subJectuS,
1652 2146 1759 2186 an-

112 2232 238 2273 nua
264 2216 485 2272 tributa
510 2217 880 2289 persolveret,
913 2216 1112 2273 durior
1145 2218 1310 2276 nobis
1341 2221 1644 2291 oppositus
1670 2223 1763 2276 est

113 2304 677 2363 adversiarius.Nam
702 2305 855 2362 sicut
875 2323 1105 2378 reanum
1128 2307 1187 2363 in
1216 2325 1276 2365 se
1298 2309 1487 2380 ipsum
1500 2309 1757 2378 divisum,

105 2397 281 2466 juxta
300 2395 539 2452 verbum
572 2395 910 2467 salvatoris,
943 2396 1471 2466 desolaturfflanh.
1495 2415 1597 2471 xu,
1643 2400 1758 2471 25),

112 2487 202 2543 sic
226 2486 391 2541 unita
413 2480 661 2557 plurima
699 2487 809 2543 sibi
848 2489 1025 2544 robur
1053 2505 1122 2544 cx
1147 2494 1350 2545 mutuo
1382 2489 1572 2547 solent
1593 2506 1760 2546 assu-

117 2589 307 2639 mere,
330 2578 388 2630 et
413 2573 470 2630 in
487 2573 684 2632 hostes
706 2593 1057 2650 consurgere
1079 2576 1336 2634 fortiora.
1364 2579 1541 2653 Capta
1566 2580 1761 2653 itaque

115 2663 427 2732 Dasmace,
458 2667 516 2720 et
542 2666 783 2721 subacta
804 2668 1038 2737 regione
1059 2668 1346 2736 universa,
1369 2667 1567 2726 volens
1586 2673 1766 2726 Asca·

119 2752 327 2808 lenitis
354 2768 549 2824 opem,
579 2754 807 2825 qualem
843 2759 1068 2827 poterat
1099 2757 1169 2811 ds
1202 2763 1421 2815 remoto
1478 2759 1761 2827 conferre,

121 2841 326 2898 urbem
365 2836 820 2913 paneadensem,
851 2845 911 2899 in
944 2845 1278 2902 novissimis
1310 2846 1475 2919 regni
1542 2846 1763 2902 finibus

121 2932 322 3003 sitam,
354 2929 427 2988 de
458 2937 787 2990 nostrorum
839 2952 1200 3009 praesumens
1257 2937 1761 3011 occupationibus,

121 3022 375 3093 obsidet,
406 3025 474 3078 ut
498 3023 559 3080 in
588 3023 954 3081 obsessorum
988 3026 1272 3083 auxilium
1297 3028 1572 3098 revocati,
1601 3027 1764 3085 obsi-
1798 3002 1842 3070 C

122 3111 351 3169 dionem
381 3109 535 3169 circa
554 3111 901 3170 Ascalonam
918 3114 1249 3172 desererent
1269 3121 1322 3173 et
1348 3117 1652 3174 interfecto
1671 3133 1770 3175 ne·

118 3203 309 3276 gotio,
355 3201 540 3260 redire
589 3203 1098 3277 compellerentur.
1129 3206 1240 3264 Sed
1272 3207 1485 3279 praevia
1543 3207 1769 3265 Domini

124 3290 547 3361 misericordia,
580 3309 614 3349 a
643 3309 742 3365 spe
772 3297 936 3351 tanta
964 3293 1262 3363 decidens,
1295 3306 1566 3355 neutrum
1617 3296 1773 3355 obti-

123 3380 291 3438 nuit:
315 3396 453 3438 nam
483 3381 607 3453 ipse
637 3381 791 3440 circa
831 3384 1134 3441 obsessam
1167 3385 1457 3443 civitatem
1489 3402 1602 3443 non
1637 3403 1771 3459 pro-

110 3470 290 3539 iecit;
324 3474 384 3527 et
412 3471 599 3528 nostri
646 3472 968 3545 opitulante
1016 3476 1262 3531 Domino
1309 3476 1379 3532 ad
1429 3477 1768 3534 detitionem

126 3557 564 3632 compulerunt.
597 3559 706 3618 Per
760 3561 915 3619 idem
975 3580 1205 3637 quoque
1257 3567 1489 3637 tempus
1539 3572 1770 3623 mortuo

115 3648 357 3704 domino
394 3647 706 3719 Bernardo,
733 3652 893 3706 bouae
927 3654 1214 3709 memoriae
1262 3654 1591 3712 Sidoniensi
1648 3656 1770 3727 epi-

118 3754 321 3809 scopo,
343 3735 701 3795 substitutus
720 3744 807 3796 est
837 3743 887 3797 ei
916 3741 1262 3812 Amalricus‚
1296 3744 1405 3815 piae
1434 3745 1492 3801 in
1526 3746 1770 3801 Domino

125 3826 572 3898 recordationis,
598 3828 781 3885 abbas
811 3830 1226 3887 canonicorum
1257 3831 1652 3905 Regularium,
1682 3849 1771 3889 or·

125 3915 286 3971 dinis
314 3916 911 3983 praemonstratensis,
943 3919 1004 3976 in
1027 3936 1094 3976 eo
1117 3919 1242 3977 loco
1265 3922 1366 3993 qui
1388 3921 1601 3977 dicitur
1629 3923 1771 3978 San-

117 4005 196 4064 cti
231 4005 523 4076 Habacnc‚
555 4008 676 4063 sive
704 4009 899 4066 Sancti
929 4008 1168 4081 Josepb,
1201 4011 1301 4082 qui
1325 4011 1772 4083 cognominatus

127 4100 221 4153 est
251 4096 326 4153 ab
355 4096 712 4167 Arimathia;
745 4098 832 4154 vir
861 4098 1109 4172 simplex
1139 4116 1206 4157 ac
1227 4100 1444 4158 timens
1488 4106 1690 4171 Deum,
1715 4106 1774 4160 et

123 4184 883 4258 egregiaeeonversation153
914 4189 1013 4260 qui
1073 4191 1132 4246 in
1175 4189 1434 4247 Ecclesia
1472 4191 1769 4259 Liddensi,

125 4291 233 4347 per
263 4291 503 4334 manum
534 4278 758 4335 domini
782 4279 933 4336 Petri
955 4279 1139 4337 felicis
1158 4281 1476 4348 memorias,
1496 4282 1772 4356 Tyr-ensis

1871 338 2000 394 sine
2033 344 2225 412 strage
2261 337 2458 408 multa,
2505 339 2771 396 funditus
2829 338 3168 412 dissolvere,
3228 338 3515 397 immissis

1871 428 2099 500 magnis
2133 429 2467 496 molaribus,
2499 430 2811 486 domicilia.
2845 432 2953 496 Qui
2984 447 3116 487 vero
3155 430 3214 486 in
3248 428 3509 499 castelle,

1870 519 1941 573 ad
1975 519 2102 588 ejus
2124 518 2452 575 custodiam
2484 518 2747 590 deputati
2795 523 2985 588 erant,
3044 522 3238 574 tantos
3290 518 3511 574 civibus

1871 624 1987 664 non
2011 607 2205 664 solum
2238 608 2310 664 iis
2342 607 2441 681 qui
2470 607 2528 663 in
2585 608 2845 664 turribus
2878 612 2934 664 et
2964 607 3023 663 in
3059 608 3242 665 muris
3271 608 3511 664 resiste-

1871 696 2033 766 bant,
2059 713 2258 754 verum
2284 697 2356 753 iis
2378 697 2573 763 etiam,
2593 698 2689 770 qui
2704 713 2807 768 per
2831 696 3035 754 urbem
3063 696 3508 754 necessitatibus

1871 787 2060 855 tracti,
2094 786 2419 843 discurrere
2446 787 2859 859 congebantur,
2912 786 3163 843 arcubus
3194 790 3250 842 et
3280 786 3514 858 sagittis

1870 875 2196 933 inferebant
2228 875 2549 945 molestias,
2584 876 2648 932 ut
2678 892 2871 932 earum
2906 880 3191 947 respectu,
3227 874 3511 949 quidquid

1871 966 2010 1024 alibi
2053 966 2277 1023 civibus
2338 965 2757 1032 inferebantur,
2816 966 2937 1023 leve
2987 967 3373 1038 judicaretur,
3437 970 3512 1034 et,

1872 1057 2140 1129 quamvis
2167 1057 2381 1111 «lurum
2414 1061 2587 1124 esset,
2622 1054 2942 1112 tolerabile.
2977 1055 3165 1125 Unde,
3188 1052 3519 1111 communi-

1871 1153 2001 1203 cato
2035 1147 2184 1202 inter
2206 1163 2267 1203 se
2316 1146 2583 1213 consilio,
2642 1161 2842 1201 eorum
2893 1144 3142 1200 maxime
3186 1147 3515 1215 expetentes

1870 1252 2062 1307 opem,
2095 1234 2312 1308 quibus
2340 1235 2526 1305 major
2557 1235 2615 1290 in
2647 1232 2937 1307 ejusmodi
2973 1233 3284 1289 videbatur
3341 1246 3516 1304 expe·

1869 1325 2102 1384 rientia.
2145 1330 2478 1396 proponunt
2526 1330 2590 1381 ut
2639 1341 2991 1398 quoeunque
3039 1321 3318 1396 periculo,
3368 1337 3519 1393 quo-

1870 1431 2103 1488 cunque
2132 1416 2345 1471 civium
2379 1415 2733 1484 discrimine,
2766 1414 3086 1485 interjectis
3112 1413 3264 1468 inter
3288 1426 3517 1467 murum

1869 1509 1926 1562 et
1948 1503 2251 1561 castellum
2282 1504 2459 1577 lignis
2479 1503 2678 1571 aridis,
2711 1508 2909 1575 aptatn
2942 1502 3173 1574 ignibus
3213 1500 3517 1559 materiem

1868 1598 1925 1650 et
1964 1592 2225 1649 fomitem
2256 1601 2529 1666 praestare
2558 1591 2903 1663 valentibus,
2948 1593 3249 1663 procurato
3292 1586 3521 1645 occulte
3635 1613 3640 1617 ·

1869 1681 2902 1754 incendi0,concremetur:alioquin
2958 1696 3065 1736 nec
3107 1696 3238 1751 spes
3285 1677 3513 1742 salutis,

1870 1788 1977 1829 nec
2008 1770 2315 1827 resistendi
2366 1771 2599 1832 fiducia.
2634 1771 2718 1826 sic
2773 1769 3071 1842 oppressis
3118 1771 3175 1823 et
3234 1781 3409 1837 usque
3437 1765 3512 1822 ad

1869 1878 2169 1918 summum
2196 1860 2454 1931 afflictis,
2485 1860 2806 1915 videbatur.
2869 1858 3187 1930 Surgentes
3210 1854 3382 1925 igitur
3410 1868 3509 1911 eo·

1868 1967 1999 2006 rum
2030 1949 2534 2008 exhortationibus
2565 1948 2800 2020 quidam
2835 1945 2939 2000 viri
2972 1946 3169 2009 sortes,
3200 1941 3424 1998 viribus
3454 1942 3513 1997 et

1868 2042 2062 2097 animo
2094 2040 2545 2112 praestantiores,
2588 2037 2801 2092 civium
2824 2052 2941 2092 suae
2962 2034 3327 2109 prael'erentes
3350 2028 3520 2087 salu-

1870 2135 2011 2196 tem,
2044 2131 2413 2200 objectantes
2452 2127 2750 2202 periculis,
2793 2124 2953 2198 ligna
3002 2125 3071 2180 ad
3106 2138 3232 2178 eain
3287 2124 3513 2192 partem
3591 2178 3596 2183 ,

1870 2220 2049 2286 muri,
2082 2236 2209 2292 quae
2243 2217 2481 2275 castello
2511 2221 2633 2273 erat
2662 2214 2928 2282 vicinior,
2952 2214 3410 2284 comportantes,
3460 2216 3517 2266 et

1868 2309 1932 2365 in
1959 2309 2153 2366 locum
2187 2308 2284 2381 qui
2310 2308 2534 2366 medius
2560 2305 2864 2363 videbatur
2886 2304 3036 2359 inter
3053 2316 3288 2358 murum
3304 2307 3360 2355 et
3388 2314 3514 2354 ma-

1869 2400 2101 2458 chinam
2139 2399 2510 2472 projicientes
2542 2397 2814 2456 exterius.
2847 2393 3183 2465 Composita
3223 2405 3391 2463 porro
3427 2387 3503 2445 li-

1868 2506 2114 2564 gnorum
2146 2494 2306 2544 strue
2339 2487 2609 2555 maxima,
2630 2491 2688 2542 et
2709 2500 2834 2557 quae
2864 2482 3166 2539 videbatur
3190 2480 3261 2537 ad
3313 2479 3514 2535 incen-

1869 2581 2033 2636 dium
2065 2578 2292 2637 castelli
2314 2578 2599 2644 sufficere,
2637 2576 2822 2648 picem
2868 2575 3121 2644 desuper
3171 2569 3513 2634 infundunt,

1872 2670 2060 2728 oleum
2091 2685 2327 2743 quoque
2355 2674 2414 2725 et
2452 2667 2751 2741 liquamen
2800 2669 2857 2721 et
2913 2672 3117 2719 caetera
3172 2656 3514 2730 hujusmodi

1871 2759 2280 2817 incendiorum
2311 2759 2700 2821 irritamenta,
2722 2772 2848 2827 quae
2871 2752 3062 2810 solent
3102 2749 3337 2819 ignibus·
3367 2764 3514 2820 prae-

1870 2855 2028 2906 stare
2069 2849 2350 2905 fomitem.
2376 2847 2517 2920 Igne
2546 2846 2727 2918 igitur
2755 2843 3044 2909 immisso,
3102 2841 3290 2895 adfuit
3346 2837 3516 2893 nobis

1877 2938 2189 2995 manifeste
2218 2936 2411 2994 divina
2467 2934 2807 3002 clementia3
2859 2948 2995 2988 nam
3046 2929 3243 2986 statim
3299 2925 3515 2983 invale-

1879 3036 2078 3088 scente
2107 3029 2396 3097 incendio,
2437 3028 2750 3084 suscitatus
2793 3028 2883 3080 est
2936 3027 3144 3079 ventus
3173 3020 3248 3076 ab
3295 3016 3515 3075 oriente

1879 3119 2217 3188 vehemens,
2250 3119 2348 3190 qui
2379 3123 2531 3175 totas
2560 3114 2811 3173 incendii
2835 3116 3006 3178 vires,
3039 3114 3099 3169 in
3125 3124 3360 3166 murum
3379 3105 3518 3162 civi·

1879 3211 2013 3267 tatis
2060 3210 2198 3266 flatu
2232 3208 2557 3265 vehementi
2586 3204 2886 3264 contorsit.
2919 3201 3143 3259 Ventus
3191 3198 3385 3270 igitur,
3417 3214 3514 3254 ve-

1878 3298 2176 3357 hementia
2204 3314 2329 3362 sua,
2390 3297 2663 3353 flammas
2692 3295 2751 3349 in
2786 3307 3014 3348 murum
3065 3288 3517 3359 incendiumque

1877 3386 2212 3460 impellens,
2238 3391 2359 3442 tota
2388 3396 2554 3441 nocte
2594 3384 2694 3439 illa
2750 3378 2986 3454 pervigil
3018 3381 3073 3434 et
3129 3377 3306 3432 flatus
3335 3373 3523 3431 conti-

1880 3495 2094 3547 nuans,
2124 3492 2355 3531 murum
2387 3490 2572 3545 usque
2621 3472 2680 3528 in
2730 3470 2983 3528 favillam
3025 3468 3287 3523 decoxit:
3347 3466 3426 3521 ita
3456 3468 3520 3520 ut

1879 3583 2050 3624 mane
2081 3566 2252 3634 facto,
2286 3565 2440 3620 eirca
2469 3562 2580 3618 diei
2611 3558 3046 3632 crepusculum,
3090 3557 3161 3612 ab
3203 3572 3319 3611 uua
3349 3545 3515 3619 turri,

1880 3672 2065 3727 usque
2095 3658 2167 3712 ad
2199 3651 2643 3720 conterminam,
2690 3654 2850 3706 tetus
2898 3647 3185 3704 corruerit
3229 3643 3517 3710 funditus,

1879 3748 1960 3804 ita
1990 3748 2143 3820 quod
2178 3744 2358 3802 ruinae
2389 3744 2617 3799 sonitus
2652 3740 2986 3796 universum
3017 3736 3328 3793 commovit
3355 3748 3518 3790 exer·

1878 3834 2393 3904 citum3decidens
2422 3836 2615 3887 autem
2647 3832 2806 3886 tanto
2828 3826 3083 3901 pondere
3120 3822 3361 3881 castello
3400 3819 3519 3878 illi-

1878 3943 1981 3983 sus
2012 3929 2121 3994 est,
2155 3922 2329 3981 uteui
2360 3937 2475 3978 non
2508 3920 2827 3976 nocuerant
2855 3917 3144 3986 incendia,
3168 3914 3320 3970 muri
3343 3927 3516 3968 casus

1880 4014 1953 4070 de
1985 4010 2403 4087 principalibus
2429 4006 2707 4064 membris
2728 4006 2995 4078 quaedam
3018 4003 3428 4076 confringeret,
3459 4001 3518 4055 et

1879 4118 1979 4160 eos
2002 4102 2103 4174 qui
2132 4102 2192 4158 in
2215 4102 2343 4173 ejus
2373 4098 2537 4157 soliis
2560 4101 2619 4155 et
2639 4094 2910 4171 projectIs
2931 4092 3203 4150 excubias
3232 4106 3515 4164 procura-

1879 4194 2045 4261 bant,
2078 4190 2249 4265 paulo
2282 4190 2478 4246 minus
2508 4187 2579 4242 ad
2602 4191 2819 4243 terram
2840 4183 3131 4255 dejiceret.
3152 4181 3383 4238 Excitus
3402 4177 3517 4252 igi-

1878 4284 1974 4338 tur
2013 4282 2085 4338 ad
2119 4280 2273 4336 hune
2304 4281 2485 4335 ruinae
2538 4277 2796 4335 sonitum
2852 4275 3156 4330 universus
3211 4270 3518 4336 exercituS,

129 4363 583 4438 archiepiscopi,
615 4384 824 4425 munus
850 4369 1308 4428 consecrationis
1369 4371 1581 4428 dicitur
1609 4387 1775 4428 rece·
1804 4377 1850 4445 1)
1883 4387 2046 4426 arma
2074 4368 2422 4443 corripiunt;
2449 4368 2521 4423 ad
2554 4371 2744 4438 partes
2804 4364 2936 4419 illas
2993 4359 3301 4417 convolant
3357 4356 3521 4429 quasi

117 4453 647 4527 pissse;quoniam
694 4461 765 4513 ab
815 4459 959 4516 urbe
1018 4461 1282 4531 obsessa,
1346 4460 1493 4517 nulli
1544 4460 1773 4534 longius

118 4543 432 4601 abscedere
463 4545 715 4603 dabatur
734 4547 989 4607 licentia.

699 4653 931 4712 CAPUT
971 4655 1203 4714 XXVII.

125 4756 236 4826 Qui
261 4758 323 4811 in
357 4756 630 4817 obsidione
682 4765 829 4830 sunt,
881 4764 1073 4819 urbem
1111 4765 1383 4821 instanter
1426 4766 1775 4838 imprimant.

206 4828 361 4885 Cives
386 4831 703 4913 machinam
727 4837 1056 4891 exteriorem
1074 4838 1335 4892 nituntur
1357 4853 1606 4896 exurere.
1657 4837 1777 4893 Hu-

196 4916 299 4956 ναι
347 4906 592 4960 civitatis
619 4920 689 4961 ex
732 4912 892 4976 parte
930 4910 1160 4968 corruit,
1196 4911 1388 4973 nostri,
1408 4908 1653 4965 volentes
1678 4912 1775 4964 in-

192 4970 372 5043 ρνεάί,
402 4990 475 5030 ex
509 4989 667 5047 parte
694 4985 953 5049 pereunt:
982 4984 1166 5036 noster
1193 4978 1437 5052 desperat
1486 4980 1774 5038 exercitus.

195 5080 423 5138 Interea
440 5084 544 5157 qui
566 5084 624 5140 in
646 5085 1015 5157 expeditione
1028 5092 1214 5157 erant,
1231 5092 1417 5159 eoepto
1439 5104 1573 5145 cum
1593 5087 1779 5146 multa

120 5170 431 5243 diligentia
498 5174 784 5233 instantes
841 5178 1024 5249 operi,
1078 5195 1192 5235 non
1253 5182 1486 5237 cessant
1538 5179 1778 5237 assidue

121 5261 333 5316 urbem
353 5262 653 5321 obsessam
676 5266 1047 5341 impugnare,
1077 5272 1136 5325 et
1166 5268 1324 5327 circa
1353 5284 1480 5325 cam
1520 5280 1773 5343 portam,

117 5366 250 5423 quae
283 5350 466 5423 Maior
494 5352 731 5426 dicitur,
765 5358 1209 5430 congressiones
1238 5358 1516 5417 innovare
1545 5359 1774 5418 civibus

115 5437 291 5498 valde
306 5441 1003 5517 periculosas;tormentis
1019 5446 1776 5523 nibilominusjaculatoriis

1885 4461 2171 4532 patefacto
2201 4457 2482 4514 divinitus
2528 4457 2707 4522 aditu,
2769 4453 3035 4527 protinus
3105 4445 3396 4503 intraturi.
3452 4449 3520 4500 At

1884 4549 2166 4621 magister
2195 4546 2416 4602 militiae
2449 4542 2699 4615 Templi,
2724 4540 3054 4598 Bernardus
3093 4538 3164 4593 de
3209 4529 3518 4599 Tremelai,

1886 4654 2021 4696 cum
2054 4637 2335 4694 fratribus
2365 4633 2513 4701 suis,
2537 4632 2682 4688 alios
2704 4633 2838 4686 ante
2870 4626 3052 4684 multo
3082 4624 3521 4698 pravenientes,

1884 4729 2111 4786 aditum
2142 4725 2588 4796 occupaverant,
2614 4719 2902 4777 neminem
2924 4716 3035 4773 nisi
3056 4718 3125 4772 de
3146 4714 3272 4772 suis
3301 4714 3522 4770 intrare

1886 4815 2319 4890 permittentes3
2349 4827 2448 4867 eos
2478 4812 2670 4866 autem
2703 4807 2812 4863 hae
2838 4804 3159 4862 intentione
3181 4803 3525 4860 dicebantur

1885 4920 2104 4972 arcere,
2133 4906 2421 4976 quatenus
2453 4898 2625 4971 primi
2657 4895 3072 4969 ingredi-antee,
3096 4894 3283 4966 spolia
3306 4894 3527 4963 maiora

1885 5000 1943 5054 et
1972 4992 2285 5052 manubias
2316 4990 2647 5046 obtinerent
2675 4985 3005 5054 uberiores3
3041 4983 3259 5039 namin
3297 4981 3529 5039 violen-

1885 5090 1975 5143 ter
2002 5085 2254 5142 effractis
2284 5079 2543 5149 urbibus,
2565 5079 2623 5135 id
2655 5078 2935 5133 hactenus
2966 5074 3118 5147 apud
3145 5089 3251 5129 nos
3273 5088 3377 5145 pro
3407 5070 3528 5142 lege

1885 5177 2140 5233 obtinuit
2160 5175 2547 5242 consuetudo,
2572 5171 2804 5244 utquod
2828 5166 3426 5241 quisqueingrediens
3444 5161 3528 5218 ei-

1885 5265 1947 5322 bi
1979 5270 2152 5337 rapit,
2178 5265 2234 5322 id
2270 5264 2476 5322 sibiet
2520 5259 2850 5319 baeredibua
2898 5259 3018 5314 suis
3060 5259 3341 5328 perpetuo
3391 5253 3531 5324 jure

1886 5354 2273 5431 possidedeat.
2306 5353 2581 5411 Poterant
2610 5354 2808 5408 autem
2839 5343 3532 5404 omnibusindill'erenter

1889 5444 2385 5519 ingredientibus,
2416 5445 2472 5500 et
2501 5441 2825 5511 mancipari
2868 5436 3099 5508 civitas,
3129 5442 3182 5493 et
3212 5430 3533 5492 victoribus
