3784 6000
166 251 292 314 57⁷
797 245 1000 308 ffls'r.
1050 246 1322 310 RERUM
1365 247 1921 313 TRANSMARIN.
1963 286 2043 299 --
2083 255 2242 317 LIB.
2287 254 2440 320 xlv.
2488 259 2745 324 FULCO
2791 263 2963 327 REX.
3460 277 3580 340 578

169 403 330 454 sum,
358 385 516 458 quod
548 381 894 440 Christianis
939 380 1302 454 principibus
1345 382 1651 440 accidisset
1685 400 1699 441 ε
1731 383 1819 440 di·
1848 386 1904 454 Α
1934 391 2159 445 motum
2200 396 2564 462 conceperat,
2597 397 2792 451 tamen
2852 396 3360 461 intervenientium
3409 423 3579 479 prece

171 492 356 550 gnum
387 475 564 531 etiam
595 489 705 530 sua
727 470 1071 528 existimans
1098 470 1509 541 sollicitudine,
1541 473 1826 547 quidquid
1938 476 2217 546 devictus,
2249 483 2307 535 et
2338 485 2577 552 paterno
2610 500 2724 540 non
2753 485 3070 546 destitutus
3092 492 3325 562 affectu,
3349 502 3581 567 recepta

176 567 395 640 populo
425 563 756 620 Christiano
816 578 917 635 per
975 561 1201 618 labores
1239 578 1375 618 suos
1408 578 1574 633 posse
1602 563 1830 619 videbat
1935 565 2262 634 Antiochia,
2289 585 2358 623 ne
2380 569 2496 626 fllia
2525 571 2711 628 simile
2732 573 3052 647 aliquando
3073 585 3401 640 attentaret.
3436 586 3576 642 Lao-

177 655 473 721 accedere,
503 652 694 709 citatis
758 652 1056 724 gressibus
1106 650 1474 707 Antiochiam
1535 657 1824 723 properat.

178 748 407 802 Interea
453 744 582 813 ejns
639 742 779 811 filia,
814 745 1001 796 morte
1059 740 1251 797 mariti
1295 741 1546 813 cognita,
1577 757 1824 813 nequam

176 835 397 905 agitata
421 832 656 905 spiritu,
688 847 808 887 rem
838 828 1091 903 concipit
1122 829 1416 897 nefariam,
1439 833 1826 904 antequamde

178 925 431 980 adventu
465 922 645 994 patris
676 921 999 993 quidquam
1035 920 1494 991 persentisceret.
1519 920 1584 977 Ut
1605 926 1824 976 statum

175 1015 287 1070 sibi
303 1017 648 1087 praepararet
668 1008 1125 1080 tranquilliorem
1149 1015 1205 1065 et
1225 1008 1452 1064 effectui
1470 1010 1824 1081 manciparet

177 1100 650 1177 propositum,ad
666 1097 977 1170 quemdam
1008 1098 1327 1153 Turcorum
1362 1098 1822 1168 potentissimum

175 1195 417 1259 ducem,
451 1188 683 1245 nomine
731 1187 1118 1255 sanguinum,
1153 1187 1394 1242 nuutios
1437 1187 1654 1260 dirigit,
1695 1189 1824 1258 ejus

177 1299 287 1355 ope
338 1295 604 1353 sperans,
635 1277 832 1332 invitis
884 1277 1150 1348 patribus
1206 1282 1265 1333 et
1312 1277 1584 1332 universa
1631 1278 1820 1348 plebe,

177 1369 554 1426 Antiochiam
587 1364 771 1422 sibiin
791 1371 1134 1436 perpetuum
1166 1364 1459 1421 vindicare
1477 1382 1662 1437 posse.
1689 1367 1824 1423 Erat

181 1466 381 1517 autem
415 1454 930 1513 eidemexdomino
948 1453 1287 1510 Boamundo
1312 1454 1472 1510 bonae
1506 1456 1821 1523 memoriae,

180 1550 353 1605 unica
375 1545 514 1613 iilia,
545 1543 1042 1614 cujusnonmulta
1070 1544 1221 1615 apud
1251 1549 1489 1600 matrem
1522 1545 1828 1600 videbatur

179 1653 313 1695 esse
343 1635 527 1707 gratia
551 1650 565 1702 ;
598 1633 737 1688 illuc
764 1633 920 1689 enim
939 1638 1057 1688 tota
1082 1632 1281 1687 matris
1309 1631 1608 1689 videbatur
1624 1650 1823 1706 prope·

1937 652 2148 711 diciam
2171 660 2228 711 et
2256 657 2551 715 Gabalum
2603 662 2776 719 urbes
2836 666 3155 725 maritimas
3184 669 3235 727 ei
3265 675 3575 744 concessit,

1939 758 2086 816 quas
2138 749 2332 802 tamen
2367 749 3194 825 maritussupremojudicioei
3225 761 3297 816 ob
3319 762 3578 820 donatio-

1939 848 2069 889 nem
2098 839 2334 906 propter
2365 839 2599 908 nuptias
2637 839 3044 902 destinaverat.
3077 847 3369 906 Ordinatis
3398 851 3579 923 igitur

1934 921 2093 977 illius
2111 924 2362 981 civitatis
2376 927 2643 999 negotiis,
2667 934 2871 986 etcura
2887 934 3252 1006 principibus
3276 955 3571 1004 concessa.

1936 1017 2239 1068 revocante
2267 1029 2402 1069 eum
2434 1014 2754 1073 domestica
2801 1020 3214 1093 sollicitudine,
3247 1025 3574 1102 Hierosoly·

1937 1116 2094 1155 mam
2127 1117 2388 1159 reversus
2418 1109 2544 1173 est;
2575 1109 2829 1178 sumptis
2860 1113 3052 1166 tamen
3098 1114 3280 1184 prius,
3304 1123 3419 1172 tam
3455 1135 3577 1174 ma-

1929 1190 2125 1260 jorum
2157 1207 2334 1262 quam
2368 1191 2658 1249 minorum
2692 1195 3172 1269 fidelitatibus,et
3202 1205 3577 1274 corporaliter

1925 1279 2316 1349 juramentis:
2359 1283 2510 1352 quod
2543 1283 2629 1338 vel
2659 1300 2725 1340 eo
2754 1285 2998 1358 vivente,
3028 1289 3114 1344 vel
3153 1296 3280 1361 post
3299 1292 3429 1364 ejus
3448 1294 3576 1350 obi·

1936 1374 2059 1425 tum
2088 1368 2457 1425 Antiochiam
2489 1387 2621 1427 cum
2664 1372 2788 1429 suis
2822 1376 3210 1447 pertinentiis,
3240 1380 3589 1438 Constantia!

1935 1458 2190 1531 pupillis,
2225 1459 2442 1515 domini
2499 1459 2817 1518 Boamundi
2858 1464 3115 1534 junioris
3164 1468 3314 1537 fllia,
3339 1470 3585 1529 fideliter

1935 1553 2364 1605 conservarent.
2422 1547 2743 1607 Verebatur
2770 1552 2925 1608 enlm
2960 1556 3203 1630 propriae
3268 1558 3400 1615 filiae
3465 1577 3582 1619 suo

1938 1637 2244 1707 malitiam,
2280 1654 2350 1694 ne
2381 1639 2717 1709 praedictam
2752 1642 3030 1715 pupillam
3064 1652 3330 1720 tentaret,
3363 1649 3587 1708 sicutet

181 1742 317 1784 rare
343 1724 612 1787 intenti0,
647 1727 709 1777 ut
737 1721 822 1777 vel
854 1722 912 1776 in
946 1721 1220 1777 viduitate
1262 1722 1608 1791 consistens,
1643 1722 1730 1779 vel
1754 1724 1822 1778 ad
1863 1767 1909 1832 B
1938 1727 2102 1799 prius
2130 1726 2366 1796 fecerat,
2398 1727 2757 1785 exhaeredem
2794 1732 3008 1791 tacere.

182 1813 449 1872 secunda
476 1817 609 1869 vota
637 1812 989 1883 demigrans,
1019 1809 1411 1882 principatum
1440 1810 1548 1866 sibi
1579 1812 1828 1868 exhaere·

179 1909 325 1964 data
355 1904 496 1972 fllia,
534 1909 813 1974 perpetuo
870 1900 1211 1972 possideret.
1268 1902 1499 1957 Miserat
1543 1906 1742 1956 autem
1773 1903 1832 1956 et

179 1997 460 2070 praedicto
522 1990 700 2048 nobili
768 1989 915 2057 viro,
962 2005 1063 2062 per
1107 1990 1419 2062 quemdam
1483 1988 1826 2045 familiarem

177 2102 385 2153 suum,
419 2079 774 2155 palefredum
825 2078 1217 2146 albissimum,
1251 2082 1491 2151 argento
1527 2078 1829 2148 ferratum,

180 2176 350 2231 freno
380 2176 439 2228 et
465 2169 680 2227 caeteris
708 2167 996 2241 argenteis
1036 2166 1290 2238 phaleris
1330 2167 1835 2233 redimitum,exa-

187 2270 350 2320 meto
380 2264 714 2331 coopertum
746 2256 1073 2318 albissimo,
1106 2260 1170 2311 ut
1211 2258 1270 2311 in
1310 2256 1586 2313 omnibus
1616 2257 1835 2313 candor

184 2355 396 2409 niveus
416 2353 779 2406 consonaret.
808 2346 917 2410 Qui
969 2346 1215 2401 nuntius
1256 2345 1315 2400 in
1347 2346 1553 2401 itinere
1582 2361 1716 2401 casu
1749 2345 1837 2402 in-

187 2442 503 2511 terceptus,
526 2442 582 2491 et
613 2437 669 2490 in
689 2434 915 2490 domini
939 2433 1091 2505 regis
1115 2435 1471 2489 constitutus
1502 2432 1831 2504 praesentia,

188 2529 331 2585 facti
361 2527 569 2583 seriem
601 2525 926 2593 confessus,
948 2522 1171 2579 viarum
1204 2538 1442 2579 suarum
1474 2522 1699 2578 fructus
1718 2521 1839 2578 col.-

187 2618 402 2690 ligenS,
433 2630 707 2687 supremo
730 2611 1017 2685 supplicio
1047 2613 1225 2668 vitam
1258 2610 1463 2666 linivit.
1496 2611 1614 2667 Rex
1642 2612 1839 2683 itaque

186 2705 563 2765 Antiochiam
584 2704 656 2759 ob
688 2703 957 2775 praedicta
989 2718 1112 2774 quae
1163 2701 1487 2757 acciderant
1519 2700 1841 2757 infortunia

188 2813 535 2872 properans,
566 2794 821 2866 illucque
882 2792 1222 2864 perveniens
1273 2791 1330 2846 in
1368 2790 1686 2861 civitatem,
1718 2790 1841 2847 iilia

190 2885 540 2960 probibente
569 2899 681 2939 non
713 2886 804 2938 est
832 2880 1146 2949 admissus,
1188 2881 1564 2936 cauteriatam
1611 2895 1739 2952 quae
1765 2878 1840 2934 ti-

188 2990 364 3032 mens
415 2971 852 3039 conscientiam,
884 2970 1057 3027 etiarn
1107 2971 1290 3041 patris
1345 2968 1651 3025 arbitrium
1680 2983 1845 3025 vere-

186 3065 402 3133 batnr3
430 3064 554 3119 suis
584 3078 717 3132 ergo
748 3058 1131 3130 complicibus
1172 3062 1230 3114 et
1256 3074 1404 3129 quos
1438 3059 1682 3129 pecunia
1712 3073 1840 3115 cor-

2493 1833 2726 1890 CAPUT
2764 1835 3021 1893 XXVIII.

1940 1922 2056 1978 Rex
2140 1921 2566 1993 Hierosolymam
2644 1928 2969 1987 revertitur:
3050 1927 3237 1984 valida
3305 1934 3583 2000 correptus

2008 1995 2354 2060 aeqritudt'ne
2399 1996 2637 2049 moritur
2650 2011 2672 2057 ,·
2699 2011 2827 2052 cum
2871 1997 3000 2054 aliis
3027 1999 3248 2071 regibus
3265 2002 3322 2056 in
3356 2002 3583 2059 ecclesia

2011 2062 2288 2120 Dominari
2315 2063 2565 2135 sepulcri
2594 2069 2919 2125 tumulatur.

2013 2171 2296 2228 Reversus
2351 2188 2487 2244 ergo
2517 2172 2989 2248 Hierosolymam,
3025 2177 3241 2235 decidit
3269 2179 3329 2235 in
3349 2197 3581 2252 gravem

1944 2258 2122 2314 nimis
2150 2258 2557 2331 aegritudinem
2579 2262 3586 2333 ;vidensquesibimortisirnminere

1945 2348 2122 2415 diem,
2145 2363 2421 2421 egressus
2434 2349 2505 2405 de
2520 2351 2751 2422 proprio
2784 2352 3016 2423 palatio,
3049 2355 3288 2426 supplex
3308 2356 3586 2413 ethumi-

1945 2437 2020 2495 lis
2049 2439 2106 2496 in
2140 2444 2454 2511 conspectu
2521 2443 2771 2513 Domini,
2805 2444 2962 2516 regio
3019 2449 3171 2501 statu
3203 2446 3491 2520 deposito,
3526 2447 3589 2503 in

1946 2529 2187 2586 domum
2218 2528 2439 2585 domini
2473 2530 2833 2601 patriarchas,
2857 2533 2995 2604 quia
3015 2535 3140 2591 loco
3170 2535 3476 2592 Dominicae
3499 2550 3592 2593 re·

1948 2618 2327 2675 surrectionis
2357 2621 2482 2674 erat
2525 2616 2785 2688 vicinior,
2818 2636 2881 2676 se
2934 2623 3237 2679 transferri
3281 2624 3590 2696 praecepit3

1948 2723 2112 2779 spem
2146 2707 2366 2763 habens
2394 2707 2453 2762 in
2475 2722 2562 2774 eo,
2593 2708 2692 2780 qui
2728 2718 2968 2767 mortem
2997 2710 3079 2768 ibi
3100 2712 3407 2783 devicerat,
3439 2713 3597 2786 quod

1949 2813 2069 2853 suae
2101 2796 2545 2853 resurrectionis
2575 2797 2788 2854 faceret
2817 2814 2951 2855 eum
3000 2800 3360 2873 participem.
3392 2802 3596 2875 Ibique

1951 2884 2153 2942 accitis
2184 2885 2304 2941 filia
2349 2890 2407 2941 et
2453 2901 2687 2958 genero,
2720 2903 3017 2960 pueroque
3049 2889 3469 2963 BalduinoJam
3505 2891 3598 2949 bi-

1954 2974 2135 3042 mulo,
2165 2990 2362 3032 coram
2412 2976 2619 3046 positis
2668 2976 2904 3035 domino
2953 2978 3301 3050 patriarcha,
3335 2988 3387 3039 et
3417 2981 3599 3039 eccle-

1951 3065 2164 3120 siarum
2198 3064 2468 3136 praelatis.
2499 3073 2556 3122 et
2597 3067 2669 3123 de
2717 3067 3079 3139 principibus
3136 3068 3455 3138 nonnullis,
3498 3071 3598 3143 qui

186 3158 433 3227 ruperat
462 3151 751 3208 civitatem
781 3150 1033 3217 tradens,
1067 3146 1302 3203 omnino
1339 3146 1608 3204 resistere
1639 3145 1842 3202 molie-
1871 3135 1916 3204 C
1954 3156 2099 3211 sorte
2121 3156 2378 3224 aderant,
2403 3155 2564 3227 regni
2623 3173 2825 3213 curam
2882 3162 2940 3213 et
2982 3158 3217 3229 plenam
3246 3159 3333 3216 eis
3361 3159 3602 3217 tradidit

185 3254 390 3320 batur,
422 3254 480 3306 et
501 3248 865 3324 tyrannidem
923 3261 1090 3301 suam
1139 3243 1381 3301 liberius
1418 3260 1699 3301 exercere.
1732 3244 1843 3300 Sed

187 3343 408 3399 accidit
437 3342 489 3397 ei
525 3342 694 3411 longe
724 3353 891 3393 secus
951 3352 986 3391 a
1019 3335 1332 3406 proposito.
1373 3335 1518 3390 Nam
1551 3334 1611 3390 in
1641 3335 1845 3391 eadem

193 3432 430 3489 civitate
460 3427 1030 3486 erantviritimentes
1044 3424 1250 3492 Deum,
1266 3423 1607 3480 insanientis
1619 3424 1845 3479 femina

193 3522 643 3579 contemnentes
674 3514 1021 3587 proterviam
1038 3529 1319 3586 ,·quorum
1342 3518 1628 3569 unuserat
1643 3512 1846 3569 Petrus

197 3613 522 3675 Latinator,
554 3603 876 3663 monachus
906 3602 1100 3660 Sancti
1136 3600 1318 3669 Pauli,
1349 3605 1408 3657 et
1435 3599 1849 3658 Willelmusde

197 3701 481 3757 Adversa.
514 3695 583 3751 Hi
614 3693 1116 3751 consentientibus
1147 3691 1300 3756 aliis,
1331 3690 1636 3747 dominum
1653 3705 1847 3762 regem

201 3786 447 3847 occultis
459 3782 1077 3846 vocantinternuntiis,
1093 3785 1149 3837 et
1168 3796 1237 3835 ex
1256 3779 1522 3836 condicto
1545 3779 1847 3836 dominum

203 3877 542 3940 Fulconem,
558 3872 1063 3944 Andegavensiurn
1088 3871 1380 3938 comitem,
1408 3869 1465 3924 in
1482 3874 1650 3941 porta
1671 3867 1850 3925 Ducis

206 3970 424 4036 locant;
443 3962 747 4020 dominum
779 3978 910 4017 vero
922 3960 1191 4016 comitem
1212 3959 1592 4026 Joscelinum,
1611 3958 1668 4013 in
1683 3963 1854 4029 porta

200 4055 403 4113 Sancti
434 4053 591 4110 Pauli
618 4068 633 4119 ς
666 4050 874 4107 deinde
903 4048 1096 4106 aditus
1138 4053 1411 4114 reserant,
1443 4062 1634 4118 regem
1668 4048 1853 4102 intro-

204 4146 451 4201 ducunt.
476 4143 599 4206 Quo
624 4139 850 4208 cognito
874 4137 1227 4211 principissa
1249 4137 1307 4192 in
1325 4149 1516 4192 arcem
1531 4133 1848 4192 contendit:

205 4232 364 4289 unde
378 4230 750 4303 postmodum
766 4245 800 4283 a
812 4225 1374 4299 prudentioribus,et
1386 4224 1604 4295 quibus
1620 4222 1852 4294 plenam

206 4321 386 4378 iidem
417 4319 688 4386 hahebat,
723 4320 981 4383 evocata,
1014 4320 1148 4370 ante
1182 4314 1361 4386 patris
1389 4311 1755 4384 praesentiam
1786 4327 1850 4367 se

1956 3248 2327 3318 potestatem,
2374 3261 2531 3301 more
2562 3245 2640 3318 pii
2672 3245 2951 3319 principis
2980 3255 3219 3319 paterna
3242 3250 3328 3306 eis
3358 3248 3603 3307 benedi-

1956 3334 2151 3391 ctione
2178 3333 2426 3390 indulta.
2463 3335 2590 3407 Ipse
2621 3351 2754 3391 vero
2812 3336 3022 3393 Christi
3080 3355 3255 3395 verus
3282 3341 3599 3410 confessor,

1956 3423 2223 3479 habitum
2258 3423 2555 3495 religionis
2611 3441 2941 3496 assumens,
2972 3434 3025 3481 et
3082 3426 3257 3483 vitam
3281 3428 3604 3501 regularem

1958 3511 2582 3583 professus,siviveret,
2607 3518 2664 3569 et
2692 3515 2788 3582 qui
2820 3514 3137 3585 spirituum
3171 3520 3335 3587 pater
3365 3521 3473 3585 est,
3491 3521 3606 3572 tra·

1960 3601 2112 3658 didit
2140 3600 2433 3672 spiritum,
2466 3616 2600 3657 cum
2662 3601 2773 3672 piis
2806 3601 3187 3673 principibus,
3220 3607 3455 3659 auctore
3487 3605 3606 3660 Do-

1962 3692 2144 3755 mino,
2177 3691 2413 3758 praemia
2427 3693 2825 3760 percepturus.
2851 3689 3114 3746 Mortuus
3126 3696 3216 3746 est
3237 3695 3431 3748 autem
3448 3707 3603 3749 anno

1962 3779 2035 3835 ab
2070 3777 2472 3834 Incarnatione
2503 3778 2733 3833 Domini
2766 3779 3100 3852 1131,regni
3120 3796 3251 3836 vero
3280 3782 3409 3850 eJus
3432 3779 3605 3836 tertio

1961 3866 2209 3935 decimo,
2235 3882 2434 3922 mense
2453 3867 3018 3938 Augusto,vicesima
3042 3868 3228 3937 prima
3248 3869 3342 3924 die
3365 3867 3601 3936 mensis;

1963 3955 2229 4027 sepultus
2282 3958 2373 4010 est
2417 3963 2609 4011 autem
2668 3955 2817 4011 inter
2856 3956 3305 4028 praedecessores
3332 3973 3472 4013 suos
3498 3958 3607 4029 pia)

1963 4046 2383 4102 recordationis
2397 4062 2580 4118 reges,
2603 4048 2919 4103 submonte
2946 4047 3232 4119 Calvariae,
3265 4048 3607 4105 antelucum

1964 4135 2066 4206 qui
2097 4133 2311 4189 dicitur
2337 4133 2644 4206 Golgotha,
2663 4134 2846 4191 multa
2874 4152 3116 4192 suorum
3151 4153 3290 4193 cura
3316 4140 3373 4195 et
3402 4136 3609 4193 solem.

1965 4223 2142 4279 nibus
2172 4223 2494 4296 obsequiis,
2524 4240 2658 4297 rege
2712 4222 2904 4296 dignis
2936 4226 3390 4298 magnificentia.
3431 4225 3611 4296 Cujus

1961 4311 2238 4385 usquein
2272 4317 2613 4384 praesentem
2672 4314 2827 4370 diem
2885 4315 2960 4370 ob
3003 4316 3298 4389 egregiam
3344 4315 3521 4371 fldem
3553 4316 3611 4372 et

203 4408 532 4475 constituit,
563 4407 692 4477 ejus
752 4404 989 4461 arbitrio
1023 4404 1304 4475 paritura.
1339 4401 1507 4458 Pater
1525 4417 1681 4470 vero,
1713 4399 1851 4458 licet
1960 4418 2137 4475 opera
2166 4401 2444 4475 insignia,
2478 4403 2757 4460 memoria
2786 4407 2877 4460 est
2930 4402 2992 4461 in
3024 4404 3428 4463 benedictione
3454 4403 3609 4476 apud

203 4515 312 4573 pro
337 4496 655 4554 commisso
675 4496 999 4568 graviorem
1014 4494 1288 4550 adversus
1304 4489 1866 4562 eamindignationis
1893 4475 1943 4541 D
1975 4506 2200 4549 omnes.

1151 4819 1485 4907 LIBER
1566 4818 2675 4931 QUARTUSDECIMUS.

735 5127 969 5185 CAPUT
1026 5123 1332 5182 PRIMUM.

204 5219 347 5291 Quis
374 5217 649 5284 moribus,
690 5225 743 5273 ee
784 5217 978 5289 quibus
1035 5212 1343 5286 majoribus
1372 5211 1550 5267 editus
1582 5210 1865 5282 fuer-imo·

372 5294 558 5345 minus
584 5289 775 5355 Falco,
810 5291 1005 5343 tertius
1036 5284 1536 5356 Hierosolymorum
1566 5300 1692 5339 rex.

282 5399 504 5453 vocato
532 5396 710 5467 igitur
740 5412 808 5452 ex
841 5396 950 5451 hac
977 5394 1102 5450 luce
1126 5391 1360 5447 domino
1390 5388 1695 5459 Balduino,
1728 5390 1864 5448 11:0-

209 5485 638 5556 resolymorum
664 5501 732 5542 ex
769 5483 990 5540 Latinis
1016 5498 1150 5555 rege
1162 5480 1442 5546 secunde,
1461 5478 1558 5550 qui
1575 5480 1866 5551 cognomi·

1971 5121 2146 5178 Fulco
2174 5135 2352 5193 gener
2394 5120 2547 5191 ejus,
2579 5136 2774 5179 comes
2828 5123 3280 5192 Turonensium,
3331 5122 3620 5179 Caenoma-

1971 5210 2242 5268 nensium
2265 5214 2323 5267 et
2344 5209 2976 5281 Andegavensium,cui
2998 5212 3310 5283 praedictus
3341 5209 3619 5267 dominus

1972 5318 2070 5357 rex
2103 5300 2277 5356 liliam
2313 5315 2482 5355 suam
2518 5298 2963 5372 primogenitam
2985 5300 3353 5356 Milisendem·
3380 5296 3621 5354 nomine

1971 5391 2210 5448 dederat
2244 5404 2501 5456 uxorem,
2533 5394 2598 5445 ut
2619 5391 3033 5462 praemisimus.
3067 5392 3205 5448 Erat
3226 5394 3424 5448 autem
3457 5387 3620 5444 idem

1975 5480 2151 5538 Fulco
2200 5480 2287 5535 vir
2344 5478 2532 5548 rusus,
2567 5478 2668 5535 sed
2718 5480 2906 5537 instar
2943 5481 3145 5549 David,
3189 5497 3365 5553 quem
3397 5476 3624 5535 invenit

207 5581 392 5634 natus
441 5578 534 5631 est
587 5576 659 5631 de
712 5578 922 5646 Burgo,
948 5570 1232 5630 successit
1268 5569 1328 5625 in
1387 5584 1563 5640 regno
1588 5569 1868 5628 dominus
1976 5568 2267 5627 Dominus
2302 5568 2473 5640 juxta
2513 5582 2614 5625 cor
2658 5584 2831 5627 suum
2872 5570 3123 5641 ;ssdelis,
3166 5576 3532 5638 mansuetus,
3569 5569 3630 5626 et
