3784 6000
190 234 196 243 ·
303 208 444 268 410³

1730 204 1924 265 LUCII
1963 205 2041 265 111
2078 203 2281 265 PAPAE

3593 216 3730 275 ssot

298 326 442 394 nem
472 349 684 410 capere
700 337 806 392 aut
832 332 1161 391 interficere
1177 332 1799 391 audeat.Decernimus
1811 346 1950 404 ergo
1985 335 2034 391 A
2061 333 2301 390 tramite
2330 347 2452 390 non
2480 331 2851 402 discordant,
2880 334 3096 394 effectu
3119 343 3534 415 prosequente
3565 356 3730 401 com·

301 428 369 482 ut
394 424 541 482 nulli
570 423 819 482 omnino
847 421 939 478 fas
961 422 1037 478 sit
1062 421 1378 495 praefatam
1395 421 1707 479 ecclesiam
1732 426 1953 478 temere

300 513 670 589 perturbare,
698 516 802 569 aut
832 511 961 583 ejus
983 511 1394 583 possessiones
1413 509 1956 577 auferre,autabla-

300 606 392 661 tas
411 603 682 668 retinere,
714 601 1007 667 minuere,
1038 616 1144 656 seu
1159 598 1953 672 quibuslibetvexationibus

294 689 577 761 fatigare,
630 688 737 745 sed
767 689 973 746 omnia
997 688 1230 758 integra
1258 693 1703 748 conserventur.
1742 702 1954 745 eorum

296 794 408 852 pro
436 794 699 853 quorum
729 777 1163 849 gubernatione
1217 781 1319 834 aut
1348 778 1773 834 sustentatione
1803 791 1951 833 con-

297 883 472 925 cessa
499 871 638 924 sunt
691 866 905 924 usibus
935 867 1184 924 omnino
1233 865 1568 940 profutura,
1597 865 1769 922 salva
1792 865 1951 921 sedis

290 953 1950 1031 apostolicaeauctoritate,etcanonicajustitiadioecesani

291 1047 583 1120 episcopi.
621 1047 676 1103 Si
692 1052 1031 1120 quaautem
1052 1045 1114 1102 in
1136 1045 1403 1102 futurum
1415 1045 1821 1101 ecclesiastica
1833 1059 1951 1100 sae-

294 1135 585 1194 cularisve
606 1150 887 1207 persona,
899 1134 1060 1192 hanc
1074 1139 1288 1191 nostrae
1304 1133 1774 1190 confirmationis
1785 1133 1949 1206 pagi·

291 1241 437 1284 nam
463 1225 676 1290 sciens,
721 1229 930 1281 contra
954 1239 1090 1281 eam
1140 1230 1339 1281 tenere
1391 1224 1588 1280 venire
1610 1223 1947 1293 tentaverit,

292 1313 827 1373 secundotertiove
856 1312 1377 1380 commonita,nisi
1411 1317 1646 1370 reatum
1671 1328 1849 1368 suum
1863 1310 1948 1368 di-

290 1419 410 1477 gna
451 1402 862 1460 satisfactione
888 1403 1220 1468 correxerit,
1253 1405 1559 1473 potestatis
1580 1402 1948 1474 honorisque

296 1494 387 1551 sui
418 1491 710 1564 dignitate
739 1497 959 1557 careat,
982 1506 1267 1564 reamque
1289 1506 1351 1546 se
1371 1490 1573 1546 divino
1584 1490 1813 1562 judicio
1829 1490 1947 1546 exi·

290 1588 446 1641 stere
474 1581 549 1638 de
586 1584 930 1654 perpetrata
954 1580 1260 1653 iniquitate
1287 1585 1635 1650 cognoscat,
1665 1584 1724 1636 et
1750 1595 1787 1636 a
1808 1595 1945 1636 san-

2061 421 2249 494 plere.

2134 514 2480 584 Eapropter,
2517 512 2714 568 dilecti
2750 512 2812 569 iu
2846 514 3101 574 Domino
3143 516 3272 587 filii,
3302 520 3525 578 vestris
3555 522 3726 594 justis

2062 599 2566 672 postulationibus
2604 606 2774 674 grato
2811 608 3191 662 occurrentes
3228 623 3517 676 assensu.
3549 610 3724 670 ecclc-

2061 690 2212 745 siam
2225 687 2814 763 deQualquellacum
2839 690 3240 752 decimatione
3257 703 3562 769 segetum,
3593 700 3742 759 alle·.

2060 777 2222 834 cium
2251 783 2309 835 et
2334 777 2582 835 aliarum
2599 795 2798 836 rerum
2825 780 2901 837 ad
2929 796 3065 839 eam
3087 789 3418 856 spectante,
3444 788 3610 846 sicut
3627 806 3722 848 eas

2056 867 2213 938 juste
2245 883 2316 924 ac
2346 868 2472 924 sine
2502 870 3265 946 controversiapossidetis‚
3291 876 3610 936 devotioni
3631 896 3724 937 ve·

2059 962 2208 1026 strae,
2240 958 2587 1015 auctoritate
2617 958 2951 1030 apostolica
2988 962 3447 1036 confirmamus,
3484 972 3547 1025 et
3579 985 3722 1043 prai-

2058 1046 2241 1102 sentis
2271 1046 2471 1119 scripti
2512 1048 2846 1119 patrocinio
2882 1054 3355 1128 communimus,
3386 1061 3716 1117 statuentes

2058 1137 2123 1190 ut
2153 1134 2297 1191 nulli
2322 1135 2675 1193 omnimodo
2699 1136 3017 1195 hominum
3036 1139 3212 1199 liceat
3234 1142 3396 1202 hanc
3429 1148 3714 1219 paginam

2056 1230 2274 1281 nostrae
2300 1226 2777 1284 confirmationis
2802 1226 3140 1301 infringere,
3173 1232 3264 1290 vel
3275 1233 3330 1290 ei
3354 1250 3522 1293 ausu
3544 1244 3716 1297 teme·

2055 1313 2214 1369 rario
2252 1313 2570 1371 contraire.

2127 1400 2187 1457 Si
2211 1403 2348 1475 quis
2378 1408 2581 1460 autem
2609 1403 2724 1462 hoc
2750 1409 3040 1464 attentare
3061 1414 3542 1486 praesumpserit,
3570 1415 3714 1474 indi·

2055 1491 2400 1561 gnationem
2429 1492 2860 1566 omnipotentis
2893 1496 2992 1554 Dei
3028 1501 3087 1554 et
3114 1499 3439 1560 beatorum
3483 1506 3633 1563 Petri
3659 1511 3712 1564 et

2055 1579 2216 1636 Pauli
2242 1581 2653 1654 apostolorum
2684 1583 2815 1655 ejus
2843 1598 2905 1640 se
2928 1587 3161 1645 noverit
3187 1588 3608 1653 incursurum.

287 1672 559 1730 ctissimo
588 1685 837 1743 corpore
863 1674 919 1726 et
948 1669 1242 1740 sanguine
1270 1669 1368 1725 Dei
1399 1673 1456 1726 et
1488 1668 1719 1725 Domini
1758 1668 1942 1726 nostri
1980 1694 2026 1750 Β
2129 1669 2340 1724 Datum
2375 1670 2642 1727 Laterani
2682 1687 2719 1726 x
2759 1672 3059 1732 Kalendas
3090 1677 3425 1738 Februarii.

289 1759 706 1834 Redemptoris
733 1761 870 1815 Jesu
901 1757 1113 1816 Christi
1151 1758 1350 1815 aliena
1378 1758 1503 1827 fiat,
1545 1764 1726 1831 atque
1757 1758 1815 1814 in
1842 1774 1941 1815 ex-

284 1855 478 1908 tremo
494 1849 770 1906 examine
795 1847 1010 1904 divinoe
1023 1846 1230 1903 ultioni
1248 1846 1941 1919 subjaceat.Cunctisau-

280 1942 403 1996 tem
424 1937 766 1995 eidemloco
787 1953 898 1994 sua
918 1937 1056 2009 jura
1068 1936 1448 1994 servantibus
1460 1937 1535 1992 sit
1557 1952 1673 2007 pax
1698 1936 1936 1994 Domini

280 2030 470 2087 nostri
493 2030 632 2084 lesu
665 2027 897 2093 Christi,
930 2032 1229 2099 quatenus
1254 2031 1309 2083 et
1331 2026 1428 2082 hic
1466 2025 1723 2083 fructum
1756 2026 1934 2084 bonae

281 2117 533 2174 actionis
555 2116 958 2190 percipiantet
976 2115 1142 2188 apud
1163 2115 1494 2172 districtum
1501 2115 1764 2187 judicem
1784 2130 1932 2188 prae-

279 2206 405 2264 mia
424 2211 662 2264 oeternoe
690 2206 858 2280 pacis
890 2204 1214 2262 inveniant.

351 2297 472 2368 Ego
496 2295 735 2362 Lucius,
778 2293 1092 2353 Catholicoe
1123 2293 1401 2350 Ecclesiae
1427 2295 1768 2367 episcopus,

346 2386 469 2458 Ego
502 2385 865 2450 Theodinus,
900 2383 1237 2440 portuensis
1263 2387 1318 2439 et
1345 2385 1402 2439 S.
1438 2384 1667 2440 Rutinae
1695 2385 1929 2457 episco-

275 2490 414 2551 pus.

345 2564 475 2635 Ego
499 2562 740 2633 Paulus,
774 2560 1175 2618 Praenestinus
1196 2561 1541 2634 episcopus.

346 2656 471 2724 Ego
500 2653 728 2718 PetruS,
756 2650 1068 2724 presbyter
1098 2650 1256 2708 card.
1292 2652 1848 2709 SanctaeSusannae.

344 2742 468 2814 Ego
509 2741 808 2811 vivianae,
842 2742 899 2798 S.
925 2739 1208 2812 Stephani
1232 2738 1307 2796 de
1338 2739 1514 2796 Coelio
1543 2743 1751 2798 Monte.

344 2835 469 2903 Ego
499 2830 808 2904 Cynthius,
830 2827 1028 2901 presb.
1051 2828 1217 2885 card.
1251 2828 1333 2884 tit.
1364 2829 1420 2885 S.
1450 2828 1716 2885 Caecilioe.

347 2924 469 2991 Ego
496 2923 686 2991 Hugo,
715 2917 918 2992 presb.
948 2919 1115 2974 card.
1144 2918 1230 2974 tit.
1266 2919 1321 2974 S.
1349 2917 1686 2976 Clementis.

345 3014 469 3081 Ego
496 3009 798 3066 Arduiuus
818 3006 1016 3081 presb.
1047 3006 1210 3064 card.
1245 3007 1330 3064 tit.
1369 3009 1601 3065 Sanctoe
1632 3009 1831 3065 Crucis
1859 3009 1919 3066 in

267 3098 620 3158 Jerusalem.

340 3192 463 3262 Ego
487 3192 740 3253 Marcus,
771 3186 977 3260 presb.
1018 3185 1183 3243 card.
1216 3186 1304 3242 tit.
1336 3187 1394 3241 S.
1428 3185 1700 3243 Marcelli.

338 3281 462 3350 Ego
493 3277 819 3345 Laborans,
851 3275 1052 3349 presb.
1078 3275 1243 3333 card.
1270 3277 1498 3333 Sanctae
1523 3276 1716 3334 Mariae
1749 3281 1915 3334 trans

266 3365 525 3426 Tiberim
558 3367 645 3424 tit.
686 3365 911 3423 Calixti.

334 3460 458 3529 Ego
481 3456 691 3524 Jacob,
719 3455 878 3512 diac.
912 3455 1078 3512 card.
1115 3455 1346 3513 Sanctae
1371 3454 1564 3513 Mariae
1583 3454 1640 3510 in
1666 3454 1911 3513 Cosme-

258 3546 388 3604 din.

326 3638 447 3708 Ego
468 3633 799 3700 Rainerius,
828 3632 982 3691 diac.
1010 3632 1174 3690 card.
1211 3634 1269 3689 S.
1303 3633 1534 3703 Georgii
1589 3633 1666 3690 ad
1699 3633 1904 3692 velum

254 3725 536 3782 Aureum.

324 3816 445 3885 Ego
497 3812 833 3878 Gratianus,
871 3814 1224 3869 Sanctorum
1252 3813 1482 3870 Cosmae
1513 3816 1570 3868 et
1623 3811 1902 3871 Damiani

249 3897 404 3961 diac.
434 3901 598 3959 card.

318 3991 440 4063 Ego
479 3991 788 4057 Ranerius„
821 3991 877 4046 S.
910 3989 1153 4046 Adriani
1182 3989 1338 4047 diac.
1375 3990 1539 4048 card.

316 4084 463 4138 Data
496 4079 766 4136 Laterani
811 4094 918 4151 per
955 4093 1204 4136 manum
1240 4078 1460 4135 Alberti
1510 4085 1728 4138 sanctae
1782 4083 1896 4138 Ro-

242 4184 441 4226 manae
470 4167 745 4225 Ecclesiae
766 4166 1094 4239 presbyteri
1117 4167 1436 4224 cardinalis
1457 4172 1512 4225 ct
1538 4170 1893 4237 cancellarii,

236 4273 300 4315 xl
328 4256 459 4312 Kal.
488 4256 808 4322 Februarii,
832 4255 1154 4312 indictione
1193 4272 1291 4324 xv,
1324 4259 1748 4317 incarnationis
1782 4259 1895 4319 Do-

236 4344 475 4404 minicae
499 4361 660 4404 anno
690 4346 850 4412 118¹,
883 4345 1267 4418 pontificatus
1306 4363 1447 4404 vero
1473 4347 1703 4406 domini
1734 4351 1891 4410 Lucii

2791 1798 2971 1854 XXXI.

2049 1911 2396 1971 nonasterii
2410 1915 2691 1999 251.an
2707 1918 3006 1979 Soroensis
3017 1927 3446 1990 protectionem
3457 1933 3702 2004 suscipit

2219 2000 2716 2062 possessionesque
2742 2007 2815 2049 ac
2835 1993 3154 2066 privile-qia
3180 2000 3528 2071 confirmat.

2562 2095 2880 2167 (Laterani,
2910 2098 3041 2157 Jan.
3071 2102 3190 2176 25.)

2042 2196 2399 2268 st'noxnsus,
2467 2201 2974 2272 Diplomaearium
3041 2210 3696 2289 Ama-Maonoeemum,

2678 2297 2716 2349 t.
2742 2294 2783 2360 1,
2816 2311 2876 2367 p.
2903 2297 3052 2369 2⁶64

2106 2375 2310 2434 Luclus
2339 2377 2677 2452 episcopus,
2720 2398 2922 2441 servus
2951 2403 3260 2447 servorum
3300 2392 3429 2462 Dei,
3471 2397 3695 2456 dilectis

2038 2464 2304 2536 symoni,
2321 2467 2525 2525 abbati
2541 2471 2769 2528 Sanctae
2782 2474 2976 2530 Mariae
3001 2475 3078 2533 de
3105 2479 3274 2548 Sara,
3299 2483 3565 2560 ejusque
3591 2488 3691 2547 rra·

2036 2552 2242 2618 tribus.
2278 2561 2401 2613 tam
2441 2561 2828 2630 praesentibus
2865 2577 3053 2636 quam
3082 2564 3322 2638 futuris,
3355 2575 3686 2646 regularem

2035 2641 2222 2699 vitam
2243 2645 2526 2717 professis
2542 2647 2602 2703 in
2634 2655 3013 2723 perpetuum.

2106 2732 2464 2803 Religiosam
2496 2736 2679 2795 vitam
2717 2739 3073 2812 eligentibus
3110 2749 3522 2821 apostolicum
3554 2772 3688 2815 con—

2034 2821 2192 2878 venit
2232 2823 2444 2881 adesse
2482 2827 2850 2898 proesidium,
2879 2846 2954 2887 ne
2984 2830 3132 2892 forte
3160 2836 3489 2910 cujuslibet
3518 2849 3688 2904 teme·

2031 2911 2219 2969 ritatis
2257 2912 2536 2971 incursus
2575 2921 2684 2973 aut
2715 2933 2819 2976 eos
2864 2938 2902 2977 a
2938 2925 3251 2996 proposito
3289 2938 3538 2991 revocet
3587 2942 3686 2993 aut

2032 2999 2212 3059 robur
2257 3002 2446 3077 (quod
2492 3005 2654 3063 absit
2692 3006 2731 3080 Ξ)
2781 3026 2967 3068 sacrm
3022 3012 3330 3087 religionis
3379 3021 3680 3098 infringat.
3773 3041 3776 3078 ;

2028 3092 2371 3165 Eapropter,
2416 3094 2611 3153 dilecti
2657 3098 2719 3153 in
2761 3100 3013 3158 Domino
3065 3101 3192 3171 filii,
3247 3110 3471 3168 vestris
3513 3113 3683 3187 justis

2025 3180 2526 3252 postulationibus
2547 3184 2870 3245 clementer
2892 3191 3239 3264 annuimus,
3274 3202 3336 3254 et
3361 3201 3678 3271 praeratum

2021 3272 2474 3340 monasterium,
2503 3276 2565 3331 iu
2596 3291 2719 3348 quo
2747 3276 2956 3336 divino
2982 3283 3316 3357 mancipati
3341 3291 3493 3348 estis
3522 3294 3684 3353 obse·

2018 3360 2184 3433 quio,
2225 3360 2340 3417 sub
2358 3362 2514 3419 Beati
2544 3365 2694 3421 Petri
2722 3371 2780 3423 et
2804 3372 3009 3427 nostra
3031 3375 3408 3443 protectione
3433 3384 3680 3458 suscipi·

2016 3464 2154 3505 mus
2193 3453 2251 3506 et
2281 3453 2591 3523 praesentis
2629 3455 2832 3528 scripti
2863 3457 3174 3532 privilegio
3201 3471 3680 3544 communimus,

2014 3537 2307 3610 imprimis
2329 3540 2628 3614 siquidem
2655 3547 2984 3604 statuentes
3014 3555 3075 3607 ut
3097 3550 3251 3610 ordo
3279 3561 3678 3637 monasticus,

2012 3626 2117 3700 qui
2157 3628 2491 3686 secundum
2533 3632 2718 3689 Deum
2763 3640 2819 3691 et
2853 3637 3013 3695 Beati
3047 3640 3350 3701 Benedicti
3390 3648 3676 3724 Regulam

2012 3719 2192 3788 atque
2212 3718 2642 3778 institutionem
2663 3722 3143 3786 Cisterciensium
3171 3729 3440 3794 fratrum
3460 3738 3527 3797 in
3551 3742 3676 3815 ipsa

2009 3803 2194 3863 domo
2233 3809 2499 3866 noscitur
2536 3809 2860 3884 institutus,
2899 3819 3204 3889 perpetuis
3249 3822 3491 3885 ibidem
3537 3834 3678 3889 tem·

2007 3895 2255 3967 poribus
2294 3897 2743 3958 immutabiliter
2768 3903 3136 3964 observetur.
3166 3909 3472 3976 Praeterea
3507 3934 3674 3993 quu-

2006 4000 2243 4059 cunque
2271 3988 2704 4059 possessiones,
2746 4007 3125 4070 quaecuuque
3153 3997 3325 4059 bona
3354 4002 3528 4066 idem
3557 4025 3672 4069 mo-

2003 4074 2333 4131 nasterium
2355 4076 2895 4150 impraesentiarum
2903 4083 3062 4155 juste
3082 4091 3458 4153 etcanonice
3481 4099 3668 4172 possi·

2004 4161 2122 4231 det,
2155 4169 2259 4220 aut
2284 4164 2344 4221 in
2370 4164 2641 4224 futurum
2671 4172 3055 4231 concessione
3081 4180 3478 4252 pontificum,
3507 4187 3672 4260 largi-

2002 4252 2161 4309 tione
2182 4269 2391 4325 regum
2414 4255 2507 4312 vel
2533 4258 2894 4333 principum,
2926 4262 3235 4325 oblatione
3265 4269 3553 4335 fidelium
3575 4294 3673 4336 seu

2003 4340 2131 4400 aliis
2148 4343 2326 4414 justis
2357 4345 2573 4413 modis,
2592 4354 2914 4419 praestante
2949 4353 3220 4424 Domino,
3237 4363 3474 4432 poterit
3499 4367 3674 4442 adipi·
3723 4397 3728 4402 ·

1926 4414 1971 4471 D
2003 4431 2110 4499 sci,
2139 4431 2316 4490 firma
2342 4433 2514 4491 vobis
2539 4438 2869 4512 vestrisque
2889 4445 3350 4507 successoribus
3375 4461 3438 4512 et
3455 4455 3670 4516 illibata

1998 4528 2411 4596 permaneant.
2455 4523 2520 4579 In
2557 4526 2781 4598 quibus
2813 4528 2943 4588 hoec
2969 4531 3234 4607 propriis
3271 4538 3578 4606 duximus
3603 4563 3668 4606 ex

1995 4611 2317 4685 primenda
2342 4613 2656 4671 vocabulis
2685 4631 2702 4671 ε

2066 4700 2461 4759 Donationem
2490 4718 2680 4777 quam
2711 4708 3068 4768 venerabilis
3095 4710 3288 4774 trater
3313 4728 3539 4786 noster
3559 4727 3668 4786 Ab·

1992 4788 2165 4848 salon
2206 4790 2618 4850 Roskildensis
2655 4794 2994 4871 episcopus.
3038 4805 3096 4859 et
3135 4803 3463 4872 Esbernus
3501 4815 3664 4876 statar

1987 4878 2139 4951 ejus,
2184 4894 2292 4937 nec
2323 4896 2444 4939 non
2491 4886 2552 4939 et
2589 4883 2745 4943 Juno
2785 4890 3187 4950 consobrinus
3231 4897 3399 4971 ejus,
3467 4910 3532 4964 et
3575 4905 3666 4966 alii

1985 4968 2417 5042 quamplurimi
2446 4973 2578 5044 pari
2608 4979 2748 5033 voto
2783 4981 2843 5034 et
2877 4980 3165 5040 concordi
3200 4984 3548 5055 devotione
3575 5013 3664 5058 so·

1983 5048 2260 5115 lemniter
2289 5057 2574 5129 fecerunt,
2603 5063 2919 5124 dimidiam
2950 5069 3225 5131 videlicet
3249 5087 3406 5150 post
3431 5084 3657 5145 obitum

1983 5165 2166 5207 suum
2195 5150 2533 5222 portionem
2571 5155 2846 5213 omnium
2883 5161 3358 5232 possessionum
3392 5189 3656 5244 suarum,

1977 5253 2132 5313 quas
2158 5238 2248 5295 vel
2271 5254 2343 5297 ex
2369 5243 2633 5313 paternis
2648 5246 2784 5316 jure
2808 5257 3212 5322 susceperunt
3247 5259 3354 5317 vel
3373 5260 3566 5334 juxta
3587 5267 3654 5324 le-

208 5326 313 5399 sis,
345 5328 595 5385 salutem
634 5329 691 5383 et
727 5325 1118 5398 apostolicam
1152 5324 1649 5384 benedictionem.
1981 5329 2758 5403 gempatriaeterminissuis
2781 5336 3132 5410 adjecerunt
3165 5358 3182 5412 ς
3210 5347 3648 5434 stratamque

278 5415 457 5472 iustis
488 5415 814 5489 petentium
843 5414 1153 5473 desideriis
1192 5414 1443 5487 dignum
1475 5423 1563 5474 est
1590 5432 1702 5476 nos
1726 5418 1866 5478 t'aci·
1973 5418 2194 5477 dicitur
2221 5418 2461 5492 Ellingoe
2490 5436 2629 5479 oum
2670 5423 2852 5493 ‘ilm-
2885 5429 3154 5500 Pmuisss
3184 5438 3249 5490 et
3285 5439 3552 5518 reliquis
3577 5443 3640 5506 ad

202 5500 323 5562 lem
360 5502 629 5577 praebere
667 5518 1049 5577 consensum,
1092 5507 1150 5562 et
1187 5509 1329 5563 vota
1360 5521 1500 5580 quoe
1538 5522 1577 5564 a
1612 5508 1861 5568 rationis
1971 5508 2136 5568 illam
2183 5509 2620 5584 pertinentibus
2665 5515 3036 5578 concoloniis
3067 5535 3268 5598 qum
3305 5541 3350 5590 ι
3393 5535 3634 5608 prom

235 4451 413 4510 papae
438 4435 514 4492 111
545 4450 706 4493 anno
731 4433 950 4507 primo.

994 4570 1151 4625 XXX.

225 4701 588 4761 Monosterio
604 4703 665 4762 S.
692 4700 1019 4775 Auyustini
1033 4701 1362 4760 Morinensi
1389 4704 1693 4763 ecclesiam
1711 4707 1882 4777 Quat·

744 4775 1103 4846 quellensem
1126 4774 1358 4832 asserit.

729 4898 1042 4971 (Laterani,
1064 4899 1198 4956 Jan.
1225 4899 1341 4973 23.)

365 5021 638 5096 [minarum
671 5021 865 5092 opera
893 5022 1298 5093 diplomatica,
1321 5027 1361 5080 t.
1392 5025 1474 5087 lv.
1500 5039 1559 5096 p.
1583 5027 1731 5099 377.]

283 5146 497 5205 Lucius
536 5148 874 5220 episcopus,
904 5162 1112 5203 servus
1144 5161 1455 5203 servorum
1485 5147 1602 5215 Dei,
1642 5147 1872 5208 dilectis

210 5237 345 5296 filiis
370 5237 577 5296 abbati
606 5240 665 5292 et
689 5235 970 5293 fratribus
1002 5236 1201 5293 Sancti
1242 5236 1554 5307 Augustini
1585 5239 1871 5298 morinen·
