3784 6000
179 179 288 241 188

1677 180 2120 244 SERMONES.

175 315 292 386 dns
311 310 825 387 nariameophoe,
845 319 903 372 et
924 313 1106 372 Maria
1134 314 1663 387 Magdalene(10an.
1697 317 1838 385 xix).
1871 314 1925 382 Α
1955 313 2213 370 nominis
2233 315 2489 386 eJus,om
2501 328 2630 372 nem
2653 314 3038 388 diligentiam,
3062 333 3296 377 omnem
3330 319 3614 377 sollicitu-

173 402 371 460 Stabat
397 405 466 459 et
510 401 841 475 discipulus
872 419 1051 476 quem
1082 403 1361 477 diligebat
1407 404 1600 461 Jesus.
1634 405 1840 461 Stabat

173 492 392 558 Petrus,
417 493 483 546 et
515 489 622 547 alii
654 491 901 550 sortasse
923 491 1124 549 fideles
1149 490 1375 564 alonge
1399 498 1841 566 prosequentes,

175 587 234 637 nt
273 577 554 637 viderent
585 579 782 638 finem.
833 579 1037 638 Stabat
1064 584 1121 638 et
1174 580 1472 651 Centurio,
1531 584 1839 640 manifeste

177 672 508 742 protestans
528 668 677 743 qnia
705 669 1127 742 vereFiliusDei
1143 676 1266 729 erat
1285 673 1386 730 iste
1401 670 1620 743 (Manli.
1639 671 1837 744 nvn).

179 760 234 818 la
257 775 321 818 ea
349 758 668 834 paucitate
695 763 837 818 tunc
865 760 1151 834 temporis
1195 764 1316 819 tota
1346 761 1462 819 fere
1494 761 1840 820 universitas

183 847 442 906 Ecclesia
477 848 857 908 consistebat.
887 852 1057 909 Porro
1081 867 1226 908 unus
1253 866 1323 908 ecc
1350 851 1620 907 militibus
1649 852 1837 910 lancea

181 940 308 995 latus
333 940 468 1012 eius
485 939 740 1014 aperuit,
759 947 816 997 et
861 941 1123 999 continuo
1143 941 1320 998 exivit
1349 943 1576 1012 sanquis
1593 945 1648 998 et
1694 958 1838 1016 aqua

181 1029 339 1100 [heu.
361 1029 534 1102 ιαμ
569 1029 880 1104 sanguinis
909 1029 1126 1088 scilicet
1158 1031 1664 1103 redemptionis,et
1684 1047 1839 1104 aqua

180 1117 662 1192 agenor-ationis.
696 1117 760 1177 In
792 1119 884 1177 his
903 1120 1132 1178 duobus
1163 1120 1429 1178 omnium
1449 1128 1838 1179 sacramento-

85 1263 88 1272 ,
183 1225 294 1267 rum
323 1209 535 1268 virtus
567 1217 626 1267 et
653 1210 922 1269 efficacia·
962 1212 1218 1270 creditur
1253 1228 1579 1270 emanasse.
1615 1213 1677 1269 In
1726 1212 1836 1270 nde

178 1299 372 1358 etenim
392 1299 711 1374 passionis
728 1307 784 1358 et
803 1300 1178 1375 baptismatis
1194 1302 1495 1359 ablutione
1515 1301 1833 1359 salvamur.

85 1407 88 1442 ;
179 1389 264 1454 0ιί
301 1391 474 1447 enim
532 1389 832 1448 crediderit
859 1397 911 1449 et
939 1389 1246 1465 baptizatus
1273 1391 1464 1460 suerit,
1498 1391 1683 1448 salvus
1727 1394 1836 1449 erit

175 1477 346 1550 (tare.
377 1481 535 1552 xvi).
595 1479 852 1555 Sanguis
905 1479 1064 1538 enim
1112 1479 1330 1539 Christi
1378 1482 1657 1539 emundat
1695 1497 1835 1538 con·

173 1568 447 1627 scientia·
458 1572 702 1628 nostras
715 1570 789 1627 ab
798 1570 998 1643 operib
1007 1586 1073 1628 us
1090 1569 1446 1638 mortuis,ad
1467 1570 1837 1629 serviendum

175 1659 264 1716 Deo
319 1657 586 1716 viventi.
621 1658 728 1716 Sed
782 1662 842 1716 et
883 1675 1029 1731 aqua
1075 1675 1200 1733 que
1230 1661 1357 1718 visa
1402 1664 1493 1719 est
1540 1662 1734 1733 egredi
1765 1661 1837 1721 de

173 1747 374 1822 templo
419 1747 696 1820 corporis
742 1747 977 1817 Christi,
1007 1765 1041 1805 a
1091 1750 1272 1808 latere
1325 1751 1546 1819 dextro,
1595 1749 1834 1809 salvavit

171 1853 358 1895 omnes
387 1839 472 1894 ad
502 1853 889 1912 quoscunque
917 1839 1195 1913 pervenit.
1233 1841 1354 1898 Tres
1384 1840 1566 1912 igitur
1593 1844 1831 1900 testimo-

170 1928 306 1982 aiaua
357 1926 512 1983 dant
581 1926 645 1984 in
690 1937 846 1985 terra
873 1946 893 1984 :
951 1927 1216 2002 Spiritus,
1277 1947 1447 2004 aqua,
1505 1936 1560 1989 et
1614 1934 1835 2004 sanquis

169 2016 392 2089 (Hm.
419 2016 506 2090 v).
533 2016 792 2090 Spiritus
812 2016 1104 2091 siquidem
1127 2018 1531 2077 testimonium
1572 2021 1836 2094 perhibet

173 2105 226 2161 tle
255 2105 547 2172 Christe,
597 2106 860 2178 quoniam
913 2105 1152 2178 Spiritus
1196 2114 1278 2164 est
1336 2110 1434 2180 qui
1490 2110 1833 2180 testificatur,

171 2196 449 2267 uoniam-
491 2191 744 2251 Gltristus
769 2201 852 2252 est
906 2197 1110 2253 veritas
1137 2196 1343 2270 (ibid).
1399 2197 1580 2254 Nobis
1638 2203 1834 2255 autem

173 2301 309 2357 aqua
337 2288 408 2343 et
441 2283 699 2357 sanguis
733 2285 980 2341 reddunt
1015 2285 1420 2343 testimonium
1453 2288 1523 2344 ad
1558 2287 1832 2345 salutem.

171 2375 470 2432 secundm
504 2379 704 2431 autem
752 2378 939 2432 status
970 2374 1230 2432 Ecclesioe
1261 2382 1348 2432 est
1377 2392 1411 2432 a
1451 2379 1709 2450 tempore
1740 2394 1837 2434 re-

173 2463 566 2522 surrectionis
594 2462 810 2521 Christi
840 2479 1021 2537 usque
1051 2464 1123 2521 ad
1155 2465 1350 2521 saeculi
1381 2467 1838 2524 consummatio·

173 2569 314 2622 mm,
375 2569 509 2626 quo
553 2557 816 2626 tempore
860 2552 1082 2611 scilicet
1137 2554 1266 2627 ipsa
1323 2555 1720 2626 peregrinatur
1777 2557 1837 2615 in

173 2640 360 2711 terris,
391 2645 586 2715 atque
641 2640 877 2698 interim
910 2642 1064 2700 bona
1096 2644 1207 2700 ista
1261 2644 1602 2716 temporalia
1649 2647 1839 2703 sobrie

175 2731 272 2788 essii
311 2729 384 2788 in
417 2746 576 2788 usus
601 2728 858 2788 honestas
892 2731 1258 2789 necessitatis
1293 2733 1555 2789 assumit.
1580 2733 1723 2791 Tota
1755 2744 1838 2791 ta·

175 2836 296 2878 men
329 2817 737 2893 spiritualiter
767 2819 827 2876 in
876 2819 1173 2893 agnitione
1222 2826 1747 2889 sacramentorum,
1780 2823 1838 2880 in

84 2903 90 2916 '
177 2911 463 2968 virtutum
497 2909 893 2978 exsecutione,
914 2910 974 2966 in
996 2910 1321 2967 colestium
1354 2913 1841 2986 contemplatione

1954 403 2151 461 dinem
2176 404 2552 477 impendatis,
2570 408 2867 476 quatenus
2889 423 3063 465 omne
3085 424 3235 481 opus
3265 411 3395 480 ejus
3416 409 3610 465 studio

1951 496 2163 561 vestro,
2183 498 2468 565 quantum
2498 494 2664 551 vobis
2697 495 2972 566 possibile
3004 496 3200 566 fuerit,
3237 498 3528 569 dirigatur
3549 498 3608 553 in

1951 582 2193 651 bonum,
2236 586 2293 638 et
2334 582 2457 655 ipsa
2488 582 2714 657 integra
2742 589 2798 640 et
2828 584 3008 642 illaesa
3045 586 3155 645 sub
3186 591 3381 644 vestra
3408 585 3610 643 deien-

1951 670 2138 741 sione,
2168 674 2226 729 et
2271 670 2486 729 Christi
2518 673 2880 745 protectione
2927 674 3235 732 consistat.
3272 676 3350 732 Ad
3385 676 3493 732 hoc
3524 674 3610 732 si-

1949 762 2185 834 quidem
2220 761 2361 817 tides
2390 766 2447 819 et
2489 764 2789 834 prudentia
2840 766 3230 836 procuratoris
3259 764 3600 838 inquiritur,

1951 858 2014 909 ut
2042 867 2143 924 per
2173 851 2345 908 iidem
2377 869 2483 908 sua
2505 852 2743 910 domino
2775 860 3035 911 servetur
3064 855 3309 924 utilitas,
3335 872 3436 928 per
3466 871 3608 929 pru-

1947 942 2208 998 dentiam
2255 942 2596 1014 ingruentes
2627 959 2660 997 a
2711 943 2934 1000 Familia
2978 944 3261 1001 molestiae
3303 945 3601 1022 depellan-

1946 1035 2043 1088 tur
2071 1031 2211 1104 (63),
2240 1038 2301 1087 ut
2345 1047 2570 1102 semper
2624 1032 2871 1090 Domino
2904 1038 3213 1104 proventus
3245 1033 3600 1107 familiasque

1948 1126 2253 1195 provectus
2276 1125 2583 1178 accrescat.
2609 1120 2755 1179 Oves
2776 1121 2991 1180 Christi
3013 1126 3439 1195 sunt,fquarum
3462 1139 3598 1180 cum

1944 1211 2072 1284 ipse
2101 1212 2175 1267 sit
2204 1210 2511 1274 Dominus,
2540 1216 2735 1268 tamen
2772 1215 3060 1283 pastorem
3094 1227 3156 1268 se
3207 1211 3600 1269 nihilominus

1945 1300 2246 1371 profitetur
2276 1304 2338 1357 ut
2366 1316 2533 1357 suam
2565 1300 2720 1357 circa
2740 1316 2836 1357 eas
2866 1305 2923 1358 et
2952 1305 3297 1373 potestatem
3322 1300 3598 1373 praedicet

1945 1394 2001 1446 et
2030 1389 2327 1459 affectum,
2365 1393 2427 1446 ut
2455 1389 2595 1463 ipsoe
2625 1390 2675 1445 ei
2709 1392 2989 1462 tanquam
3020 1389 3268 1446 Domino
3297 1389 3359 1445 in
3391 1389 3597 1446 auditu

1948 1481 2108 1538 auris
2138 1480 2439 1548 obediant,
2471 1484 2529 1538 et
2556 1480 2683 1553 ipse
2731 1497 2830 1539 eas
2863 1489 3136 1554 tanquam
3191 1481 3375 1538 bonus
3406 1484 3608 1555 pastor

1948 1587 2124 1643 super
2153 1585 2367 1643 aquam
2399 1570 2732 1628 refectionis
2766 1571 2821 1627 in
2853 1570 2979 1628 loco
3015 1587 3241 1643 pascuas
3272 1570 3517 1628 collocet
3545 1574 3604 1627 et

1865 1661 1915 1727 Β
1943 1663 2264 1717 conservet.
2300 1659 2450 1728 oves,
2495 1659 2708 1733 inquit,
2741 1675 2874 1718 meas
2901 1676 3079 1717 vocem
3130 1677 3307 1717 meam
3363 1660 3606 1717 audiunt

1943 1750 2123 1822 (loun.
2146 1750 2222 1818 x).
2241 1748 2381 1805 Ecce
2403 1749 2558 1821 quod
2580 1749 2872 1821 quaeritab
2894 1749 2989 1805 his
3013 1767 3139 1823 quoe
3166 1766 3282 1807 suae
3305 1755 3445 1807 sunt
3466 1753 3597 1807 tan-

1946 1854 2123 1911 quam
2156 1838 2442 1894 Dominus
2462 1837 2747 1894 exaudiri.
2774 1839 2837 1895 Et
2856 1855 2948 1910 eqo
2972 1839 3234 1895 Dominus
3253 1854 3487 1910 aquosco
3504 1854 3597 1896 eas

1941 1927 2125 2001 (ibid.)
2156 1928 2298 1985 Ecce
2319 1927 2457 2000 quia
2485 1926 2611 1999 ipse
2635 1928 2884 1999 repentis
2916 1927 2987 1983 iis
3021 1928 3333 2000 benignum
3375 1931 3590 1984 mutuae

1939 2016 2285 2089 cognitionis
2314 2021 2372 2072 et
2400 2015 2713 2087 agnitionis
2746 2015 3042 2072 affectum.
3078 2015 3300 2080 Quanta
3330 2032 3464 2072 vero
3496 2032 3598 2073 eas

1940 2105 2246 2165 charitatis
2275 2105 2461 2178 gratia
2490 2103 2932 2176 complectatur,
2968 2104 3137 2160 facile
3164 2105 3345 2176 pretio
3374 2106 3598 2161 redem-

1946 2193 2159 2267 ptionis
2173 2192 2681 2264 ostenditur,quod
2696 2193 2763 2247 ad
2780 2208 2983 2248 earum
3006 2191 3409 2249 liberationem
3433 2192 3608 2250 bene-

1945 2284 2179 2339 ficentia
2236 2281 2620 2353 redemptoris
2662 2281 2965 2353 impendit.
3003 2280 3220 2353 limptoe
3271 2282 3429 2339 enim
3460 2285 3598 2338 sunt

1947 2374 2133 2447 pretio
2159 2387 2363 2444 magno
2388 2371 2764 2443 impretiabili
2785 2369 3010 2426 scilicet
3027 2370 3316 2442 sanguine
3341 2370 3601 2427 crucifixi

1946 2478 2140 2536 quem,
2168 2461 2302 2518 licet
2349 2460 2755 2532 appretiaverit
2783 2461 2988 2529 sudas,
3024 2476 3139 2516 non
3182 2463 3367 2530 potest
3398 2463 3597 2516 tamen

1946 2552 2056 2608 sub
2078 2551 2247 2623 pretii
2272 2549 2525 2606 recidere
2555 2548 2856 2611 vilitatem,
2878 2549 2971 2604 cui
2994 2547 3135 2604 nihil
3162 2548 3220 2605 in
3245 2549 3414 2605 rebus
3435 2565 3593 2606 com-

1948 2639 2224 2713 parabile,
2267 2638 2424 2711 quod
2455 2639 2616 2695 omui
2669 2638 2965 2710 proelatum
3015 2641 3312 2703 creaturis,
3345 2637 3502 2709 quod
3535 2638 3594 2694 in

1946 2729 2136 2786 Patris
2162 2733 2248 2784 est
2269 2728 2464 2783 dextra
2491 2726 2853 2784 collocatum.
2875 2726 3183 2799 ignorabat
3199 2725 3373 2783 homo
3394 2725 3602 2799 quanti

1949 2820 2148 2890 posset
2167 2817 2294 2888 ejus
2316 2817 2654 2872 humanitas
2684 2815 2981 2878 testimari.
2997 2815 3154 2888 quia,
3179 2813 3313 2874 licet
3332 2816 3403 2872 de
3430 2815 3602 2872 Crea-

1949 2907 2089 2964 toris
2114 2906 2369 2979 imagine
2391 2905 2838 2963 similitudinem
2883 2906 3278 2973 contraxisset,
3297 2903 3478 2975 nulla,
3493 2922 3598 2978 spe

175 2999 472 3069 consistit,
526 3003 704 3072 atque
749 2999 878 3059 ideo
925 3000 1353 3073 quodammodo
1409 3007 1561 3060 stare
1607 3006 1837 3062 videtur
1865 3012 1909 3081 C
1946 2994 2346 3065 tamen,nulla
2363 2995 2585 3052 ratione
2606 3011 2957 3067 praesumere
2975 2995 3596 3067 poteratautpraescire

175 3090 344 3146 stiam
374 3088 445 3145 in
471 3088 770 3162 presenti,
790 3089 1069 3162 quoniam
1099 3090 1432 3161 spiritualia
1453 3096 1591 3148 sunt
1618 3092 1761 3163 haec,
1781 3100 1841 3152 et

175 3181 236 3238 de
273 3180 582 3239 beneflcio
637 3180 690 3238 el
720 3180 927 3238 divinas
984 3180 1263 3239 bonitatis
1295 3183 1544 3254 indulta,
1579 3194 1640 3241 ut
1685 3187 1736 3242 ei
1767 3188 1841 3245 de

175 3270 554 3344 perceptione
582 3269 957 3343 presentium
989 3287 1297 3330 munerum
1328 3271 1499 3330 flrma
1529 3274 1607 3332 sit
1634 3291 1840 3349 exspe-

177 3359 344 3417 ctatio
397 3359 764 3418 futurorum.
823 3359 999 3417 Porro
1051 3362 1260 3417 tertius
1323 3362 1587 3420 Ecclesiae
1647 3368 1836 3422 status

175 3447 606 3507 consummatis
619 3447 894 3505 omnibus
907 3448 1296 3523 complebitur
1308 3449 1365 3506 in
1381 3450 1504 3507 futu
1514 3454 1838 3525 ro,quando

177 3538 396 3595 scilicet
423 3539 637 3595 dextra
668 3536 858 3611 ipsius
887 3538 1316 3610 amplexabitur
1344 3557 1493 3610 eam,
1524 3545 1584 3599 et
1612 3547 1835 3601 teternae

179 3624 574 3684 beatitudinis
602 3624 904 3700 plenitudo
933 3626 1277 3686 confovebit.

245 3718 471 3784 Astitil,
511 3715 726 3790 inquit,
755 3719 951 3789 reoina
978 3733 1013 3773 a
1042 3720 1253 3775 dextris
1292 3721 1403 3776 tuis
1450 3720 1627 3793 (Paul.
1660 3723 1830 3793 κων).

179 3807 237 3864 ln
269 3805 383 3863 hoc
413 3804 593 3862 verbo
623 3819 937 3879 regnorum
968 3805 1366 3880 pluralitatem
1389 3807 1621 3867 Christo
1652 3815 1709 3868 et
1728 3811 1833 3868 Ec-

177 3894 369 3952 clesia
409 3891 688 3951 nolumus
736 3893 1056 3968 assignare,
1090 3897 1228 3968 quia
1253 3913 1438 3954 unum
1470 3901 1528 3954 et
1583 3898 1835 3972 simplex

177 3997 430 4056 regnum
459 3983 738 4055 est,quod
770 3982 922 4039 Patri
951 3988 1011 4040 et
1040 3983 1185 4040 Filio
1215 3984 1539 4043 secundum
1571 3986 1838 4044 divinita-

178 4076 297 4130 tem
318 4071 523 4129 firmat
553 4071 786 4130 Deitatis
806 4073 1117 4141 aeternitas,
1150 4079 1205 4130 et
1234 4075 1389 4147 quod
1425 4075 1567 4133 Filio
1595 4077 1837 4151 virginis

177 4165 234 4219 et
263 4160 540 4219 Ecclesiae
568 4161 757 4234 grstia
784 4162 1241 4221 communicavit
1269 4180 1339 4221 ex
1359 4168 1639 4238 tempore.
1670 4165 1842 4223 Nulla

179 4265 316 4323 ergo
363 4249 588 4308 invidia
631 4255 741 4319 est,
791 4250 1101 4309 Ecclesiam
1136 4252 1423 4326 reginam,
1455 4258 1512 4310 et
1561 4254 1840 4312 coelorum

1944 3085 2030 3142 vel
2085 3085 2502 3141 incarnationis
2559 3083 2953 3141 humilitatem
3013 3084 3103 3140 vel
3143 3084 3595 3141 amaritudinem

1945 3175 2256 3249 passionis..
2289 3174 2512 3247 Quippe
2545 3190 2736 3230 rerum
2777 3173 2993 3230 creatio
3023 3172 3266 3246 gloriam
3302 3174 3584 3244 quodam·

1947 3265 2115 3322 modo
2138 3265 2347 3320 divinas
2371 3264 2691 3336 maiestatis
2711 3264 2992 3334 illustrat,
3016 3264 3157 3320 dum
3180 3280 3326 3337 opus
3348 3264 3595 3322 admira·

1946 3354 2057 3411 bile
2107 3354 2452 3427 sapientiam
2487 3353 2738 3412 declarat
2787 3354 3016 3427 opificis
3045 3357 3102 3411 et
3132 3370 3235 3426 pro
3263 3370 3334 3410 ea
3363 3369 3491 3426 quae
3524 3355 3598 3411 ab

1944 3460 2010 3501 eo
2042 3444 2294 3501 visibilia
2325 3445 2471 3500 iacta
2500 3447 2657 3513 sunt,
2678 3445 3034 3517 sempiterna
3055 3445 3241 3500 virtus
3265 3445 3393 3516 ejus
3414 3449 3472 3500 et
3500 3445 3601 3500 di-

1942 3534 2500 3591 vinitasinnotescit.
2517 3533 2959 3591 Videbatursibi
2975 3534 3179 3590 fecisse
3196 3534 3343 3604 quod
3363 3533 3594 3602 fecerat,

1944 3628 2009 3682 ut
2038 3623 2267 3697 ignotus
2294 3641 2325 3680 a
2357 3624 2583 3681 saeculis
2616 3624 2673 3680 in
2719 3621 3019 3679 rationalis
3049 3626 3269 3678 naturai
3323 3621 3591 3680 notitiam

1940 3716 2252 3783 deveniret,
2286 3722 2340 3772 et
2373 3715 2533 3772 fleret
2564 3713 2732 3786 quasi
2781 3712 3077 3785 quoddam
3123 3709 3473 3783 cognitionis
3505 3711 3598 3768 al-

1942 3809 2116 3861 ternae
2169 3803 2585 3860 commercium
2636 3802 2777 3858 dum
2834 3800 2960 3872 ipse
3016 3799 3191 3856 sciret
3246 3797 3591 3872 figmentum

1944 3897 2207 3950 nostrum
2240 3899 2297 3949 et
2338 3908 2443 3949 nos
2473 3891 2844 3963 aliquatenus
2892 3888 3353 3961 intelligeremus
3382 3887 3596 3944 divinae

1943 3982 2279 4039 substantiae
2312 3981 2610 4036 unitatem.
2642 3979 2805 4045 Quod
2853 3981 3046 4034 autern
3080 3978 3386 4034 minoratas
3421 3982 3499 4034 est
3527 3976 3596 4033 ab

1942 4073 2153 4141 anystis
2181 4069 2366 4140 (Hebr.
2399 4070 2483 4141 n),
2518 4069 2674 4140 quod
2724 4068 2875 4125 brevi
2910 4067 3213 4142 virginalis
3273 4066 3420 4125 uteri
3467 4066 3598 4126 tha·

1950 4160 2106 4216 lamo
2136 4160 2372 4216 clausus
2406 4159 2651 4216 formam
2683 4161 2894 4214 nostrae
2924 4156 3221 4213 servitutis
3251 4157 3599 4229 assumpsit,

1952 4251 2107 4323 quod
2134 4249 2379 4321 injurias
2399 4247 2733 4317 hominum,
2749 4246 3168 4321 quod-lenique
3191 4246 3449 4304 dolorem
3472 4261 3603 4302 sus-

180 4338 356 4395 etiam
388 4338 651 4413 reginam
682 4338 985 4413 appellari,
1025 4357 1160 4397 cum
1193 4340 1500 4399 Psalmista
1524 4342 1673 4400 tilios
1705 4343 1834 4415 ejus
1868 4370 1914 4434 D
1949 4338 2125 4397 tinuit
2158 4338 2471 4412 passionis,
2495 4339 2604 4396 hoc
2634 4337 2812 4395 saluti
2843 4345 3052 4394 nostrae
3086 4335 3601 4410 singulariterim-

181 4428 322 4486 deos
353 4431 415 4483 et
442 4425 546 4483 Dei
573 4426 728 4484 filios
755 4428 1117 4486 confidenter
1154 4429 1425 4500 appellet.
1460 4432 1590 4502 Epo,
1623 4432 1834 4506 inquit,

179 4520 305 4575 dixi
322 4535 344 4573 .·
379 4517 475 4574 Dii
500 4519 646 4584 estis,
676 4520 730 4575 st
772 4516 880 4588 filii
926 4519 1145 4577 Excelsa·
1171 4535 1357 4577 omnes
1412 4520 1585 4593 (Psal.
1620 4522 1830 4595 nxxxr).

179 4607 285 4674 lta,
317 4605 552 4662 domini
579 4609 637 4663 et
665 4604 860 4664 Patres
888 4607 1026 4678 mai,
1059 4607 1210 4665 sicut
1248 4601 1525 4678 diximus,
1560 4611 1836 4667 multitu·

179 4695 316 4754 dine
349 4694 660 4752 nominum
705 4696 1018 4754 multitudo
1046 4695 1348 4755 charitatis
1377 4699 1744 4772 exprimitur.
1776 4704 1834 4757 et

174 4783 445 4858 ipsorum
476 4782 806 4842 diversitate
849 4789 1346 4843 sacramentorum
1378 4804 1609 4862 quoque
1641 4788 1836 4846 diver-

176 4872 318 4930 sitas
349 4871 711 4944 assignatur.
764 4874 924 4930 lianc
953 4873 1131 4947 igitur
1158 4879 1276 4932 tam
1325 4877 1680 4950 praectarum,
1712 4883 1828 4936 tam

177 4958 596 5034 acceptabilem
620 4961 730 5019 sibi
752 4963 968 5020 electus
989 4963 1508 5033 electam,dilectus
1532 4965 1829 5035 dilectam,

177 5064 439 5121 sponsus
470 5064 765 5123 sponsam,
788 5066 887 5109 rex
920 5052 1204 5126 reginam,
1225 5053 1490 5111 Christus
1513 5054 1831 5114 Ecclesiam

179 5138 316 5196 fldei
347 5141 552 5195 vestro
606 5139 865 5209 credidit,
913 5141 1234 5214 prudentia
1287 5145 1735 5215 commendavit,
1768 5149 1834 5203 ut

180 5224 410 5284 seilicet
467 5224 540 5283 ad
568 5243 768 5285 curam
816 5232 876 5287 et
918 5229 1246 5288 custodiam
1276 5232 1425 5302 eius,
1459 5248 1591 5289 cum
1624 5233 1832 5292 timore

251 5428 368 5501 (63)
403 5423 786 5501 Depelluntur.
843 5428 952 5489 Pro
1003 5427 1077 5488 iis
1109 5447 1236 5506 quae
1274 5430 1428 5490 hanc
1483 5449 1686 5493 vocem
1743 5448 1835 5493 see

184 5508 464 5575 quantur,
496 5500 670 5560 habet
701 5502 764 5559 B.
791 5502 1089 5575 fundatum
1118 5512 1219 5580 eu,
1245 5511 1431 5567 vestro
1464 5513 1701 5587 tempore
1719 5523 1835 5567 non

1948 4445 2195 4504 pensum
2217 4428 2430 4486 veritas
2453 4427 2761 4484 manifesta
2777 4426 3109 4484 declaratut
3128 4428 3600 4497 merstempora-

1945 4519 2019 4577 lis
2041 4519 2226 4592 ipsius
2244 4519 2316 4575 ab
2338 4517 2588 4590 antiquas
2603 4516 2998 4575 damnationis
3020 4517 3208 4588 elogio
3224 4531 3330 4572 nos
3353 4514 3600 4572 solveret

1943 4613 2001 4665 et
2029 4607 2103 4665 ad
2153 4608 2335 4665 vitam
2387 4611 2681 4663 revocaret
2724 4611 2997 4663 aeternam
3030 4605 3171 4662 Novi
3232 4600 3597 4675 consignatio

1941 4697 2318 4755 Testamenti.
2344 4697 2474 4766 Ipse
2493 4711 2746 4768 namque
2759 4694 3053 4764 singulare
3076 4693 3330 4766 pretium
3362 4691 3555 4747 redem
3572 4717 3592 4731 ·

1944 4786 2163 4859 ptionis
2193 4788 2297 4854 est,
2339 4785 2493 4858 quod
2548 4783 2672 4855 pari
2716 4782 3070 4853 benignitate
3118 4796 3221 4852 pro
3253 4775 3505 4850 singulis
3536 4779 3593 4832 et

1942 4876 2216 4936 omnibus
2242 4882 2325 4933 est
2358 4872 2637 4940 oblatum,
2669 4875 2733 4928 ut
2766 4869 2964 4926 nullus
3002 4869 3079 4925 ibi
3114 4866 3356 4939 majoris
3387 4865 3594 4938 ampli·

1944 4967 2200 5024 tudinem
2221 4963 2654 5038 gratiae,nullus
2677 4961 2789 5018 sibi
2808 4958 3116 5030 cujuslibet
3141 4956 3424 5030 privilegii
3447 4972 3594 5029 prte-

1944 5055 2264 5128 rogativam
2286 5053 2476 5109 valeat
2495 5066 2776 5123 arrogare.
2797 5047 3261 5105 Uniformitatem
3285 5045 3594 5104 creationis

1943 5152 2143 5205 secuta
2155 5141 2667 5212 estredemptionis
2681 5138 2997 5211 aequalitas,
3017 5142 3080 5194 ut
3094 5137 3303 5211 pariter
3319 5135 3593 5192 omnibus

1944 5232 2247 5310 proficeret
2284 5232 2354 5288 ad
2406 5230 2663 5286 futurum
2717 5228 3140 5301 praedestinatae
3190 5222 3589 5284 retributionis

1941 5433 2207 5506 solvetur,
2239 5435 2371 5501 etc„
2412 5445 2598 5503 usque
2636 5428 2730 5497 ad,
2767 5428 2947 5486 Valeat
2977 5428 3035 5483 in
3079 5424 3293 5483 Christo
3321 5424 3585 5483 sanctitas

1944 5515 2140 5581 vestra,
2174 5521 2301 5581 quse
2331 5507 2469 5564 sunt
2497 5500 2754 5581 epistolae
2776 5501 2830 5575 3,
2847 5499 2921 5580 ad
2939 5498 3316 5561 Caelestinum
3345 5512 3583 5575 papam.

3489 189 3606 251 166
3726 257 3731 262 ,
