3784 6000
22 4541 31 4638 l

85 300 161 359 ’Π

1579 299 2008 366 EPISTOLAE.

3419 319 3498 378 78

84 440 494 512 concepissem
527 440 724 498 animo
754 439 1117 499 remandare.
1140 443 1267 499 Feci
1298 458 1436 515 ergo
1467 443 1620 515 quod
1645 459 1744 515 po·
1773 447 1825 511 Α
1854 442 2082 509 optaret
2110 439 2648 511 opportunitatibus
2677 441 2968 500 inservire.
2995 444 3148 503 Beue
3178 453 3371 506 autem
3393 465 3499 507 no-

86 528 175 585 tui
222 546 239 594 ;
293 527 705 586 holocaustum
756 528 941 587 obtuli
993 547 1098 602 pro
1139 529 1305 588 vobis
1353 531 1742 590 medullatum

82 617 258 689 (Psal.
281 620 435 692 axv),
469 619 626 690 quod
656 636 766 676 sua
794 619 1072 676 nimirum
1103 619 1457 692 pinguedine
1488 621 1745 694 compla-

83 716 262 777 ceret,
314 708 623 779 ipsamque
664 707 1019 767 oblationem
1065 708 1304 767 devotus
1349 709 1746 785 impinguaret

85 795 392 853 offerentis
436 796 696 853 affectus.
761 796 1197 868 Holocauetum,
1241 797 1507 871 inquam,
1559 799 1744 857 obtuli

88 883 511 953 medullatum,
543 885 605 942 in
655 902 769 959 quo
798 885 1021 944 scilicet
1061 886 1374 945 medullam
1425 887 1746 946 divinitatis

89 988 375 1044 corporea
405 974 633 1047 species
662 976 1061 1045 obumbraret,
1085 976 1522 1051 procedensque
1550 978 1622 1033 de
1649 976 1743 1033 in·

89 1062 220 1118 timi
254 1063 450 1119 cordis
482 1064 753 1121 medullis
775 1067 959 1122 oratio
989 1082 1150 1122 suam
1184 1066 1466 1123 sacrificio
1498 1067 1749 1125 contine·

1850 526 1943 582 bis
1975 527 2034 583 in
2069 527 2173 584 hac
2206 536 2362 598 parte
2401 530 2761 600 providentia
2789 531 2986 590 divina
3014 536 3330 609 consuluit,
3344 540 3500 612 quod

1850 633 1984 673 cum
2016 616 2368 689 sapientiam
2399 623 2646 675 vestram
2678 621 2748 676 ad
2771 621 2914 679 alias
2944 630 3141 696 partes
3179 627 3501 686 multorum

1849 705 2139 762 desideria
2201 706 2522 774 traherent,
2567 709 2695 780 ipsa
2753 727 2854 768 vos
2917 722 3127 771 nostrai
3179 718 3503 787 prasertim

1850 795 2160 865 provinciae
2194 797 2524 854 reservavit.
2553 797 2583 854 J
2594 805 2791 856 ustum
2822 817 2963 860 sane
2992 809 3082 860 est
3112 805 3241 876 ejus
3265 821 3367 864 vos
3396 823 3506 880 po-

1852 883 2152 940 tissimum
2204 884 2448 957 obligari
2496 888 2859 961 muneribus,
2892 891 3022 963 ejus
3060 895 3508 953 necessitatibus

1853 974 2153 1041 inservire,
2188 992 2316 1046 quae
2361 993 2460 1033 vos
2509 978 2638 1033 suis
2685 978 2830 1035 aluit
2877 981 3179 1045 uberibus,
3211 1001 3319 1042 suo
3367 985 3507 1042 fovit

1854 1063 2153 1135 amplexu,
2185 1066 2304 1121 suis
2342 1065 2665 1123 honoribus
2694 1068 3013 1140 ampliavit.
3048 1072 3192 1128 Mihi
3240 1089 3375 1131 vero
3407 1074 3509 1133 be-

88 1157 173 1207 1-01,
225 1151 543 1209 melodiam
578 1170 593 1209 ;
624 1154 722 1212 hic
751 1154 909 1211 enim
940 1155 1038 1212 1110
1075 1154 1291 1213 vitulus
1329 1156 1629 1228 saginatus
1660 1162 1750 1214 ost
1857 1151 2097 1223 nignius
2146 1152 2510 1224 indulgentia
2551 1155 2759 1212 divino
2818 1159 3243 1231 propitiationis
3292 1163 3508 1235 arrisit,

85 1245 271 1311 (Pr-ov.
325 1244 447 1315 xv),
478 1243 574 1300 hio
623 1260 794 1303 mons
841 1244 938 1303 ille
985 1246 1330 1319 coagulatus
1375 1250 1464 1302 ost
1510 1246 1750 1320 pinguis
1857 1256 1983 1312 quae
2016 1258 2109 1299 mo
2136 1242 2208 1299 ab
2257 1243 2446 1300 amico
2476 1260 2582 1302 nec
2611 1246 2938 1305 diversitate
2985 1250 3365 1320 professioni·
3403 1252 3512 1309 ab·

89 1331 501 1402 (Panl.1.xv11),·
522 1331 618 1389 hic
638 1332 909 1391 Christus
927 1334 1026 1391 ille
1048 1336 1398 1393 unctusoleo
1420 1335 1750 1393 exsultatio·
1850 1328 2073 1399 immi»
2106 1346 2212 1388 1¹0⁰
2262 1331 2516 1390 ¹⁰00¹·um
2574 1336 2847 1394 disstantifl
2885 1340 3170 1410 &paravit
3203 1357 3217 1397 :
3250 1341 3353 1397 *3οᾶ
3403 1356 3512 1399 ¹1⁰⁸

89 1420 179 1475 nis
208 1436 333 1492 pre
354 1422 749 1495 participibus
778 1424 924 1493 suis,
947 1425 1018 1482 de
1039 1426 1204 1496 cujus
1226 1426 1592 1498 plenitudine
1619 1427 1754 1484 licet
1860 1417 2027 1487 (100οῙ
2057 1419 2330 1491 contigui!
2363 1422 2648 1492 Ρῡδῑῖίθῦθ
2677 1426 3042 1496 0003110οῑ08,
3073 1428 3147 1484 οᾶ
3180 1429 3514 1500 ἶΐθῑῖῑὶθῦῑθῦ

89 1524 298 1566 omnes
331 1512 688 1584 acceperint,
722 1513 851 1585 ipsa
900 1518 1093 1572 tamen
1143 1514 1350 1573 effusio
1381 1532 1497 1573 non
1544 1516 1753 1573 minuit
1860 1507 2214 1576 comparavit
2237 1524 2536 1578 0000r8082
2561 1516 2625 1566 ὓῑ
2655 1513 2726 1567 ad
2749 1516 3240 1573 communissflndii
3259 1516 3514 1589 Pfflfffl·

93 1598 694 1657 effundentem.Nihil
719 1603 907 1658 offerri
930 1603 1265 1676 pretiosius,
1291 1605 1755 1663 nihilemoaoius
1860 1594 2165 1653 charitatis
2208 1598 2402 1656 officia
2444 1601 2573 1671 ipsa
2618 1601 2875 1660 locorum
2925 1605 3151 1663 occasio
3194 1607 3429 1675 serviat,
3460 1616 3517 1664 οι

92 1693 302 1758 potest,
342 1689 493 1746 nihil
543 1691 594 1748 ei
624 1691 726 1763 qui
773 1692 962 1764 offert,
995 1695 1080 1752 vel
1126 1696 1179 1751 ei
1218 1713 1324 1768 pro
1355 1713 1467 1769 quo
1514 1696 1757 1753 offertur
1862 1686 2279 1758 PPOPiflquiffli
2330 1705 2636 1761 corporum
2687 1692 3071 1752 nihflOmissufl
3112 1696 3518 1768 propinqum·

94 1777 323 1847 utilius,
349 1779 402 1835 si
434 1779 710 1852 dignitati
741 1783 1009 1839 sacrificii
1035 1799 1415 1856 personarum
1439 1786 1758 1858 indignitas
1792 1777 1838 1844 B
1869 1776 2215 1844 respondeat
2239 1778 2593 1836 ‘mmmmm-
2626 1781 2863 1838 1⁰²0&OE
2909 1785 3165 1856 P¹⁸0s⁰⁸i⁸
3210 1785 3518 1843 dffiidss'ii·

95 1881 207 1924 non
238 1867 506 1925 obsistit.
530 1868 770 1941 Oportet
796 1872 954 1928 enim
977 1873 1315 1932 offerentem
1338 1893 1517 1948 puras
1540 1893 1753 1933 manus
1865 1868 1925 1919 οῑ
1972 1864 2195 1920 demtis
2260 1868 2619 1925 orationib&
2684 1872 2934 1928 arbitror
2993 1873 3406 1942 insistendum,
3453 1878 3519 1931 ¹¹2

98 1956 333 2028 inferre,
370 1973 446 2015 ne
477 1960 633 2031 quod
666 1959 1056 2033 impreciabile
1084 1969 1193 2033 est,
1214 1968 1491 2038 omnique
1519 1963 1759 2024 venera·

100 2046 253 2104 tione
271 2046 729 2121 dignissimum,
755 2051 842 2107 vel
874 2052 987 2108 sub
1010 2054 1178 2127 pretii
1210 2054 1758 2128 recidatyilitatem,

101 2135 185 2192 vel
212 2134 416 2193 causis
445 2135 882 2210 indignioribus
929 2141 1310 2213 expandatur.
1345 2143 1584 2215 Oportet
1629 2159 1764 2202 eum

106 2240 200 2296 pro
227 2241 351 2297 qno
382 2226 623 2284 offertur
650 2229 767 2286 fide
812 2246 1246 2303 recognoscere,
1278 2232 1560 2291 charitate
1602 2250 1762 2291 com·

108 2314 300 2386 plecti,
324 2318 605 2390 prosequi
637 2318 950 2388 desiderio,
990 2324 1293 2394 totamque
1333 2323 1448 2379 sibi
1488 2324 1548 2380 in
1577 2339 1645 2382 eo
1675 2325 1766 2382 di-

107 2404 242 2460 vinoe
273 2405 711 2476 propitiationis
756 2408 1028 2466 fiduciam
1080 2410 1383 2471 collocare.
1417 2413 1518 2470 iiis
1568 2420 1766 2473 autem

113 2494 599 2552 concurrentibus
624 2497 931 2570 utriusque
953 2500 1133 2571 partis
1155 2510 1413 2559 versatur
1435 2503 1679 2574 utilitas,
1703 2512 1769 2563 ut

119 2582 208 2651 qui
236 2598 346 2654 pro
377 2582 512 2640 aliis
551 2584 823 2656 offerunt,
855 2605 960 2660 pro
987 2606 1052 2647 se
1090 2591 1239 2664 ipsis
1270 2595 1642 2650 inveniantur
1677 2596 1769 2652 ot·-

120 2678 273 2733 tem.
302 2672 592 2746 Magnum
621 2691 785 2746 sane,
816 2679 1371 2754 praedicandumque
1397 2683 1766 2753 beneficium,

120 2763 257 2831 quod
285 2768 599 2836 erogatum
628 2764 726 2821 alii
758 2766 1004 2840 prolicit,
1034 2768 1346 2843 ipsumque
1385 2771 1772 2831 nihilominus

123 2850 341 2922 adjuvat
372 2856 736 2924 erogantem.
768 2857 1153 2931 Quoscunque
1180 2860 1338 2917 enim
1385 2863 1658 2919 sacerdos
1687 2861 1772 2919 ef-

126 2939 241 2997 lusa
256 2940 577 2999 charitatis
605 2941 912 3005 latitudine
933 2947 1368 3020 complectatur,
1388 2956 1572 3009 totum
1594 2951 1773 3011 simul

129 3031 410 3100 omnium,
444 3036 628 3089 totum
680 3034 1147 3110 uniuscujusque
1179 3048 1265 3095 est
1311 3040 1634 3114 sigillatim,
1667 3058 1774 3099 nec

1865 1952 2036 2010 initia
2066 1957 2522 2014 consecrationis
2552 1968 2756 2016 vestrm
2776 1960 2974 2018 divina
3003 1962 3334 2035 benignitas
3366 1962 3519 2019 felici

1867 2042 2150 2098 secundet
2199 2043 2475 2116 auspicio,
2505 2051 2562 2102 et
2591 2048 2661 2103 ad
2696 2052 3133 2107 exsecutionem
3176 2050 3522 2124 episcopalis

1868 2129 2044 2188 oflicii
2085 2147 2185 2189 vos
2214 2133 2585 2191 exuberantis
2612 2138 2813 2209 gratim
2846 2139 3059 2196 virtute
3086 2141 3413 2198 confirmet.

2670 2269 2728 2320 1¹·

1955 2395 2029 2434 An
2057 2394 2351 2436 nicanum«
2380 2392 2453 2433 D}
2489 2389 2731 2442 annau„
2762 2389 3183 2434 puetarum
3214 2391 3445 2435 1-1Νοοϋ

2564 2481 2833 2521 ΝΙΒΝΒΕΜ.

1949 2596 2106 2650 Licet
2136 2609 2240 2665 pro
2283 2592 2466 2650 latore
2512 2592 2890 2664 praesentium
2932 2595 3001 2649 Α.
3036 2599 3237 2649 vestro
3269 2606 3527 2662 presens

1877 2683 2326 2757 supplicaverim
2349 2682 2638 2749 charitati,
2666 2697 2865 2754 preces
2887 2689 3079 2738 tamen
3097 2682 3301 2738 censui
3323 2679 3531 2738 litteris

1878 2774 2339 2847 prosequendas,
2390 2777 2456 2828 ut
2497 2772 2881 2844 quantitatem
2936 2769 3209 2827 desiderii
3250 2769 3362 2827 mei
3409 2774 3529 2826 tam

1878 2865 2018 2919 vivoe
2065 2863 2218 2920 vocis
2266 2862 2610 2933 alloquium.
2644 2876 2820 2932 quam
2872 2859 3192 2917 litterarum
3245 2857 3531 2916 instantia

1881 2952 2217 3011 declararet.
2268 2951 2474 3025 Sperat
2519 2949 2615 3007 hic
2658 2947 2984 3021 impetratis
3015 2964 3049 3005 a
3096 2963 3190 3005 me
3232 2947 3464 3016 litteris,
3494 2962 3532 3005 e

1879 3041 2044 3099 vobis
2074 3042 2411 3113 impetrasse
2459 3040 2615 3111 quod
2645 3038 2919 3110 postulat,
2952 3038 3093 3109 qnia
3137 3038 3304 3109 quasi
3334 3040 3533 3094 certus

130 3118 519 3192 integritatem
543 3121 756 3179 dividit
775 3127 1227 3184 communicatio
1250 3128 1531 3199 plurium,
1557 3146 1662 3187 nec
1684 3146 1776 3188 so·
1801 3140 1845 3207 C
1883 3137 1971 3189 est
2001 3147 2200 3204 preces
2243 3146 2400 3187 meas
2429 3130 2580 3201 apud
2626 3127 2992 3184 dilectionem
3039 3130 3293 3183 vestram
3338 3128 3533 3197 optato

130 3207 411 3268 liditatem
446 3211 661 3269 minuit
691 3214 1055 3288 participatio
1093 3218 1476 3275 diversorum.
1510 3220 1607 3278 Sic
1636 3229 1722 3277 est
1753 3238 1768 3277 ε

130 3303 268 3356 totns
300 3299 414 3356 tibi
444 3299 715 3360 Christus
744 3302 1125 3376 impenditur,
1161 3313 1316 3364 totus
1355 3309 1523 3379 mihi,
1553 3311 1771 3367 totius-

129 3403 226 3460 que
254 3391 320 3448 in
350 3390 610 3448 solidum
640 3398 697 3450 te
726 3395 1081 3454 coheredem
1103 3398 1461 3458 haereditatis
1493 3403 1771 3471 admittit,

131 3493 293 3550 quam
334 3485 525 3537 totam
574 3480 721 3539 mibi
769 3483 1155 3544 nihilominus
1204 3490 1576 3561 repromittit.
1609 3493 1772 3558 Quod

128 3568 273 3626 enim
292 3570 607 3641 spirituale
626 3576 739 3641 est,
754 3589 943 3646 neque
963 3576 1233 3634 terminis
1249 3578 1773 3647 circumscribitur,

129 3672 221 3714 nee
248 3657 556 3732 aliquibus
587 3663 879 3734 augustiis
919 3672 1263 3732 coarctatur,
1294 3685 1398 3725 nec
1438 3669 1773 3742 impensum

128 3749 362 3806 rarescit
380 3750 703 3822 impendio,
723 3768 831 3810 nec
860 3756 1058 3827 aliqua
1078 3762 1263 3828 potest
1279 3759 1629 3832 integritatis
1651 3777 1776 3818 suoe

126 3838 477 3895 detrimenta
504 3840 739 3898 sentire.
770 3844 975 3901 Totum
1005 3846 1205 3918 itaque
1234 3864 1338 3919 pro
1380 3850 1539 3906 vobis
1569 3849 1778 3920 obtuli,

128 3929 305 3984 totum
338 3929 653 4000 proventui
698 3947 830 3987 meo
877 3934 1259 3994 nihilominus
1307 3940 1613 4006 reservavi,
1644 3956 1777 3997 cum

1883 3220 2220 3278 nullatenus
2253 3219 2619 3275 frustrandas
2648 3217 2874 3274 effectu.
2906 3215 3172 3288 Cumque
3202 3215 3363 3273 solua
3394 3215 3536 3273 cha-

1883 3311 2072 3368 ritatis
2116 3310 2359 3367 affectus
2408 3323 2641 3366 omnem
2673 3307 2862 3379 possit
2907 3308 3062 3364 inter
3107 3322 3215 3363 nos
3251 3306 3537 3362 formasse

1885 3401 2183 3469 fiduciam,
2214 3399 2433 3457 accedit
2463 3402 2658 3455 tamen
2690 3397 2845 3470 quod
2878 3396 3148 3453 utilitatis
3194 3400 3399 3454 vestra
3426 3395 3539 3452 de-

1883 3491 2164 3546 trimenta
2202 3505 2318 3545 non
2369 3504 2589 3560 quaer0,
2620 3486 2890 3558 quamvis
2935 3486 3120 3556 gratia
3170 3500 3300 3542 mea
3346 3488 3538 3541 vestro

1880 3577 2100 3647 judicio
2149 3576 2425 3650 quislibet
2471 3576 2725 3646 plurimo
2778 3578 3058 3647 proventu
3103 3572 3414 3645 dispendia
3444 3586 3540 3629 re-

1886 3671 2244 3739 compenset.
2275 3665 2522 3724 Facietis
2549 3664 2748 3736 itaque
2775 3679 2912 3719 cum
2943 3661 3238 3718 hilaritate
3263 3661 3419 3733 quod
3441 3675 3540 3731 pe·

1888 3756 2052 3826 titur,
2083 3762 2146 3812 ut
2174 3756 2303 3827 ipsa
2333 3753 2608 3810 facilitate
2656 3752 2846 3809 meriti
2877 3751 3179 3822 quantitas
3228 3752 3541 3821 augeatur,

1887 3845 2026 3917 quia
2053 3844 2268 3916 saepius
2313 3841 2492 3900 officii
2521 3840 2778 3897 liberalis
2826 3837 3107 3895 exhibitio
3135 3842 3298 3895 creat
3322 3835 3409 3894 vel
3439 3837 3544 3893 tir-

1890 3939 2011 3990 mat
2059 3933 2325 3989 amicitia>
2383 3930 2703 3988 veritatem.
2756 3928 2911 3984 Licet
2955 3927 3111 3983 enim
3166 3927 3296 3999 ipsa
3341 3926 3403 3984 iu
3434 3941 3544 3984 sua

129 4016 351 4073 scilieet
397 4018 632 4092 utrique
679 4022 765 4078 sic
813 4026 1053 4082 cesserit
1080 4026 1140 4084 in
1173 4026 1444 4100 salutem,
1479 4033 1543 4086 ut
1579 4035 1637 4086 et
1670 4031 1781 4087 iter

132 4109 389 4161 vestrum
425 4121 561 4163 cum
593 4110 975 4183 prosperitate
1018 4114 1314 4187 dirigeret,
1345 4122 1403 4173 et
1451 4117 1595 4173 mibi
1641 4134 1780 4191 gra-

134 4193 263 4249 tiam
294 4194 512 4251 divinae
540 4199 969 4272 propitiationis
1000 4209 1253 4276 augeret.

1889 4021 2234 4094 simpliciter
2269 4020 2521 4093 puritate
2550 4019 2852 4087 consistat,
2873 4019 3072 4072 tamen
3096 4015 3420 4073 extrinseca
3440 4015 3551 4074 fre·

1891 4115 2137 4182 quanter
2181 4109 2520 4165 accessione
2575 4104 2943 4175 distrahitur,
2994 4107 3136 4163 adeo
3201 4113 3261 4161 ut
3311 4104 3546 4175 injuriis

1891 4200 2119 4256 irritata
2141 4196 2393 4267 deficiat,
2420 4202 2479 4253 et
2510 4195 2680 4267 quasi
2712 4194 2961 4251 delinita
3011 4193 3306 4251 beneflciis
3334 4208 3547 4251 conva-

859 4290 1051 4348 xmx.
1892 4288 2095 4345 lescat.
2128 4292 2324 4348 Porro,
2363 4288 2490 4357 ipsa
2537 4284 2881 4356 plerumque
2913 4284 3030 4356 (37)
3071 4282 3368 4339 beneflciis
3413 4281 3548 4339 odia

382 4394 463 4436 an
487 4392 755 4437 nemius!
794 4395 1186 4437 macrensem
1223 4398 1500 4440 naemu.
1892 4376 2332 4449 conquiescunt,
2355 4383 2411 4431 et
2453 4373 2707 4430 mirabili
2758 4372 3087 4429 mutatione
3113 4372 3175 4428 in
3224 4370 3547 4429 contrarios

205 4474 556 4531 Benedictus
584 4472 761 4543 Deus,
784 4471 884 4544 qui
916 4472 986 4529 ad
1009 4471 1331 4545 episcopale
1351 4490 1451 4531 vos
1475 4481 1640 4531 vocat
1658 4473 1783 4531 offl-
1893 4475 2200 4523 vertuntur
2247 4465 2505 4521 affectus.
2554 4462 2858 4535 Siquidem
2907 4477 3142 4518 necesse
3192 4466 3281 4517 est
3335 4458 3546 4558 diligas

147 4562 314 4631 cium,
346 4571 402 4621 et
432 4563 504 4619 ad
534 4577 714 4619 onera
742 4566 945 4618 nostra
973 4561 1188 4634 pariter
1216 4565 1631 4634 comportanda
1653 4579 1784 4622 con-
1813 4524 1859 4591 D
1896 4572 2069 4629 quem
2101 4553 2294 4621 odisti,
2328 4553 2379 4609 si
2422 4567 2554 4608 eum
2585 4553 2655 4607 ad
2710 4550 3006 4607 meliorem
3057 4549 3325 4606 affectum
3357 4564 3392 4603 a
3421 4562 3547 4618 pri-

23 4661 31 4720 ξ
149 4649 314 4708 ducit.
336 4650 676 4709 Gaudemus
704 4649 878 4722 plane
906 4658 1092 4709 vestra
1112 4652 1184 4708 ad
1216 4653 1497 4710 honorem
1522 4654 1785 4711 debitum
1885 4647 2042 4704 atina
2063 4643 2288 4701 malitia
2308 4641 2590 4699 transisse
2607 4639 2969 4712 cognoveris,
2987 4639 3379 4710 affectumque
3392 4642 3552 4692 tuum

25 4749 31 4770 ²
151 4739 341 4796 merita
355 4740 685 4812 promoveri
703 4764 720 4805 ς
740 4740 844 4797 sed
867 4741 1089 4812 majore
1106 4741 1315 4812 gaudio
1332 4758 1786 4812 commovemur,
1886 4736 2077 4793 aliena
2098 4734 2208 4791 sibi
2238 4730 2576 4789 formidabit
2597 4728 2848 4796 affectio,
2875 4732 2940 4783 ut
2960 4742 3192 4797 semper
3210 4725 3550 4796 diligentem

34 5131 47 5156 .
153 5109 454 5164 personam
483 5114 672 5155 meam
700 5097 929 5154 bonitas
958 5103 1151 5155 vestra
1183 5098 1418 5169 speciali
1449 5116 1678 5170 semper
1707 5099 1794 5155 di·

152 4829 273 4898 quis
292 4829 649 4902 sapientiam
676 4833 932 4887 vestram
955 4847 1023 4887 ex
1053 4830 1163 4887 hoc
1183 4847 1339 4888 nuuc
1361 4835 1549 4888 totum
1569 4832 1791 4889 seimus
1888 4824 2119 4894 diligas,
2150 4828 2207 4878 et
2236 4822 2429 4878 oderis
2473 4819 2788 4876 odientem.
2819 4814 3282 4916 Oportet-igitur
3328 4816 3394 4870 ut
3438 4812 3551 4871 sibi

153 4915 490 4974 utilitatibus
517 4918 792 4976 Ecclesiae
826 4920 1171 4992 mancipari.
1204 4920 1292 4977 Me
1319 4936 1452 4978 vero
1483 4935 1791 4978 commune
1890 4913 2139 4971 invicem
2191 4911 2334 4966 bene
2403 4908 2711 4978 utriusque
2768 4908 3131 5004 conscientia
3183 4904 3555 5004 respondeat,

153 5006 412 5075 gaudium
435 5008 672 5080 justum
704 5011 795 5066 est
824 5008 1063 5081 speciali
1093 5007 1291 5065 laetitia
1320 5008 1793 5083 celebrare,quia
1892 5003 2137 5073 ideoqtffi
2164 4997 2316 5054 ultro
2345 4998 2606 5069 citroque
2652 4995 3007 5050 8b⁸0⁰nd¹tae
3034 4992 3345 5051 voluntale
3375 5008 3553 5067 &¹¹8⁰-

1898 5098 2094 5151 menta
2143 5089 2480 5162 procedant,
2530 5086 2668 5157 quia
2710 5086 2987 5157 operibus
3036 5085 3385 5143 credendum
3422 5098 3555 5141 esse

152 5182 387 5244 lectione
416 5187 729 5261 complexa
754 5192 862 5254 est,
883 5192 943 5245 et
970 5204 1077 5261 ego
1105 5188 1177 5245 ad
1207 5187 1442 5245 honoris
1467 5189 1641 5245 vestri
1670 5205 1800 5260 pro-
1897 5184 2029 5254 ipsa
2068 5197 2169 5237 nos
2227 5175 2571 5248 evangelicae
2634 5175 2902 5231 doctrina
2945 5173 3204 5275 veritatis
3253 5174 3555 5230 instruxit.

149 5281 375 5334 ventum
409 5278 549 5336 totis
574 5293 810 5349 semper
836 5278 1137 5335 desideriis
1167 5277 1457 5336 anhelavi.
1488 5278 1806 5336 Concurre—
1903 5271 2145 5342 Semper
2169 5266 2469 5338 diligentis
2500 5264 2733 5320 animus
2763 5264 2836 5320 ad
2868 5263 3109 5365 alterius
3139 5269 3225 5364 est
3274 5276 3454 5333 quam
3482 5259 3557 5318 ad

150 5368 279 5423 bant
308 5367 607 5441 siquidem
637 5366 776 5424 hinc
805 5367 942 5425 inde
988 5368 1216 5427 alterna
1246 5373 1464 5425 mutuat
1503 5366 1805 5425 charitatis
1906 5376 2015 5416 sua
2034 5366 2162 5414 vota
2187 5357 2547 5429 propensior,
2564 5358 2622 5410 et
2643 5369 2948 5427 praeveniri
2971 5352 3258 5454 desidiam
3280 5353 3559 5422 reputans

146 5455 336 5513 officia
372 5472 513 5515 cum
564 5454 710 5514 alter
758 5470 879 5514 non
925 5457 1112 5530 magis
1172 5458 1298 5516 suis
1345 5474 1520 5530 quam
1568 5457 1809 5516 alterius
1908 5454 2032 5508 tota
2060 5463 2291 5521 semper
2322 5446 2563 5504 festinat
2592 5443 2892 5516 diligentia
2923 5458 3254 5515 praevenire.

209 5638 326 5714 (ΖΠ)
347 5637 415 5695 Β.
448 5653 567 5695 cm.
602 5641 941 5714 plerumque.
