3784 6000
178 264 303 327 573

670 262 881 328 HIST.
926 265 1199 329 RERUM
1247 264 1787 328 TRANSMARtN.
1834 298 1914 313 —
1957 262 2106 324 LIB.
2150 258 2317 321 xm.
2361 256 2807 321 BALDUINUS
2846 256 2898 318 11
2947 257 3121 319 REX.

3472 256 3594 321 574

175 400 298 454 tem
330 398 393 453 in
423 414 602 455 causa
630 397 912 455 exstiterit
940 400 1093 472 quod
1125 417 1160 455 a
1189 399 1712 473 Hierosolymitano
1744 416 1839 471 pa·
1866 403 1916 467 Α
1944 396 2246 461 dominus3
2285 392 2657 463 postmodum
2689 390 2895 447 soeculo
2926 391 3291 462 renuntians,
3320 391 3590 450 habitum

172 486 435 542 triareha
474 494 855 545 consecratus
885 495 940 544 et
972 488 1024 544 ei
1055 489 1332 545 obediens
1377 490 1573 555 suerit,
1631 505 1763 544 cum
1796 505 1830 545 a

170 581 442 647 tempore
475 577 875 647 apostolorum
910 579 1186 650 usquead
1219 594 1347 634 eum
1371 578 1523 634 diem
1557 579 1830 650 Tyrensis

174 665 437 722 Ecciesia
465 665 838 722 Antiocheam
869 667 987 722 sedi
1020 667 1258 723 subdita
1312 667 1493 722 fuisse
1525 667 1831 736 dignosca-

172 758 291 824 tur,
323 770 573 826 sequens
610 755 962 828 competenti
991 755 1118 812 loco
1171 756 1524 827 subjunctus
1565 755 1830 812 edocebit

173 847 492 901 tractatus.

767 950 1001 1008 CAPUT
1051 951 1242 1009 XXIV.

176 1040 345 1095 Puteo
374 1039 857 1108 Andeoavensium
903 1056 1077 1097 comes
1117 1051 1333 1097 vocatus
1393 1040 1625 1103 accedit:
1676 1042 1832 1111 eique

244 1111 553 1238 {initiandi}
615 1113 984 1184 primogenita
1058 1115 1204 1182 reqis
1272 1114 1392 1183 fitia
1465 1116 1524 1167 in
1599 1128 1832 1168 uxorem

288 1202 322 1239 a
352 1200 442 1239 ur.

240 1292 415 1345 Anno
447 1291 711 1363 sequenti
746 1292 900 1347 circa
928 1291 1078 1348 veris
1112 1293 1391 1362 medium,
1442 1291 1530 1347 vir
1583 1290 1831 1348 illustris

175 1384 231 1436 et
259 1377 634 1452 magnificus,
676 1380 951 1436 dominus
985 1380 1153 1436 Fulco
1202 1379 1708 1453 Andegavensium
1740 1396 1833 1437 co·

176 1484 325 1536 mes,
362 1484 469 1540 pro
499 1484 613 1541 quo
644 1485 743 1525 rex
774 1469 845 1524 de
877 1470 1176 1525 communi
1211 1470 1477 1526 omnium
1509 1475 1624 1525 tam
1661 1469 1832 1526 eccle·

178 1558 557 1614 siasticorum
573 1573 746 1630 quam
763 1559 1119 1614 saecularium
1137 1559 1458 1632 principum
1472 1559 1716 1616 consilio
1732 1560 1831 1614 mi-

174 1652 353 1707 serat.
380 1647 450 1702 ad
475 1646 582 1703 hoo
603 1653 671 1703 ut
690 1647 741 1703 ei
765 1648 1063 1704 dominam
1090 1647 1455 1704 Milisendam
1477 1648 1828 1720 primogeni-

177 1740 297 1791 tam
329 1752 526 1806 suam,
562 1752 799 1793 uxorem
825 1738 1010 1806 daret,
1034 1740 1183 1809 apud
1216 1740 1599 1795 Acconensem
1627 1745 1827 1795 urbem

177 1824 873 1897 applicuitsumhonesto
888 1827 1167 1883 nobilium
1185 1829 1460 1884 comitatu
1476 1834 1824 1900 stapparatu

174 1932 327 1986 opus
357 1915 550 1985 regias
580 1916 912 1972 excedente.
947 1917 1311 1973 Venitetiam
1346 1922 1403 1973 et
1435 1934 1567 1973 cum
1608 1933 1674 1973 eo
1723 1918 1828 1974 do·

183 2003 388 2059 minus
429 2003 758 2061 willelmus
798 2006 869 2061 de
901 2006 1086 2076 Buris,
1120 2008 1313 2079 regius
1335 2006 1826 2074 constabularius,

177 2094 281 2165 qui
317 2094 524 2149 statim
564 2110 598 2150 a
656 2095 887 2152 domino
946 2112 1098 2167 rege,
1149 2097 1220 2151 de
1268 2096 1525 2152 hostium
1577 2095 1825 2152 vinculis

174 2184 413 2254 educto,
447 2186 513 2239 ad
533 2185 829 2240 citandum
855 2188 1195 2257 praedictum
1217 2185 1513 2252 comitem,
1533 2202 1663 2241 cum
1693 2185 1825 2257 qui-

178 2274 429 2329 busdam
460 2274 589 2330 aliis
624 2274 915 2331 nobilibus
938 2275 1193 2332 directus
1226 2277 1437 2331 fuerat.
1473 2275 1686 2331 Fuerat
1726 2292 1829 2330 au-

178 2371 293 2418 tem
329 2362 796 2438 abeunti-datum
826 2365 883 2419 in
918 2366 1228 2434 mandatis»,
1265 2365 1411 2421 utin
1448 2365 1643 2420 anima
1674 2364 1829 2436 regis

174 2457 233 2509 et
265 2453 431 2524 regni
457 2453 781 2524 principum
807 2453 1417 2524 confidenterjuraret,
1442 2455 1591 2524 quod
1611 2471 1679 2509 ex
1713 2471 1827 2527 quo

176 2558 428 2611 regnum
458 2559 662 2615 sospes
692 2543 1018 2614 attingeret,
1052 2544 1204 2599 infra
1237 2545 1660 2616 quinquaginta
1680 2545 1828 2611 dies,

179 2633 231 2689 ei
267 2633 660 2706 primogenita
691 2635 842 2706 regis
877 2634 994 2690 tilia
1021 2651 1153 2689 cum
1200 2650 1299 2707 spe
1327 2635 1489 2706 regni
1518 2638 1646 2705 post
1676 2635 1831 2706 regis

184 2722 444 2784 obitum,
467 2723 822 2789 traderetur3
856 2724 946 2778 cui
973 2728 1282 2795 postquam
1307 2722 1611 2793 applicuit,
1635 2723 1832 2778 stetim

189 2813 327 2868 sine
358 2811 654 2877 dilatione,
681 2814 848 2882 juxta
896 2812 1076 2880 legem
1137 2816 1460 2885 pactorum,
1521 2820 1834 2884 antequam

184 2901 495 2958 adveniret
525 2909 737 2957 sanctae
761 2906 1124 2958 pentecostes
1147 2903 1203 2958 iu
1228 2903 1491 2975 proximo
1510 2903 1718 2957 suturoe
1741 2918 1834 2957 ce-

181 2990 456 3060 lebritas,
492 2990 824 3063 praedictam
845 2991 1024 3048 filiurn
1049 3009 1217 3048 suam
1241 2991 1362 3062 lege
1386 2990 1628 3048 tradidit
1648 2996 1838 3051 mari-

182 3081 315 3148 tali,
350 3081 548 3153 eisque
607 3082 781 3139 urbes
838 3081 1123 3154 geminas,
1184 3082 1398 3153 Tyrum
1458 3081 1722 3139 videlicet
1776 3089 1833 3141 et

182 3170 634 3238 Ptolemaidem,
676 3171 732 3225 in
784 3172 903 3227 vita
958 3189 1066 3228 sua
1124 3172 1361 3226 tradidit
1420 3172 1828 3244 possidendas,

180 3276 337 3333 quas
370 3276 560 3331 usque
589 3261 657 3314 ad
692 3262 952 3330 ejusdem
987 3263 1138 3333 regis
1167 3262 1389 3315 obitum
1422 3262 1828 3332 possederunt.

180 3352 383 3407 Astitit
403 3361 594 3406 autem
628 3351 933 3422 praedictus
962 3366 1155 3407 comes
1187 3355 1466 3423 tanquam
1496 3350 1585 3406 vir
1641 3354 1832 3424 provi-

176 3438 290 3493 dus
320 3442 379 3493 et
408 3437 715 3507 discretus,
746 3437 982 3493 domino
1018 3437 1131 3510 regi
1167 3441 1284 3493 tota
1315 3438 1431 3494 vita
1462 3454 1589 3503 sua,
1640 3439 1828 3494 fideli·

178 3530 269 3581 ter
302 3529 361 3581 in
394 3527 645 3598 negotiis
683 3527 842 3584 renni
875 3528 1234 3597 ingrediens,
1266 3531 1324 3581 et
1364 3527 1688 3597 egrediens,
1724 3527 1828 3583 filii

176 3617 386 3670 devote
409 3614 661 3687 implens
682 3616 945 3671 officium
974 3632 988 3672 τ
1020 3623 1073 3671 et
1095 3632 1162 3671 ea
1179 3617 1392 3686 quibus
1415 3614 1605 3671 solent
1628 3616 1830 3671 amici-

174 3703 505 3772 comparari
531 3703 754 3771 merita,
779 3704 836 3758 in
863 3704 1157 3776 obsequiis
1181 3704 1398 3760 domiui
1433 3704 1608 3777 regis,
1644 3704 1702 3759 in
1755 3722 1823 3761 eo

174 3807 297 3849 non
332 3791 796 3849 fueruntotiosa.

789 3900 1014 3957 CAPUT
1051 3902 1219 3958 XXV.

172 3988 528 4049 Gor-mundus
600 3989 1099 4058 Hierosolymorum
1180 3989 1502 4061 patriarcha
1548 3993 1827 4057 moritur,-

246 4060 559 4131 Stepltanus
585 4065 637 4116 ei
662 4064 1039 4118 substituitur.
1065 4065 1217 4118 Inter
1269 4078 1460 4134 reqem
1509 4071 1558 4118 et
1584 4066 1828 4134 patriar-

246 4135 418 4189 cham
436 4134 768 4206 quaestiones
796 4138 1052 4189 oriuntur
1088 4134 1362 4204 difficiles.

250 4236 468 4293 Eodem
502 4254 653 4293 anno
685 4238 957 4293 dominus
980 4238 1374 4304 Gormundus,
1411 4239 1571 4294 bonze
1603 4254 1829 4294 memo-

176 4327 282 4383 τῖε
316 4326 865 4400 Hierosolymitanus
900 4328 1249 4398 patriarcha,
1284 4329 1423 4383 dum
1457 4328 1515 4384 in
1550 4343 1699 4400 pago
1739 4329 1828 4383 Si-

178 4415 451 4472 doniensi
504 4417 838 4485 praesidium
891 4417 1199 4489 quoddam,
1232 4417 1326 4472 cui
1381 4417 1684 4474 Bethasem
1718 4435 1825 4473 no·

1940 485 2238 558 religionis
2268 484 2326 538 in
2376 481 2648 554 praedicto
2700 482 2955 537 claustro
3013 483 3292 553 suscepit,
3349 483 3589 537 demum

1939 573 2395 637 suffragantibus
2412 570 2652 637 meritis,
2674 571 2741 626 att
2769 570 3024 639 regimen
3047 571 3306 640 ejusdem
3331 571 3588 628 ecclesioe

1941 669 2241 738 promotus
2272 666 2389 729 est3
2422 661 2480 714 in
2510 660 2905 715 adolescentia
2926 675 3029 714 sua
3052 658 3394 715 liberabilus
3416 658 3588 717 disci-

1940 754 2115 826 plinis
2151 749 2565 808 convenienter
2595 748 2937 805 instructus.
2971 749 3079 815 Qui
3111 764 3244 804 cum
3302 750 3583 806 orationis

1940 843 2130 915 gratia
2160 845 2216 897 et
2236 838 2564 895 devotionis
2588 838 2802 894 intuitu
2827 837 3285 910 Hierosolymam
3307 839 3587 906 venisset,

1940 932 2136 1003 ibique
2170 929 2487 986 transitum
2518 931 2882 996 exspectans,
2917 943 3138 983 moram
3168 929 3402 996 iaceret,
3455 944 3591 984 con-

1941 1022 2078 1093 tigit
2104 1021 2254 1092 quod
2283 1018 2739 1091 postexsequias
2761 1017 2976 1073 domini
3000 1017 3320 1074 Gormundi
3347 1018 3586 1088 patriar-

1941 1113 2086 1180 chae,
2108 1112 2247 1167 dum
2271 1108 2461 1167 clerus
2484 1113 2541 1164 et
2562 1107 2812 1180 populus
2840 1109 2909 1163 de
2935 1108 3339 1163 substituendo
3358 1114 3585 1179 pastore

1943 1205 2277 1269 tractarent,
2299 1198 2597 1255 communi
2618 1197 2881 1252 omnium
2904 1201 3031 1251 voto
3047 1196 3263 1252 electus
3287 1200 3395 1252 est.
3432 1196 3586 1253 Post·

1942 1307 2116 1364 quam
2149 1306 2285 1361 ergo
2316 1295 2687 1345 consecratus
2717 1295 2821 1347 est,
2854 1286 3022 1357 coepit
3054 1286 3334 1341 adversus
3392 1285 3585 1341 domi-

1942 1397 2081 1437 num
2103 1395 2298 1450 regem
2317 1377 2671 1449 quoestiones
2718 1390 2947 1431 movere
2964 1375 3263 1441 difficiles,
3297 1373 3586 1446 allegans,

1939 1473 2287 1542 joppensem
2320 1467 2609 1524 civitatem
2632 1467 2814 1536 adjus
2837 1481 3004 1521 suum
3028 1469 3083 1521 et
3105 1464 3363 1521 ecclesiae
3386 1464 3588 1521 Domi-

1944 1563 2087 1618 nicae
2119 1559 2584 1617 Resurrectionis
2613 1557 2934 1629 pertinere;
2969 1556 3274 1627 ipsamque
3323 1560 3581 1612 sanctam

1942 1653 2234 1708 civitatem
2255 1655 2382 1720 post
2398 1656 2629 1720 captam
2645 1647 2989 1703 Ascalonem
3005 1649 3206 1703 eodem
3229 1645 3587 1703 modoeccle·

1942 1743 2039 1798 siae
2058 1756 2355 1797 cessuram
2371 1785 2383 1805 ,
2401 1740 2620 1810 dejure
2639 1737 3014 1794 confirmans.
3041 1740 3169 1792 Erat
3192 1740 3387 1792 autem
3409 1734 3587 1793 homo

1940 1831 2312 1904 magnificus,
2343 1829 2402 1884 in
2438 1828 2730 1901 proposito
2753 1835 3045 1895 constans,
3069 1825 3324 1881 honestae
3348 1842 3588 1881 couver-

1935 1920 2204 1987 sationie,
2233 1921 2386 1990 juris
2419 1918 2510 1972 sui
2544 1915 2832 1972 sollicitus
2853 1920 3209 1988 prosecutor.
3243 1913 3402 1969 Unde
3433 1914 3587 1969 inter

1932 2026 2064 2065 eum
2092 2014 2149 2065 et
2169 2008 2476 2064 dominum
2499 2022 2696 2079 regem
2723 2022 2923 2070 graves
2947 2010 3157 2060 exortoe
3174 2002 3583 2058 suntinimici.

1932 2099 2058 2168 tioe3
2092 2115 2343 2171 quarum
2378 2106 2592 2162 tamen,
2626 2112 2783 2150 mors
2812 2095 3127 2149 immatura
3159 2094 3331 2149 tinem
3365 2091 3590 2147 dicitur

1934 2190 2160 2247 fecisse.
2195 2188 2339 2244 Nam
2371 2205 2486 2243 non
2526 2185 2814 2256 completo
2843 2185 3096 2251 biennio,
3131 2183 3323 2238 iurata
3346 2197 3585 2239 conces-

1933 2280 2032 2337 sit.
2054 2278 2380 2351 Opinantur
2404 2276 2694 2343 nonnulli,
2719 2292 2848 2332 eum
2869 2271 3576 2340 venenodatointeriisse;

1936 2371 2035 2426 sed
2073 2386 2175 2425 nos
2242 2383 2340 2436 pro
2400 2372 2551 2424 certo
2611 2366 2665 2421 id
2699 2371 3064 2437 compertum
3099 2380 3214 2419 non
3267 2361 3580 2418 babemus·

1935 2462 2210 2518 Traditur
2247 2465 2462 2528 tamen,
2498 2458 2653 2530 quod
2684 2457 2823 2512 dum
2858 2458 2917 2511 in
2949 2454 3094 2510 lecto
3118 2455 3588 2525 supremaedocu·

1937 2552 2104 2606 haret
2134 2547 2523 2620 aegritudinis,
2556 2551 2613 2602 et
2640 2563 2739 2602 rex
2768 2547 2839 2601 ad
2871 2562 3006 2601 eum
3038 2544 3392 2600 visitandum
3425 2545 3584 2599 esset

1938 2639 2263 2710 ingressus,
2286 2641 2345 2692 et
2372 2635 2445 2691 ab
2482 2636 2682 2690 eodem
2716 2635 2788 2690 de
2819 2635 2949 2704 ejus
2981 2637 3133 2688 statu
3169 2637 3470 2704 quaereret,
3505 2631 3589 2688 ita

1938 2726 2337 2799 responderit:
2369 2726 2460 2781 Sic
2480 2728 2560 2780 est
2605 2722 2762 2780 nobis
2792 2726 2850 2778 in
2882 2723 3163 2795 praesentae‘,
3194 2722 3410 2778 (lemine
3463 2736 3584 2793 rex,

1939 2819 2107 2873 sicuti
2136 2815 2324 2873 vultis.

2538 2937 2769 2993 CAPUT
2808 2937 3009 2993 xxvt.

1945 3036 2078 3092 Rev.
2108 3033 2355 3097 princeps
2376 3028 2757 3092 Antiochenus,
2786 3044 2958 3083 comes
2993 3027 3377 3097 Tripolitanum
3409 3040 3587 3082 comes

2017 3104 2335 3164 massanus,
2392 3102 2529 3171 fines
2585 3101 3040 3155 Damascenorum
3099 3098 3408 3166 inpreditur
3424 3114 3447 3164 ,·
3500 3097 3591 3153 sed

2011 3176 2245 3246 confusi,
2276 3177 2547 3229 exercitus
2568 3182 2721 3240 parte
2771 3174 2993 3235 amissa,
3052 3170 3302 3226 redeunt.
3359 3169 3592 3224 Moritur

2014 3247 2323 3319 Stephanus
2351 3245 2670 3316 patriarcha
2690 3261 2712 3308 ,·
2779 3244 3074 3299 Willelmus
3103 3246 3154 3297 ei
3208 3242 3586 3297 substituitur.

2010 3356 2177 3409 Anno
2208 3349 2473 3422 sequenti
2505 3350 2667 3420 Hugo
2700 3351 2771 3405 dc
2804 3348 3071 3420 Paganis,
3126 3347 3405 3420 magister
3437 3345 3587 3401 mitt-

1937 3440 2034 3495 tiae
2063 3438 2265 3509 templi
2300 3439 2547 3509 primus,
2580 3446 2628 3491 et
2657 3436 2896 3509 quidam
2918 3435 3017 3490 alii
3036 3435 3141 3491 viri
3168 3434 3445 3505 religiosi,
3479 3433 3581 3505 qui

1937 3546 1971 3585 a
2002 3528 2237 3583 domino
2267 3543 2421 3599 rege,
2454 3534 2506 3582 et
2537 3526 2668 3581 aliis
2700 3524 2864 3594 regni
2896 3524 3266 3595 principibus
3296 3524 3368 3578 ad
3422 3522 3580 3577 Occi·

1935 3617 2196 3674 dentales
2219 3616 2382 3671 missi
2401 3617 2623 3669 fuerent
2641 3613 2820 3683 princi
2834 3628 2951 3683 pes,
2967 3617 3030 3666 ut
3046 3616 3378 3666 nostrorum
3399 3610 3589 3665 subsi-

1934 3708 2097 3762 dium
2132 3705 2378 3776 populos
2419 3702 2762 3766 excitarent,
2784 3701 2925 3755 etad
2954 3700 3320 3755 obsidionem
3339 3698 3584 3753 Damas·

1936 3810 2089 3851 cenae
2122 3793 2307 3859 urbis,
2344 3795 2607 3863 potentes
2632 3789 2961 3859 specialiter
2992 3788 3331 3855 invitarent,
3367 3786 3584 3843 reversi

1934 3889 2103 3939 sunt:
2142 3882 2510 3954 plurimaque
2545 3880 2829 3936 nobilium
2856 3879 3111 3933 virorum
3146 3877 3337 3943 turba,
3379 3875 3581 3931 verbo-

1935 3989 2067 4029 rum
2102 3972 2335 4026 illorum
2384 3970 2561 4025 fldem
2620 3968 2825 4035 secuti,
2862 3969 2919 4023 in
2977 3983 3224 4038 regnum
3273 3970 3575 4022 venerant.

1935 4060 2099 4117 Unde
2129 4061 2199 4114 de
2228 4074 2428 4114 eorum
2472 4058 2675 4113 contisi
2704 4057 2923 4112 viribus
2968 4062 3024 4112 et
3079 4073 3275 4128 opera,
3324 4073 3392 4111 cx
3440 4070 3578 4112 con-

1936 4150 2089 4205 dicto
2120 4152 2520 4204 convenerunt
2548 4162 2750 4201 omnes
2782 4146 3036 4201 Orientis
3066 4144 3377 4200 Christiani
3413 4144 3575 4217 prin-

1935 4239 2095 4310 cipes
2126 4238 2439 4307 ;dominus
2471 4236 2742 4292 videlicet
2774 4252 2869 4292 rex
2899 4235 3241 4302 BalduinuS,
3294 4234 3574 4290 dominus

1935 4327 2108 4384 Fulco
2151 4343 2348 4383 comes
2372 4325 2900 4398 Andegavensium,
2935 4326 3206 4380 dominus
3227 4325 3467 4380 Pontius
3491 4339 3576 4380 co·

1935 4433 2058 4473 mes
2078 4416 2789 4486 Tripolitanus‚dominus
2817 4413 3580 4484 Boamundusjuniorprin·

178 4521 337 4572 men,
383 4506 670 4572 obsderet,
729 4506 881 4578 quod
940 4523 971 4559 a
1031 4506 1386 4578 quibusdam
1450 4506 1825 4562 detinebatur
1858 4507 1905 4574 D
1934 4521 2071 4579 ceps
2114 4504 2534 4573 Antioc-benus,
2568 4505 2843 4561 dominus
2873 4504 3201 4561 Joscelinus
3235 4502 3447 4570 senior,
3486 4518 3579 4557 co-

177 4595 577 4668 praedonihus,
613 4595 817 4651 mortis
848 4613 1019 4651 causa
1052 4595 1311 4660 collecta,
1340 4595 1667 4667 egritudine
1697 4612 1822 4652 cor·

176 4688 387 4754 reptus
417 4681 626 4738 valida.
662 4684 937 4739 Sidonem
969 4684 1303 4752 deportatus
1335 4688 1458 4737 est:
1519 4683 1613 4738 ubi
1662 4682 1821 4739 inva-

174 4771 437 4828 lescente
458 4772 824 4845 oegritudine3
856 4772 1180 4829 conditioni
1216 4772 1551 4829 mortalium
1601 4773 1822 4828 satisfa-

174 4862 369 4924 ciens,
401 4861 553 4915 viam
598 4864 879 4917 universes
917 4860 1112 4917 carnis
1167 4860 1464 4931 ingressus
1519 4867 1631 4930 est,
1689 4878 1820 4918 cum

177 4949 719 5022 Hierosolymitanae
746 4951 911 5021 quasi
948 4966 1046 5022 per
1068 4967 1252 5007 annos
1275 4951 1473 5006 decem
1498 4952 1827 5022 praetuisset

176 5038 461 5096 ecclesia.
491 5040 593 5096 Cui
626 5039 978 5096 substitutus
1008 5044 1097 5096 est
1120 5041 1207 5096 vir
1227 5039 1470 5113 quidam
1499 5042 1824 5097 secundum

178 5145 419 5186 carnem
453 5129 686 5195 nobilis,
712 5130 812 5185 sed
834 5130 952 5186 vita
980 5134 1038 5185 et
1062 5129 1321 5186 moribus
1346 5130 1529 5186 multo
1552 5130 1823 5195 nobilior,

179 5217 520 5289 Stephanus
552 5218 807 5285 nomine,
829 5219 1008 5274 abbas
1029 5219 1222 5273 Sancti
1243 5218 1490 5274 Joannis
1521 5219 1593 5274 de
1615 5218 1826 5288 Valles,

179 5306 285 5380 qui
319 5306 482 5362 locus
512 5307 568 5362 in
596 5308 739 5363 urhe
767 5309 1105 5363 Carnotrnsi
1133 5308 1394 5362 babetur.
1450 5308 1575 5362 Erat
1633 5317 1825 5363 autem

177 5399 310 5470 ipse
332 5397 707 5454 Caruotensis
730 5414 959 5470 genere,
978 5399 1196 5454 domini
1223 5401 1372 5458 regis
1396 5397 1662 5453 Baldnini
1683 5415 1829 5454 con-

178 5488 564 5558 sanguineus.
594 5486 695 5541 Hic
720 5487 985 5557 ejusdem
1018 5488 1295 5555 civitatis,
1329 5492 1464 5542 ante
1492 5487 1826 5545 conversio·

180 5591 320 5632 nem
352 5590 545 5643 suam,
576 5575 637 5632 in
660 5574 913 5647 equestri
934 5575 1137 5632 ordine
1164 5580 1221 5632 et
1248 5573 1449 5633 babitu
1473 5577 1658 5634 tuerat
1672 5576 1826 5635 vioe-

1933 4614 2057 4652 mes
2090 4598 2458 4652 Edessanus:
2493 4593 2548 4649 hi
2581 4611 2788 4651 omnes
2821 4594 3253 4649 communicato
3308 4588 3574 4657 consilio,

1933 4686 2188 4743 collectis
2220 4686 2480 4756 undique
2528 4686 2710 4756 copiis
2771 4682 3119 4737 militaribus
3169 4686 3225 4735 ct
3292 4678 3574 4735 subsidiis

1932 4781 2285 4832 convocatis.
2315 4775 2619 4829 instructis
2679 4771 3014 4842 agminibus
3071 4769 3328 4824 certatim
3378 4782 3583 4841 prope-

1934 4869 2086 4933 rant,
2113 4869 2175 4918 ut
2197 4863 2483 4934 egregiam
2508 4868 2566 4916 et
2588 4861 2838 4917 nobilem
2863 4863 3352 4916 Damascenorum
3375 4859 3576 4913 civita·

1936 4960 2051 5006 tem
2082 4951 2409 5019 obsideant,
2435 4952 2852 5020 obsessamque
2884 4955 2985 5005 aut
3014 4950 3294 5006 violenter
3325 4950 3396 5004 ad
3428 4945 3579 5005 dedi·

1934 5041 2155 5096 tionem
2196 5039 2573 5111 compellant,
2607 5038 2909 5095 autarmis
2931 5038 3200 5094 cominus
3223 5043 3578 5111 expugnent.

1937 5130 2048 5188 Sed
2078 5128 2258 5185 tantis
2289 5128 2617 5196 conatibus,
2660 5143 2730 5183 ex
2757 5127 3005 5194 occulto,
3037 5129 3192 5200 justo
3221 5133 3437 5194 tamen,
3480 5128 3568 5198 ju·

1937 5220 2089 5276 dicio
2119 5219 2314 5275 divina
2344 5218 2594 5274 occurrit
2626 5218 2989 5289 providentia
3028 5238 3042 5286 ς
3080 5234 3210 5273 nam
3241 5233 3371 5272 cum
3435 5215 3579 5270 ssnes

1940 5311 2426 5365 Damascenorum
2463 5309 2774 5379 prosperis,
2807 5307 2922 5363 Deo
2944 5308 3108 5368 duce.
3140 5307 3329 5361 adhuc
3359 5321 3576 5361 succes·

1937 5399 2097 5452 sibus
2126 5399 2477 5469 attigissent,
2509 5399 2910 5469 pervenientes
2943 5399 3009 5452 ad
3046 5396 3259 5465 locum,
3292 5395 3392 5468 qui
3435 5394 3575 5451 dici-

1937 5495 2032 5542 tur
2060 5487 2489 5560 Mergesaphar,
2523 5493 2866 5558 sepaverunt
2893 5503 2951 5542 se
2996 5486 3068 5541 ab
3127 5486 3375 5542 exercitu
3429 5486 3579 5544 inte-

1938 5576 2109 5633 rioris
2128 5592 2341 5634 manus
2364 5575 2654 5644 homines,
2678 5576 2890 5650 quibus
2913 5576 2972 5632 in
2991 5577 3274 5633 castrisid
3295 5574 3581 5633 soletesse
