3784 6000
174 263 287 327 531

1240 253 1669 320 GUILLE'LMI
1711 251 2103 317 TYRENSIS
2149 251 2514 317 Attumne.

3407 226 3414 231 ’
3467 250 3589 312 sss

171 409 258 461 est
287 406 634 474 susceptus;
669 402 900 459 ubitam
926 415 1060 456 cum
1093 398 1220 455 suis
1251 413 1426 470 quam
1456 410 1586 451 cum
1626 393 1696 449 iis
1717 391 1820 464 qui
1851 392 1908 458 Α
1937 392 2235 461 pedestres
2294 389 2630 463 manipulos
2657 389 2718 446 ln
2777 388 2970 447 medio
3000 388 3172 445 locat.
3193 387 3314 444 Rex
3361 389 3591 456 autem,

171 490 243 549 de
264 494 535 562 praedicto
565 492 764 564 praelio
814 492 1044 547 fuerant
1082 487 1321 554 residui,
1354 486 1823 543 deliberationem

169 578 491 652 ingressus,
525 580 763 653 quaerito
786 581 921 652 quid
950 581 1008 634 in
1039 595 1106 634 eo
1137 581 1313 634 tantas
1331 573 1689 632 necessitatis
1710 574 1821 627 im·

173 667 418 725 minenti
446 669 686 725 articulo
717 669 902 739 magis
932 667 1219 738 expediat.
1250 666 1477 721 Interea
1523 663 1710 724 Gazzi,
1740 663 1823 719 di-

172 755 372 813 missis
401 756 633 829 oppidis
655 757 800 813 Eme
828 761 886 813 et
913 757 1162 824 Artasio,
1184 757 1461 826 Cerepum
1486 752 1733 818 obsidet,
1758 767 1824 808 ea

171 843 362 916 magis
384 843 619 914 fiducia,
651 847 803 918 quod
818 844 1064 901 Alanum
1098 843 1360 915 eJusdem
1383 840 1494 897 loci
1521 839 1820 895 dominum

171 948 305 989 eum
338 934 621 991 comitatu
654 950 758 991 suo
790 951 823 990 a
875 933 1113 991 domino
1163 947 1293 1002 rege
1336 929 1600 987 audierat
1629 930 1827 987 Antio·

170 1022 367 1082 chiam
413 1030 750 1092 evocatum:
783 1023 936 1095 quod
995 1028 1052 1079 et
1090 1037 1291 1078 verum
1334 1024 1474 1078 erat.
1526 1020 1824 1075 accedens

170 1128 310 1185 ergo
339 1113 411 1168 ad
443 1112 799 1184 praesidium,
823 1117 880 1169 et
911 1111 1103 1167 locum
1129 1112 1482 1183 imparatum
1507 1108 1821 1181 reperiens,

172 1216 244 1258 ex
272 1201 521 1259 diversis
551 1202 816 1275 partibus
867 1201 1120 1258 fossores
1168 1200 1457 1268 immittit,
1489 1199 1588 1270 qui
1617 1197 1825 1254 collem

173 1290 267 1346 eni
290 1291 629 1361 praedictum
678 1289 965 1348 insidebat
1005 1290 1394 1363 municipium
1447 1288 1822 1353 suffoderent,

172 1379 559 1452 trabibusque
588 1379 936 1451 subnexum,
970 1380 1089 1451 igni
1123 1383 1325 1453 postea
1367 1378 1669 1451 supposito
1701 1393 1828 1433 oon·

174 1467 502 1537 sumendis,
533 1472 727 1525 turres
773 1468 1164 1541 superpositas
1222 1476 1276 1524 et
1307 1466 1537 1535 moenia,
1588 1467 1828 1522 cedente

177 1572 404 1630 aggere,
434 1558 507 1614 ad
561 1561 776 1614 terram
830 1558 1125 1629 dejiceret.
1156 1556 1450 1613 Timentes
1505 1571 1641 1625 ergo
1671 1554 1832 1627 oppi-

177 1645 336 1717 dani,
367 1661 442 1703 ne
470 1646 722 1703 suffosso
756 1661 961 1717 aggere
1011 1650 1193 1702 totum
1230 1644 1564 1718 praesidium
1597 1644 1656 1700 in
1682 1661 1826 1716 prae·

1935 481 2066 537 aliis
2096 482 2420 537 subsidium
2472 480 2933 545 ministraturus.
2955 495 3090 538 cum
3117 484 3370 549 quatuor
3399 477 3594 548 sequi-

1934 575 2030 626 tur
2045 569 2676 642 aciebus.Dumquesie
2689 569 2959 626 instructi
2977 568 3235 625 hostium
3267 569 3589 625 adventum

1933 662 2295 730 exspectant,
2319 674 2450 716 ecce
2503 659 2718 714 adsunt
2755 672 2890 714 cum
2949 656 3174 729 ingenti
3215 656 3494 725 clamore,
3536 661 3596 714 et

1933 763 2067 804 cum
2116 747 2366 805 stridore
2421 748 2701 804 tubarum
2765 751 2822 803 et
2861 751 3271 818 tympanorum
3313 746 3593 819 strepitu,

1936 837 2300 895 atrocissime
2320 837 2380 893 in
2405 841 2634 893 nostros
2653 837 2963 893 irruentes.
2996 836 3134 892 Erat
3162 843 3360 892 autem
3389 852 3593 893 eorum

1938 929 2126 997 major
2155 927 2214 983 in
2242 927 2468 983 infinita
2497 925 2871 983 multitudine
2886 925 3104 982 fiducia
3124 925 3590 992 3u0strisautem

1935 1015 1995 1071 in
2030 1017 2338 1088 prasentia
2380 1016 2870 1073 victoriosissimae
2927 1015 3137 1086 crucis,
3162 1019 3223 1072 st
3257 1014 3322 1071 in
3362 1016 3596 1073 confes·

1935 1104 2100 1162 sione
2127 1121 2275 1162 verse
2325 1104 2456 1161 fidei
2517 1121 2653 1177 spes
2681 1103 2936 1175 amplior
2962 1113 3015 1159 et
3047 1103 3413 1162 indeficiens.
3436 1105 3591 1162 Con-

1936 1195 2108 1252 sertis
2128 1195 2307 1266 igitur
2361 1195 2597 1252 aciebus
2621 1201 2676 1251 et
2705 1194 2982 1251 immistis
3018 1194 3305 1251 hostiliter
3346 1192 3592 1268 legioni-

1935 1283 2069 1355 bus,
2100 1284 2314 1357 gladiis
2345 1285 2620 1341 cominus
2639 1284 2831 1357 agitur
2855 1303 2869 1354 ς
2897 1287 2955 1339 et
2973 1284 3186 1356 spretis
3204 1283 3594 1341 humanitatis

1937 1373 2183 1446 legibus,
2198 1379 2479 1445 tanquam
2504 1374 2563 1430 in
2587 1375 2737 1430 feras
2759 1373 3230 1430 immanissimas
3252 1375 3594 1432 ardentibus

1938 1463 2174 1531 studiis,
2206 1466 2263 1519 et
2319 1463 2451 1519 odio
2516 1462 2834 1519 insatiabili
2919 1462 3194 1535 utrinque
3241 1464 3591 1544 decertatur.

1938 1552 2201 1624 Cumque
2232 1552 2660 1625 manipulorum
2693 1561 3024 1610 nostrorum
3067 1552 3426 1624 pedestrium
3460 1570 3593 1626 pro-

1942 1649 2156 1698 tervam
2185 1645 2241 1697 et
2274 1641 2656 1714 periculosam
2706 1642 2882 1697 nimis
2911 1645 3333 1713 cognoscerent
3363 1641 3595 1699 instan-

179 1749 315 1803 eeps
363 1738 577 1803 rueret,
610 1734 970 1805 interpositis
1025 1734 1462 1790 conditionibus
1521 1733 1591 1788 de
1624 1733 1741 1788 vita
1773 1739 1825 1787 et
1861 1760 1910 1827 B
1937 1730 2105 1799 tiam,
2140 1731 2276 1787 totis
2318 1731 2543 1787 viribus
2593 1732 2663 1786 ad
2705 1730 3180 1788 exterminandas
3235 1732 3595 1803 pedestrium

177 1820 593 1889 incolumitate,
627 1829 679 1877 et
708 1821 889 1878 libero
917 1823 987 1877 ad
1019 1838 1179 1894 ‚suos
1237 1822 1452 1888 reditu,
1484 1821 1679 1878 locum
1720 1826 1833 1876 tra·

183 1907 354 1965 dunt.
386 1910 554 1966 Gazzi
594 1926 726 1966 vero
772 1910 903 1966 inde
953 1910 1025 1966 ad
1075 1915 1331 1966 castrum
1364 1914 1653 1967 Sat-donas
1680 1910 1833 1966 acies

183 1997 465 2070 dirigens,
496 1998 798 2055 obsidione
827 1998 1021 2056 locum
1055 1999 1251 2068 vallat,
1275 2016 1452 2072 quam
1478 1999 1651 2056 etiam
1684 2001 1835 2055 intra

186 2100 401 2158 paucos
432 2085 578 2156 dies,
611 2088 975 2144 tradentibus
1003 2104 1137 2143 eum
1172 2087 1277 2144 loci
1313 2089 1579 2159 ejusdem
1612 2088 1840 2145 habita-

185 2174 429 2245 toribus,
459 2175 663 2233 eodem
693 2176 865 2233 modo
893 2177 1101 2247 recepit
1132 2195 1146 2247 ;
1172 2194 1465 2250 moraeque
1504 2177 1836 2249 impatiens,

189 2278 375 2336 eoque
406 2264 679 2331 maxims,
711 2267 867 2337 quod
900 2267 1190 2322 neminem
1223 2267 1335 2321 sibi
1370 2267 1638 2322 resistere
1672 2282 1841 2337 posse

190 2351 605 2420 arbitrabatur,
638 2358 912 2409 cunctam
945 2370 1047 2425 pro
1076 2354 1316 2410 arbitrio
1344 2356 1624 2411 tractabat
1658 2356 1845 2427 regio-

194 2454 352 2506 nem,
382 2440 464 2496 ita
478 2441 632 2512 quod
663 2440 826 2497 nulla
849 2442 1547 2514 spesessetflnitimorum
1582 2443 1841 2500 locorum

196 2526 405 2585 incolis
424 2527 636 2601 jugum
666 2529 819 2585 tanti
848 2530 1128 2602 principis
1158 2533 1459 2588 evadendi.

819 2651 1054 2710 CAPUT
1093 2654 1220 2710 ΧΠ.

199 2743 317 2800 Rex
344 2755 469 2796 cum
516 2740 707 2797 eodem
732 2743 947 2808 comite,
978 2759 1101 2799 cum
1124 2742 1392 2813 praedicto
1422 2742 1596 2801 Gaui
1622 2760 1849 2818 conpre-

271 2810 544 2882 ‹fiuntur-3
575 2818 630 2868 et
659 2827 722 2868 ee
740 2815 798 2868 in
854 2815 1043 2885 [aqam
1094 2831 1263 2884 verso,
1294 2817 1438 2871 acies
1465 2817 1583 2885 eius
1612 2822 1848 2886 proster-

273 2891 437 2951 nunt,
493 2883 745 2954 pluribus
802 2886 1147 2958 interemptis
1165 2905 1185 2953 ,·
1216 2890 1448 2959 reqique
1500 2888 1848 2961 principatus

276 2970 410 3012 cura
438 2957 828 3013 committitur.

272 3063 392 3121 Rex
420 3068 616 3121 autem
645 3081 775 3121 cum
807 3066 1038 3134 comite,
1070 3074 1124 3122 et
1191 3066 1402 3123 militia
1447 3071 1720 3139 quantam
1750 3068 1851 3124 ha.

1943 1822 2165 1875 turmas
2193 1819 2594 1877 elaborabant.
2627 1824 2982 1891 Factumque
3028 1825 3138 1889 est,
3182 1820 3437 1878 Domino
3469 1838 3601 1893 per-

1946 1909 2234 1976 mittente,
2259 1912 2321 1964 ut
2350 1926 2414 1966 ex
2452 1909 2705 1980 plurima
2736 1913 2896 1979 parte
2930 1924 2999 1966 ea
3039 1909 3152 1979 die,
3185 1909 3444 1967 hostium
3477 1911 3602 1983 gla-

1945 1997 2060 2052 diis
2090 1997 2436 2069 deperirent.
2465 2001 2580 2054 Rex
2613 2002 2806 2053 autern
2839 1998 3042 2053 videns
3076 1999 3373 2069 pedestres
3406 2000 3600 2055 mani-

1948 2087 2118 2158 pulos
2150 2103 2327 2159 supra
2357 2087 2509 2143 vires
2562 2087 2886 2159 aggravari,
2938 2087 3211 2158 aciesque
3260 2089 3601 2156 pra-missas

1949 2175 2213 2232 subsidio
2270 2177 2554 2248 indigere,
2585 2193 2715 2233 cum
2766 2177 2890 2232 suis
2938 2178 3034 2248 qui
3104 2176 3158 2233 ei
3199 2177 3601 2248 adhaerebant,

1952 2281 2171 2336 pronus
2200 2266 2355 2321 inter
2385 2267 2573 2321 media
2604 2266 2720 2321 ruit
2766 2266 3023 2337 agmina,
3050 2270 3110 2322 et
3137 2267 3333 2338 gladio
3364 2268 3599 2325 instans

1953 2353 2298 2424 animosius,
2334 2354 2718 2411 densissimos
2763 2354 3024 2411 hostium
3058 2355 3309 2428 dissipat
3337 2373 3595 2425 cuneos;

1954 2443 2503 2516 adhaerentibusque
2549 2445 2601 2501 ei
2642 2445 2891 2502 fideliter
2938 2444 3278 2503 earumdem
3341 2448 3597 2505 acierum

1955 2533 2343 2601 consortibus,
2377 2538 2431 2589 et
2454 2534 2584 2590 aliis
2608 2536 2728 2605 Jam
2762 2529 3079 2604 destitutis,
3109 2535 3258 2591 vires
3287 2540 3345 2591 et
3373 2538 3602 2595 animos

1955 2620 2149 2677 verbis
2199 2629 2252 2677 et
2299 2622 2561 2694 exemplo
2603 2623 3059 2693 conferentibus,
3119 2623 3486 2682 unanimiter
3541 2627 3599 2682 in

1956 2709 2155 2765 hostes
2182 2709 2448 2779 irruunt3
2482 2714 2538 2767 et
2566 2711 2828 2768 invocato
2861 2713 2931 2767 de
2960 2711 3120 2769 coelis
3151 2712 3386 2783 auxilio,
3414 2714 3601 2771 adfuit

1956 2799 2154 2856 divina
2178 2799 2503 2870 clementia,
2535 2807 2592 2856 et
2627 2801 2783 2858 facta
2834 2802 3094 2858 hostium
3126 2807 3320 2874 strage
3349 2803 3598 2873 infinita,

1957 2887 2211 2959 reliquos
2240 2890 2504 2946 resistere
2535 2905 2647 2945 non
2695 2890 2959 2948 valentes
2994 2889 3054 2947 in
3109 2891 3308 2963 rugam
3338 2898 3596 2951 vertunt.

1958 2977 2239 3034 Dicuntur
2260 2978 2339 3035 ihi
2370 2978 2439 3035 de
2470 2978 2688 3036 nostris
2718 2979 3012 3051 peditibus
3041 2980 3209 3052 quasi
3242 2981 3600 3055 septingenti

1956 3065 2253 3136 cecidisse,
2288 3067 2360 3122 de
2409 3067 2705 3139 equitibus
2755 3083 2882 3125 vero
2919 3073 3178 3127 centum.
3235 3071 3301 3124 At
3355 3085 3492 3127 vero
3527 3070 3599 3127 de

198 3151 336 3209 bere
387 3157 630 3224 poterat,
664 3170 934 3227 egressus
990 3155 1315 3223 Antiochia,
1341 3161 1556 3228 putans
1599 3174 1661 3213 se
1691 3158 1842 3227 apud
1876 3129 1927 3195 G
1959 3156 2211 3211 hostiurn
2236 3171 2476 3213 numero
2500 3172 2687 3227 usque
2726 3158 2796 3212 ad
2830 3162 3080 3228 quatuor
3109 3156 3309 3219 millia,
3341 3158 3600 3231 exceptis

197 3240 479 3312 Gerepum
532 3241 728 3298 hostes
792 3243 1071 3312 invenire,
1098 3259 1298 3300 versus
1356 3244 1606 3318 Rugiam
1640 3246 1844 3317 dirigit

196 3329 630 3400 expeditiones:
663 3330 798 3386 inde
829 3331 952 3387 Hab
983 3333 1400 3403 pertransiens,
1435 3334 1494 3389 in
1528 3339 1724 3391 monte
1745 3330 1845 3407 qui

196 3418 412 3476 dicitur
469 3419 675 3476 Danim
730 3425 1183 3478 castrametatus
1235 3427 1339 3479 est.
1384 3425 1546 3490 Quod
1602 3424 1845 3483 audiens

195 3506 386 3576 Gaesi,
417 3510 748 3565 convocatis
778 3510 1141 3584 principibus
1189 3512 1334 3582 suis,
1364 3513 1473 3569 sub
1505 3513 1845 3571 intermina·

194 3597 354 3654 tione
385 3598 590 3654 mortis
640 3599 920 3671 praecipit,
956 3606 1020 3655 ut
1068 3606 1297 3657 noctem
1347 3600 1512 3658 illam
1569 3605 1845 3661 ducentes

194 3684 548 3754 insomnem,
579 3688 759 3744 armis
815 3693 872 3745 et
914 3690 1082 3761 equis
1109 3706 1241 3746 eum
1273 3707 1505 3747 summa
1542 3692 1846 3765 diligentia

193 3775 581 3847 procurandis
595 3780 772 3832 totam
788 3776 1131 3848 impendant
1155 3796 1169 3847 ;
1189 3795 1423 3836 summo
1440 3780 1696 3838 diluculo
1714 3788 1846 3839 ante

192 3860 345 3917 lucis
376 3867 641 3920 exortum
700 3865 978 3921 attentius
1015 3867 1346 3939 praeparati,
1380 3868 1439 3923 in
1472 3874 1664 3925 castra
1693 3872 1845 3941 regis

192 3948 444 4017 irruant,
476 3955 532 4007 et
560 3966 660 4007 eos
681 3953 1076 4009 somnolentos
1102 3955 1294 4011 adhuc
1315 3956 1698 4026 invenientes,
1724 3961 1846 4030 gla-

193 4034 305 4093 diis
336 4039 698 4106 confodiant3
732 4040 812 4095 ita
857 4048 917 4096 ut
966 4058 1070 4097 nec
1109 4042 1194 4098 vel
1256 4045 1356 4099 uni
1396 4048 1643 4101 mortem
1674 4046 1845 4103 liceat

190 4126 463 4198 effugere.
488 4129 559 4183 At
583 4143 720 4184 vero
779 4129 970 4185 divina
1028 4133 1197 4204 longe
1256 4134 1425 4190 aliter
1482 4136 1847 4194 ordinaverat

194 4213 523 4272 clementia.
558 4216 679 4271 Rex
700 4222 893 4274 autem
926 4235 1057 4277 cum
1077 4222 1196 4278 suis
1219 4239 1332 4280 non
1357 4227 1688 4283 remissiore
1705 4244 1847 4284 cura

193 4302 503 4374 sollicitus,
538 4310 766 4363 noctem
795 4310 1082 4380 eamdem,
1115 4315 1179 4367 ut
1227 4314 1298 4368 de
1330 4314 1526 4375 futuro
1551 4317 1701 4374 bello
1726 4324 1844 4375 tra·

193 4395 376 4449 otaret
427 4394 776 4463 necessaria,
816 4397 978 4453 ducit
1037 4399 1420 4472 pervigilem;
1472 4412 1744 4463 monente
1792 4414 1847 4464 et

1956 3244 2172 3299 sauciis
2204 3244 2494 3299 lethaliter
2523 3249 2579 3300 et
2609 3246 2992 3317 compedibus
3024 3247 3394 3317 mancipatis.
3427 3246 3597 3304 Gaxsi

1955 3348 2087 3388 vero
2121 3333 2348 3404 fugiens
2378 3349 2509 3389 cum
2543 3334 2907 3406 Doldequino
2938 3351 3070 3408 rege
3101 3334 3597 3394 Damascenorum

1954 3423 2011 3474 et
2040 3419 2246 3476 Debeis
2295 3420 2549 3476 Arabum
2595 3422 2877 3494 principe,
2920 3439 3027 3478 suo
3086 3424 3253 3479 morti
3302 3427 3596 3496 expositos

1956 3506 2285 3580 dereliquit.
2330 3511 2554 3566 Nostris
2612 3516 2804 3566 autem
2844 3511 3271 3568 insectantibus
3293 3513 3443 3570 etad
3475 3513 3600 3571 loca

1953 3597 2111 3653 varia
2135 3599 2475 3678 progressis.
2492 3615 2588 3655 rex
2616 3615 2751 3656 cum
2784 3600 2981 3670 paucis
3000 3616 3273 3672 campum
3302 3601 3600 3671 obtinens,

1959 3702 2144 3757 usque
2174 3688 2243 3742 ad
2283 3688 2504 3760 primas
2545 3689 2731 3745 noctis
2774 3694 2962 3759 partes
2992 3689 3050 3745 in
3090 3706 3157 3747 eo
3196 3692 3600 3761 perseveravit.

1955 3776 2216 3832 Tandem
2276 3778 2618 3834 victualium
2677 3783 2918 3851 urgente
2964 3779 3214 3847 defectu,
3241 3781 3301 3838 in
3335 3783 3602 3838 vicinum

1955 3866 2257 3937 oppidum,
2291 3866 2413 3923 Hab
2446 3868 2700 3936 nomine,
2725 3868 2914 3941 gratia
2945 3868 3273 3928 refectionis
3297 3872 3598 3929 sumendo

1956 3971 2018 4011 se
2037 3956 2305 4014 contulit.
2329 3956 2489 4013 Unde
2509 3973 2677 4014 mane
2708 3960 2879 4026 sacto,
2905 3959 2974 4015 ad
3000 3960 3344 4032 praedictum
3368 3962 3604 4019 rediens

1955 4061 2227 4117 campum
2258 4046 2515 4114 nuntios,
2545 4062 2673 4103 cum
2736 4047 2950 4104 annulo
2997 4049 3249 4122 proprio,
3275 4050 3337 4106 in
3377 4055 3603 4108 certum

1956 4135 2191 4207 signum
2226 4135 2496 4204 victoriae,
2528 4138 2599 4193 ad
2623 4153 2879 4194 sororem
2901 4153 3069 4194 suam
3101 4142 3158 4194 et
3186 4139 3259 4195 ad
3292 4140 3602 4198 dominum

1957 4224 2344 4296 patriarcham
2391 4225 2608 4297 dirigit,
2651 4226 3003 4297 significans,
3043 4227 3241 4284 divtna
3275 4229 3604 4301 opitulante

1955 4315 2161 4386 gratia,
2183 4315 2434 4371 victoriae
2457 4332 2675 4373 munus
2719 4317 2827 4373 sibi
2871 4317 3150 4375 divinitus
3178 4317 3492 4378 collatum.
3520 4321 3603 4378 Ea

1956 4406 2154 4459 tamen
2187 4405 2279 4461 die
2313 4422 2497 4478 usque
2527 4407 2597 4463 ad
2627 4421 2960 4479 supremam
2989 4423 3293 4481 vesperam
3318 4426 3598 4483 campum

190 4480 536 4540 exhortante
563 4483 841 4556 populum
898 4486 1023 4544 viro
1084 4490 1396 4546 venerabili
1442 4493 1606 4565 signo
1648 4496 1840 4552 erucis
1874 4499 1918 4564 D
1953 4508 2065 4547 non
2108 4493 2384 4562 deseruit,
2416 4495 2798 4567 quoadusque
2828 4511 3061 4553 rumore
3102 4500 3257 4554 certo
3297 4499 3374 4555 de
3403 4498 3600 4556 hosti-

191 4570 854 4642 Dominicae,dominum
916 4592 1110 4649 regem
1162 4595 1348 4650 usque
1378 4582 1448 4636 ad
1494 4592 1686 4654 partes
1714 4584 1842 4643 illas

190 4657 373 4716 suerat
410 4667 769 4732 prosecutus.
794 4666 1013 4721 Armati
1036 4667 1233 4739 igitur,
1266 4671 1321 4723 et
1350 4671 1422 4724 ad
1454 4670 1674 4728 bellum
1706 4691 1835 4731 sus-

189 4749 522 4822 cipiendum
557 4752 797 4810 accincti
830 4754 1092 4826 viriliter,
1126 4773 1357 4814 summo
1381 4775 1550 4816 mane
1577 4761 1834 4821 bostium

189 4841 608 4910 exspectabant
636 4843 866 4901 suturas
912 4847 1185 4917 impetus.
1221 4849 1531 4920 Dispositis
1553 4852 1729 4923 igitur
1760 4855 1832 4912 de

185 4928 448 4985 mandato
501 4931 674 5003 regis,
727 4934 898 5005 juxta
953 4935 1035 4991 rei
1112 4936 1377 4995 militaris
1426 4938 1825 5013 disciplinam,

189 5014 428 5073 aciebus
485 5035 689 5077 novem
749 5023 909 5096 (nam
977 5026 1380 5098 septingentos
1457 5030 1515 5086 in
1582 5047 1648 5087 eo
1697 5049 1834 5089 con·

188 5101 351 5161 flictu
383 5105 601 5163 dicitur
657 5108 932 5169 babuisse
978 5115 1216 5184 milites)
1241 5121 1295 5174 et
1349 5120 1549 5176 ordine
1578 5137 1832 5190 congruo

185 5194 499 5265 collocatis,
563 5200 788 5255 Domini
881 5203 1286 5273 praestolantur
1348 5209 1828 5268 misericordiam.

188 5281 509 5341 Praemissis
573 5287 753 5360 igitur
820 5290 1004 5347 tribus
1086 5293 1321 5352 aciebus
1395 5313 1523 5369 que
1591 5299 1830 5370 agmina

186 5371 456 5429 universa
527 5378 941 5449 praecederent‚
1008 5381 1245 5439 domino
1311 5401 1546 5459 quoque
1621 5390 1830 5446 comite

185 5459 559 5533 Tripolitano,
590 5482 723 5523 cum
755 5469 877 5525 suis
910 5470 1177 5527 dextrum
1200 5489 1380 5531 cornu
1394 5480 1645 5545 tenente,
1665 5479 1829 5551 prin·

190 5548 421 5621 cipibus
475 5569 606 5613 vero
654 5557 1033 5616 Antiochenis
1090 5560 1149 5617 in
1217 5563 1456 5623 sinistro
1504 5567 1822 5641 collocatis,

1954 4580 2063 4637 bus
2106 4583 2324 4652 habito,
2343 4584 2494 4655 quod
2520 4583 2579 4639 in
2601 4585 3025 4657 dispersionem
3049 4586 3192 4657 dati,
3215 4586 3458 4644 mdituri
3481 4603 3601 4646 non

1943 4678 2129 4729 erant.
2164 4674 2421 4730 Tandem
2464 4690 2617 4742 vere,
2640 4676 2982 4732 coadunatis
3037 4675 3149 4732 sibi
3188 4681 3480 4751 quotquot
3517 4679 3589 4735 de

1944 4761 2071 4817 suis
2102 4762 2160 4817 in
2192 4764 2458 4833 praesenti
2495 4764 2703 4820 habere
2746 4765 2951 4837 potuit,
2985 4765 3356 4823 Antiochiam
3386 4766 3587 4840 palma

1944 4849 2215 4922 insignis,
2248 4857 2586 4908 occurrente
2636 4853 2686 4909 ei
2718 4855 2999 4910 universes
3056 4854 3312 4913 civitatis
3351 4855 3508 4913 clero
3537 4859 3596 4913 et

1947 4940 2181 5012 populo,
2213 4957 2348 4997 cum
2399 4943 2633 4999 domino
2675 4942 3025 5015 patriarcha,
3059 4943 3243 5001 victor
3279 4944 3596 5018 ingressus

1944 5034 2050 5086 est.
2078 5033 2362 5087 Concessa
2392 5035 2477 5087 est
2497 5037 2692 5089 autem
2719 5033 2931 5089 nostris
2952 5032 3232 5089 divinitus
3260 5033 3383 5090 hnc
3412 5034 3594 5093 victo·

1943 5119 2047 5191 ria,
2082 5136 2234 5177 anno
2257 5121 2328 5177 ab
2354 5121 2753 5177 Incarnatione
2794 5121 3019 5177 Domini
3057 5121 3220 5189 1120,
3251 5123 3414 5194 regni
3449 5139 3593 5195 quo·

1942 5225 2052 5281 que
2083 5211 2307 5266 domini
2342 5210 2608 5266 Balduini
2653 5210 2806 5283 regis
2847 5210 3110 5280 secundi,
3140 5226 3294 5267 anno
3318 5213 3580 5269 secundo

1941 5314 2138 5355 mense
2169 5301 2453 5372 Augusto,
2477 5300 2536 5355 in
2557 5297 2756 5372 vigilia
2787 5299 3218 5373 Assumptionis
3239 5304 3458 5356 sancto
3479 5301 3584 5359 Dei

1937 5388 2233 5458 genitricis
2266 5388 2475 5446 Marias.
2513 5388 2630 5445 Rex
2659 5404 2792 5444 vero
2820 5406 2953 5445 cum
2976 5390 3212 5446 domino
3243 5388 3581 5447 Caesariensi

1936 5477 2370 5551 archiepiscopo
2392 5483 2449 5534 et
2467 5477 2713 5534 honesto
2743 5478 3042 5547 comitatu,
3065 5476 3295 5551 lignum
3329 5478 3583 5537 vivifleae

1933 5566 2122 5625 crucis
2153 5567 2869 5641 remisitllierosolymam‚
2901 5566 2983 5625 ita
3007 5570 3074 5625 ut
3116 5567 3177 5626 in
3206 5566 3300 5625 die
3330 5566 3576 5628 Exalta·
