3784 6000
146 244 285 306 '123

1211 243 1556 307 ARNULFI
1601 243 2122 305 LEXOVIENSIS
2166 243 2519 308 EPISGOPI

3455 248 3574 306 {24

953 380 1016 436 C.
1840 381 1893 446 Α
1925 379 2174 435 ctrinam
2205 378 2489 452 evangelii
2521 380 2718 436 credat
2767 381 3061 453 operibuS,
3109 396 3299 452 neque
3329 380 3572 438 blandis

489 487 563 528 an
609 485 943 527 wantsumu
993 485 1064 525 ns
1111 484 1494 525 consum-us.

243 560 405 627 Quod
437 558 542 627 ita,
564 559 721 615 sicut
738 558 992 614 audistis
1012 562 1069 613 et
1088 557 1336 626 vidistis,
1369 575 1402 614 a
1423 558 1661 614 domino
1683 573 1815 629 rege

170 650 455 707 dimissus
485 664 640 716 sum,
664 647 851 720 gratia
883 646 1026 703 mibi
1056 656 1245 704 vestra
1277 663 1582 718 compassa
1619 652 1730 716 est,
1759 650 1818 703 et

168 738 499 796 confusioni
514 753 656 793 meze
671 737 938 809 meisque
950 736 1648 794 condoluitdetrimentis.
1665 737 1818 793 Sane

169 826 231 883 in
253 826 500 884 articulo
521 826 804 899 temporis
842 824 999 881 illius
1021 827 1331 898 praegravis
1362 826 1629 883 moeroris
1654 842 1815 881 ama·

166 915 425 972 ritudine
449 916 594 972 adeo
624 915 823 973 animo
853 913 1206 972 constitutus
1237 930 1389 983 sum,
1436 920 1504 971 ut
1531 915 1813 987 quidquid

171 1004 315 1060 mihi
337 1005 530 1078 potius
555 1005 848 1077 agendum
871 1006 1049 1070 esset,
1078 1003 1272 1061 videre
1293 1021 1409 1062 non
1432 1020 1691 1077 possem,
1714 1005 1815 1060 sed

168 1093 539 1167 potissimum
563 1093 805 1149 celerem
830 1093 1026 1166 rugam
1042 1092 1366 1150 remedium
1382 1093 1603 1150 credidi
1619 1109 1632 1150 :
1657 1094 1817 1149 ideo-

169 1198 284 1257 que
313 1199 348 1239 a
379 1183 522 1239 facie
541 1182 966 1253 indignationis
994 1183 1126 1253 ejus
1152 1183 1500 1255 quantocius
1529 1188 1816 1256 tanquam

167 1272 448 1345 fugitivus
473 1273 645 1328 exivi.
673 1273 990 1330 Revertens
1013 1273 1209 1344 itaque
1227 1289 1364 1330 cum
1387 1274 1625 1330 animus
1651 1288 1818 1330 meus

168 1362 241 1418 ad
269 1361 456 1418 multa
476 1362 548 1417 de
572 1360 910 1418 liberatione
932 1360 1186 1433 plurima
1205 1365 1551 1432 raptaretur,
1565 1361 1815 1434 cogitavi

168 1452 319 1524 quod
339 1451 584 1508 celerem
598 1449 818 1507 exitum
842 1466 1035 1507 meum
1054 1467 1168 1508 non
1194 1459 1414 1508 metum
1431 1452 1530 1508 sed
1555 1458 1814 1508 contem·

170 1548 336 1616 ptum
368 1542 561 1614 potius
590 1546 648 1598 et
675 1542 1007 1614 superbiam
1052 1547 1363 1614 reputaret,
1411 1542 1549 1614 quia
1593 1545 1816 1598 motum

173 1633 302 1704 ejus
328 1647 434 1687 nec
453 1630 682 1687 diutina
711 1630 1134 1704 supplicatione
1173 1647 1362 1704 neque
1384 1630 1571 1705 longis
1594 1632 1817 1688 fueram

171 1721 444 1796 precibus
475 1725 834 1794 prosecutus.
869 1721 1104 1778 Decrevi
1136 1723 1334 1794 itaque
1362 1722 1430 1777 ad
1463 1722 1651 1794 ipsum
1682 1737 1816 1777 cum

175 1810 336 1869 omni
378 1809 745 1867 seminatione
774 1811 1003 1878 reverti,
1047 1815 1110 1866 ut
1138 1812 1288 1881 quod
1322 1809 1520 1867 minus
1550 1810 1697 1866 bene
1729 1811 1821 1867 sa-

170 1905 324 1958 ctum
347 1900 555 1970 suerat,
569 1899 866 1955 videretur
884 1899 1223 1970 prudentior
1235 1899 1573 1971 poenitentia
1590 1902 1821 1956 restau-

169 2005 296 2045 rare
322 1993 382 2045 et
420 1987 717 2060 suspicata
772 2004 837 2043 su
848 1988 1045 2060 perbis
1069 1974 1435 2045 'humilitatis
1489 1987 1821 2045 substantia

167 2077 489 2136 tolleretur.
513 2081 556 2131 Α
590 2078 761 2133 domo
782 2077 976 2148 itaque
1005 2092 1158 2146 mea,
1179 2094 1355 2150 quam
1379 2094 1560 2150 prope
1584 2078 1822 2134 Baiocas

171 2164 381 2233 babeo,
410 2179 518 2237 ego
545 2162 912 2222 Cerasiacum
936 2179 1123 2236 usque
1165 2165 1423 2236 perveni,
1450 2165 1649 2236 ibique
1672 2165 1821 2222 adeo

175 2253 316 2311 mibi
367 2253 718 2322 impotentia
765 2257 1075 2309 contractis
1105 2253 1425 2310 debilitatis
1455 2254 1724 2321 invaluit,
1759 2261 1820 2310 ut

170 2339 442 2416 progredi
480 2339 641 2397 salva
671 2340 932 2413 corporis
962 2341 1365 2398 incolumitate
1395 2358 1509 2399 non
1563 2357 1816 2414 possem,

170 2430 312 2503 quia
340 2445 545 2485 omnes
586 2428 706 2486 fere
733 2428 885 2485 vires
932 2431 1192 2502 corporis
1222 2431 1338 2486 mei
1373 2434 1824 2502 consumpserat

169 2517 338 2576 labor
355 2521 412 2575 et
441 2516 688 2573 aviditas
710 2517 1051 2574 revertendi.
1075 2518 1220 2574 Cum
1252 2520 1453 2591 itaque
1472 2519 1818 2577 decidissem

175 2608 235 2664 in
266 2607 510 2676 lectum,
530 2607 675 2663 nibil
695 2606 853 2664 aliud
880 2608 1040 2678 potui
1072 2624 1248 2680 quam
1280 2608 1405 2665 vice
1432 2624 1565 2665 mea
1594 2608 1821 2666 litteras

174 2701 232 2754 et
261 2696 535 2753 nuntium
566 2696 881 2765 destinare,
906 2704 967 2752 nt
987 2698 1144 2770 apud
1166 2698 1475 2754 dominum
1507 2715 1702 2756 meum
1727 2713 1824 2754 ne·

181 2786 343 2859 gotia
363 2801 494 2842 mea
513 2786 836 2842 litterarum
866 2785 1083 2843 veritas
1103 2791 1159 2842 et
1181 2787 1372 2844 nuntii
1402 2787 1688 2845 sedulitas
1717 2803 1818 2843 ex-

180 2874 484 2947 plicarent.
506 2878 690 2949 Quem
720 2875 892 2932 etiam
913 2874 989 2930 ad
1011 2873 1380 2933 dilectionem
1409 2881 1666 2934 vestram
1691 2892 1826 2934 cen-

175 2963 272 3022 sui
302 2963 592 3037 praecipue
617 2963 1038 3022 destinandum
1070 2968 1134 3020 ut
1164 2965 1362 3023 studio
1393 2974 1579 3024 vestro
1610 2981 1824 3039 oppor-

1926 467 2297 525 adulatorum
2330 468 2633 526 fallacibus
2690 469 3021 534 seducatur,
3081 470 3182 542 qui
3236 474 3425 526 totum
3458 470 3573 526 sibi

1921 557 2182 628 deperire
2213 563 2505 629 reputant.
2527 558 2677 631 quod
2710 558 2914 616 alienis
2933 560 3186 616 viderint
3219 558 3576 616 utilitatibus

1922 647 2300 720 impertitum.
2346 650 2589 703 Omnem
2621 647 2801 720 igitur
2831 648 3030 715 vitam,
3072 665 3188 721 qua
3216 664 3322 721 ego
3350 648 3515 705 vobis
3543 667 3576 705 a

1914 737 2224 808 juventute
2248 752 2374 793 mea
2395 735 2752 794 incessanter
2771 737 2958 804 astiti,
2985 737 3217 794 bonitas
3238 741 3428 793 vestra
3450 753 3573 793 me·

1921 827 2015 883 dia
2043 825 2286 883 veritate
2316 830 2634 895 recenseat,
2667 829 2733 882 ut
2772 826 2969 882 debita
2996 825 3219 883 meritis
3260 827 3447 899 gratia
3478 843 3579 882 re·-

1924 915 2227 988 pendatur.
2273 916 2491 979 Nostis,
2525 916 2783 983 domine,
2813 931 2900 973 me
2923 915 3213 973 bominem
3248 915 3567 972 multorum

1921 1003 2144 1059 dierum
2176 1019 2327 1070 esse,
2356 1003 2674 1076 multisque
2703 1007 2909 1061 notum
2933 1003 3272 1076 regionibus
3293 1008 3354 1060 et
3375 1020 3573 1076 perso·

1925 1093 2017 1148 nis
2043 1098 2343 1164 acceptum
2368 1110 2384 1162 ;
2418 1093 2623 1150 multis
2650 1095 2828 1151 etiam
2861 1093 3180 1164 majestatis
3208 1098 3411 1150 vestras
3443 1110 3570 1150 ma-

1922 1179 2314 1251 gnificentiam
2345 1180 2729 1252 complacere,
2779 1181 2826 1238 si
2879 1181 3131 1238 viderint
3160 1181 3246 1237 vel
3276 1181 3575 1238 audierint

1922 1284 2017 1325 me
2039 1285 2072 1325 a
2099 1269 2266 1326 vobis
2296 1285 2432 1325 cum
2466 1269 2740 1340 lacrymis
2767 1286 2881 1326 non
2914 1269 3328 1327 amaritudinis
3350 1270 3454 1327 sed
3477 1269 3579 1326 de-

1922 1357 2172 1415 votionis
2198 1357 2430 1415 exiisse.
2464 1358 2528 1414 ln
2576 1360 2880 1430 procinctu
2931 1375 3091 1427 sum,
3141 1375 3246 1416 nec
3275 1374 3573 1416 recessum

1925 1463 2118 1505 meum
2141 1447 2340 1520 aliqua
2362 1449 2613 1505 retardat
2636 1449 2883 1519 occasio,
2908 1449 2956 1505 si
2981 1453 3210 1506 tantum
3231 1450 3577 1520 opportuni-

1924 1536 2146 1593 tatibus
2179 1537 2326 1593 meis
2345 1542 2534 1594 vestro
2561 1538 2736 1593 fuerit
2757 1537 3037 1594 beneficio
3059 1536 3447 1595 satisfactum.
3470 1536 3576 1594 Ui·

1924 1625 2197 1683 seremini
2248 1625 2463 1698 itaque,
2511 1627 2869 1684 miseremini
2928 1626 3060 1696 mei,
3092 1627 3231 1698 quia
3260 1624 3576 1684 miserendi

1927 1720 2161 1787 tempus
2183 1716 2433 1785 advenit,
2459 1721 2523 1773 ut
2541 1716 2703 1773 omni
2730 1716 3133 1790 temporalium
3164 1732 3354 1773 rerum
3379 1716 3579 1773 labore

1929 1805 2215 1877 deposito,
2248 1806 2318 1861 ad
2350 1807 2601 1874 requiem
2636 1806 3145 1879 contemplationis
3182 1805 3392 1862 divinas
3419 1813 3580 1862 tran-

1930 1909 2091 1951 seam
2123 1893 2223 1950 ubi
2256 1910 2356 1966 pro
2379 1894 2565 1951 salute
2588 1895 2823 1967 quidem
2845 1911 2976 1952 mea
2999 1903 3052 1953 et
3081 1898 3282 1952 vestrm
3306 1896 3582 1967 majesta-

1931 1983 2007 2038 tis
2038 1982 2258 2039 honore
2287 1982 2502 2054 pariter
2530 1987 2588 2039 et
2618 1989 2899 2056 proventu
2938 1984 3297 2041 incessanter
3345 1984 3577 2041 devotio

1936 2071 2139 2128 sedula
2159 2087 2359 2142 preces
2380 2072 2584 2129 offerat
2601 2073 2889 2129 efficaces.
2912 2073 3328 2129 Tractaverunt
3348 2087 3574 2129 mecum

1935 2161 2210 2219 dominus
2254 2163 2732 2234 Rotbomagensis
2770 2171 2827 2219 et
2869 2163 3204 2220 Baiocensis
3232 2163 3493 2236 episcopi
3521 2164 3583 2219 et

1928 2249 2026 2307 alii
2052 2251 2291 2324 quidam
2318 2251 2519 2309 fideles
2538 2253 2740 2320 vestri,
2764 2253 2980 2325 quibus
2998 2270 3033 2308 a
3050 2252 3211 2310 vobis
3230 2256 3353 2308 erat
3382 2251 3583 2323 injun-

1929 2342 2192 2397 ctum.Et
2209 2356 2315 2414 ego
2335 2357 2466 2397 cum
2492 2341 2651 2397 omni
2673 2341 2969 2398 alacritate
3004 2356 3206 2398 eorum
3244 2341 3578 2414 persuasio-

1932 2429 2107 2486 nibus
2139 2428 2422 2503 acquievi,
2454 2430 2599 2486 adeo
2632 2435 2696 2486 ut
2723 2432 2796 2488 de
2826 2431 3091 2488 discessu
3126 2447 3254 2488 meo
3276 2429 3583 2487 discretio·

1933 2539 2068 2580 nem
2099 2527 2349 2578 vestram
2384 2537 2499 2577 non
2547 2524 2811 2592 oporteat
2866 2521 2927 2577 in
2975 2520 3172 2594 aliquo
3201 2519 3492 2586 dubitare,
3529 2519 3585 2576 si

1931 2618 2127 2668 tamen
2149 2609 2469 2667 secundum
2484 2625 2644 2680 spem
2669 2609 2988 2682 proestitam
3010 2612 3273 2681 optatum
3289 2607 3583 2664 desiderio

1932 2715 2063 2756 meo
2083 2698 2407 2755 liberalitas
2425 2703 2617 2754 vestra
2633 2697 2920 2771 largiatur
2938 2698 3227 2754 effectum.
3249 2696 3443 2754 Facite
3473 2697 3585 2753 ita-

1937 2803 2072 2860 que,
2097 2789 2253 2844 sicut
2282 2788 2448 2844 decet
2497 2787 2992 2859 magnificentiam
3041 2790 3100 2842 et
3154 2784 3455 2842 veritatem
3486 2799 3584 2840 ve-

1934 2882 2136 2947 stram,
2160 2881 2217 2933 οῖ
2236 2876 2593 2932 invincibilis
2616 2876 2901 2932 instantia
2923 2892 3061 2933 meo
3101 2874 3469 2932 necessitatis
3490 2889 3591 2930 ex-

1935 2968 2122 3040 poscit
2155 2974 2218 3023 ut
2245 2967 2307 3023 in
2340 2969 2530 3023 totum
2561 2965 2634 3023 ab
2660 2965 2971 3039 episcopali
3020 2972 3323 3038 separatus
3363 2963 3585 3033 officio,

180 3061 323 3113 tune
362 3056 762 3112 introducatur
808 3056 880 3113 ad
914 3073 1106 3131 regem
1156 3061 1213 3113 et
1249 3074 1351 3114 vos
1389 3058 1439 3115 si
1486 3059 1569 3114 ita
1611 3058 1827 3131 poterit
1935 3058 2333 3131 importunam
2364 3056 2640 3113 instantis
2661 3055 2889 3113 concilii
2911 3056 3270 3113 vocationem
3300 3053 3588 3112 liberatus

181 3145 688 3203 acciderelitteras
717 3145 993 3212 audiatis,
1026 3151 1090 3202 ut
1118 3146 1252 3203 inde
1292 3146 1510 3204 scilicet
1543 3150 1821 3220 majorem
1854 3113 1900 3181 C
1934 3148 2197 3205 evadam.

184 3234 547 3292 occasionem
580 3234 817 3305 possitis
864 3234 1125 3306 accipere
1155 3236 1294 3309 quid
1339 3236 1502 3294 vobis
1532 3237 1826 3309 agendum

183 3324 263 3381 sit
280 3327 383 3380 aut
401 3322 738 3381 dicendum.
761 3324 829 3380 In
846 3323 1050 3380 litteris
1068 3329 1263 3381 autem
1282 3326 1427 3381 nibil
1450 3326 1560 3382 nisi
1583 3325 1825 3382 bumili-

185 3417 278 3470 tas
307 3416 365 3469 et
393 3412 741 3485 supplicatio
797 3412 1148 3482 continetur,
1179 3414 1324 3470 adeo
1379 3416 1446 3470 ut
1476 3414 1525 3470 si
1555 3414 1695 3470 velit
1757 3414 1830 3471 de

187 3499 538 3558 liberalitate
566 3500 725 3572 regia
753 3500 1074 3569 reminisci,
1121 3502 1193 3558 ad
1237 3502 1670 3559 exaudiendum
1701 3504 1832 3575 iure

190 3589 396 3647 debeat
422 3588 715 3647 inclinari.

368 3785 442 3825 An
492 3783 792 3825 usuardum
848 3784 1042 3826 asom
1078 3786 1305 3828 aucum
1342 3787 1652 3827 samonam.

262 3856 557 3913 Auxilium
580 3856 818 3914 liberale
841 3858 984 3914 mibi
1007 3859 1078 3916 de
1092 3859 1271 3933 regali
1293 3858 1692 3916 munificentia
1709 3874 1836 3931 pro·

192 3944 438 4002 misistis
459 3945 530 4000 ad
564 3945 944 4003 recedendum
972 3947 1188 4005 scilicet
1210 3949 1281 4004 de
1301 3953 1459 4005 statu
1479 3948 1614 4009 isto.
1638 3947 1697 4004 in
1720 3963 1836 4019 quo

2219 3341 2293 3381 An
2343 3340 2619 3383 nomunu
2660 3341 2848 3380 raras
2884 3338 3294 3380 amaseam«.

2008 3414 2097 3470 Ad
2122 3413 2434 3472 concilium
2456 3429 2592 3470 cum
2613 3414 2746 3471 aliis
2778 3417 3037 3483 vocatus,
3059 3427 3192 3469 cum
3227 3410 3359 3467 aliis
3384 3410 3590 3467 venire

1940 3520 2055 3561 non
2071 3503 2250 3575 potui,
2265 3504 2402 3575 quia
2424 3504 2803 3576 impotentem
2824 3501 3041 3558 laboris
3060 3499 3220 3557 illius
3239 3514 3430 3556 causae
3450 3498 3587 3571 plu·

1941 3594 2100 3650 rimae
2132 3592 2526 3649 reddiderunt.
2550 3592 2746 3648 Prima
2772 3596 2863 3647 est
2897 3594 3167 3647 senectus
3195 3605 3309 3659 qua
3355 3593 3587 3660 septua-

1941 3682 2232 3755 gesimum
2264 3698 2485 3737 annum
2516 3686 2916 3753 transgressus
2936 3695 3089 3748 sum,
3112 3679 3368 3736 secunda
3386 3678 3591 3735 Hiero-

1942 3770 2291 3844 solymitana
2311 3771 2598 3842 expeditio
2619 3786 2796 3842 quam
2832 3769 2972 3825 mibi
2996 3767 3254 3841 pontifex
3282 3767 3588 3824 Romanus

1949 3860 2181 3916 indixit.
2214 3861 2406 3916 Tertia
2450 3861 2633 3916 ruinae
2664 3858 3048 3926 miserabiles,
3080 3856 3293 3929 quibus
3316 3857 3500 3913 semel
3532 3861 3594 3914 et

1944 3948 2152 4006 iterum
2178 3951 2246 4006 de
2258 3948 2385 4006 solii
2407 3948 2771 4006 sublimitate
2784 3949 2986 4021 lapsus
3007 3963 3141 4003 sum
3159 3950 3216 4003 et
3233 3946 3595 4015 confractus,

194 4033 292 4088 diu
324 4033 452 4089 sine
480 4034 735 4105 periculo
765 4035 973 4093 salutis
1030 4054 1160 4095 esse
1208 4055 1323 4096 non
1384 4055 1646 4111 possum,
1677 4042 1735 4094 et
1762 4038 1833 4094 ad
1948 4041 2092 4097 adeo
2125 4044 2191 4095 ut
2219 4056 2253 4095 a
2282 4040 2479 4095 decem
2510 4038 2681 4095 annis
2712 4037 3013 4111 aliquibus
3043 4035 3317 4093 remediis
3347 4050 3461 4091 non
3495 4053 3598 4106 po·-

195 4121 549 4178 securiorem
581 4121 778 4189 vitam,
811 4124 1163 4200 propitiante
1193 4127 1459 4197 Domino,
1511 4128 1838 4199 demigran·
1947 4128 2323 4185 tueritvirtus
2347 4127 2593 4198 pristina
2616 4128 2948 4184 restaurari.
2968 4126 3223 4197 Cumque
3245 4123 3600 4180 miserabili-

193 4210 360 4266 dum.
379 4212 454 4267 De
474 4209 634 4269 vultu
657 4210 849 4281 itaque
868 4213 1363 4285 vestrojudicium
1388 4232 1584 4272 meum
1600 4216 1837 4289 prodiit,
1951 4222 2038 4275 ter
2067 4233 2243 4273 causa
2263 4221 2461 4288 posset
2480 4232 2599 4272 una
2639 4217 2929 4285 sufficere,
2958 4220 3080 4271 tres
3111 4213 3285 4271 simul
3325 4214 3453 4285 pari
3483 4213 3602 4269 im-

201 4306 259 4355 et
312 4315 552 4357 eausam
600 4317 790 4357 meam
838 4304 1154 4361 necessitas
1201 4310 1260 4362 et
1303 4304 1504 4380 inopia
1532 4307 1840 4381 peroravit,
1951 4306 2305 4379 portunitate
2325 4314 2697 4374 concurrunt,
2724 4310 2784 4362 ut
2806 4322 2899 4363 me
2918 4302 3597 4378 quasitriplicifuniculo

196 4388 334 4444 dum
365 4388 425 4444 in
453 4403 544 4445 me
573 4392 630 4445 et
650 4389 977 4462 profectum
1000 4398 1282 4463 provecto
1302 4396 1622 4453 senectutis
1647 4399 1840 4452 atten-
1948 4396 2568 4466 videaturimpotentia
2587 4395 3018 4468 religasse.Ego
3038 4394 3275 4467 quidem
3298 4392 3598 4450 desiderio

193 4476 358 4550 ditis,
380 4482 439 4534 et
458 4478 555 4535 aeri
577 4477 768 4536 alieno
788 4481 1013 4553 copiam
1037 4499 1153 4540 non
1176 4490 1486 4556 suppetere
1521 4484 1838 4541 facultatis.
1870 4481 1918 4546 D
1949 4485 2348 4542 desiderabam
2375 4486 2670 4553 venire‚ut
2688 4485 2936 4558 gloriam
2958 4485 3212 4541 victoriis
3228 4487 3435 4540 vestras
3456 4498 3596 4539 cum

196 4567 452 4625 Excessit
497 4583 669 4625 omne
701 4570 973 4628 meritum
1019 4589 1215 4630 meum
1248 4578 1441 4629 vestra
1470 4573 1757 4645 dignatio,
1787 4579 1844 4631 et

192 4657 633 4729 importunitate
683 4675 811 4716 mea
842 4663 1150 4719 commode
1191 4662 1389 4736 gratiae
1433 4669 1629 4719 vestrm
1660 4662 1841 4733 pleni·

192 4747 330 4802 tudo
388 4748 706 4819 respondit.
760 4748 951 4821 Super
1006 4765 1120 4822 quo
1182 4750 1593 4807 reminiscatur
1621 4751 1843 4809 utinam

195 4833 481 4891 Dominus
504 4852 692 4903 meus,
706 4838 1012 4893 dominum
1032 4837 1263 4894 Petrum
1287 4837 1544 4910 legatum
1563 4844 1838 4904 vestrum.

196 4934 419 4993 magnas
436 4922 760 4981 honestatis
781 4931 836 4982 et
860 4927 1205 4999 prudentiss,
1244 4943 1359 4984 non
1382 4926 1577 4985 solum
1599 4944 1841 5002 sugges-

193 5007 344 5064 sisse
389 5008 549 5066 vobis
605 5012 827 5068 factum
877 5018 985 5072 boc
1013 5024 1068 5072 et
1105 5017 1476 5087 approbasse,
1509 5019 1605 5075 sed
1641 5019 1844 5076 multis

193 5098 371 5155 etiam
403 5096 679 5155 extulisse
726 5098 1001 5159 laudibus
1031 5105 1275 5177 dignum
1322 5106 1481 5179 regia
1541 5108 1844 5175 majestate

195 5188 559 5256 beneficium,
594 5188 644 5245 si
674 5189 735 5245 in
766 5193 931 5247 tanta
957 5196 1395 5266 opportunitate
1442 5213 1570 5254 mea
1602 5196 1756 5252 fideli
1783 5199 1845 5252 et

194 5292 324 5334 vere
353 5275 616 5333 dilectori
648 5294 756 5335 suo
780 5294 1023 5337 manum
1048 5284 1358 5355 propitiam
1380 5285 1643 5355 benignas
1663 5283 1839 5357 largi·

191 5366 330 5422 tatis
358 5366 765 5437 impenderet,
798 5383 975 5441 quem
1004 5371 1177 5428 toties
1208 5372 1267 5428 in
1308 5374 1844 5446 opportunitatibus

197 5454 324 5511 suis
336 5463 666 5529 promptum
679 5458 932 5526 ,fidelem
946 5459 1215 5517 etutilem
1232 5462 1436 5520 multis
1450 5464 1529 5521 sit
1540 5478 1848 5536 argumen-

195 5541 281 5601 tis
309 5550 602 5616 expertus.
634 5545 870 5606 Utinam
904 5549 1182 5609 Dominus
1202 5567 1370 5610 meus
1399 5554 1723 5611 secundum
1744 5554 1843 5612 do·

1953 4573 2089 4630 aliis
2106 4573 2458 4631 celebrarem
2492 4580 2550 4630 et
2588 4574 2915 4631 ariditatem
2945 4588 3132 4630 meam
3170 4572 3334 4645 quasi
3365 4570 3438 4628 de
3466 4587 3601 4644 pro·

1950 4663 2111 4720 ximo
2133 4662 2557 4720 benedictionis
2577 4667 2780 4720 vestra
2814 4663 3028 4735 rigaret
3065 4663 3321 4719 ubertas.
3344 4660 3601 4717 Orabam

1953 4758 2039 4809 tot
2066 4761 2121 4809 et
2148 4758 2441 4812 tantorum
2503 4761 2731 4826 patrum
2780 4753 3173 4811 venerabilem
3230 4752 3427 4808 videre
3456 4766 3603 4806 con·

1953 4850 2216 4910 ventum,
2270 4842 2534 4915 ipsorum
2600 4843 2815 4899 erudiri
2877 4842 3264 4909 sermonibus,
3312 4838 3601 4911 exemplis

1953 4932 2188 5000 instrui,
2220 4936 2278 4988 et
2304 4933 2374 4988 ad
2404 4933 2787 5005 reparandam
2821 4932 3147 4989 libertatem
3192 4928 3462 4986 Ecclesiae
3492 4926 3600 4984 Dei

1953 5023 2269 5091 cooperari,
2286 5022 2332 5078 si
2358 5037 2611 5093 possem,
2632 5038 2805 5093 qnam
2826 5021 2887 5077 in
2910 5019 3110 5076 multis
3134 5018 3397 5092 partibus
3431 5017 3602 5073 doleo

1952 5110 2267 5182 deperisse.
2301 5112 2708 5184 lmpotentiam
2758 5114 2956 5184 itaque
3016 5125 3207 5166 meam
3240 5107 3519 5164 dominus
3545 5113 3607 5166 et

1954 5199 2121 5256 Pater
2158 5215 2320 5256 meus
2377 5199 2586 5257 babeat
2639 5203 2969 5256 excusatam
3000 5203 3059 5255 et
3086 5215 3122 5255 a
3154 5197 3430 5253 mandato
3481 5214 3605 5267 me,

1954 5289 2105 5360 quod
2124 5288 2366 5359 implere
2387 5304 2502 5344 non
2528 5304 2787 5360 possum,
2802 5288 3074 5344 clementi
3097 5286 3361 5344 bonitate
3382 5285 3602 5356 relaxa,

1953 5376 2112 5448 quia.
2146 5378 2259 5433 etsi
2288 5379 2603 5449 presentia
2630 5376 2915 5450 corporali
2940 5392 3059 5433 non
3089 5376 3279 5445 venio,
3302 5374 3465 5430 omni
3494 5375 3607 5432 de-

1955 5465 2170 5521 siderio
2201 5474 2392 5524 tamen
2422 5471 2479 5524 et
2509 5466 2829 5523 reverentia
2850 5466 3091 5522 devotus
3118 5464 3355 5521 assisto.
3386 5462 3606 5521 Venis-

1954 5568 2087 5611 sem
2103 5560 2298 5612 autem
2320 5554 2732 5622 libentissime,
2751 5554 2888 5627 quia
2918 5553 3137 5612 multas
3162 5568 3371 5610 causas
3398 5552 3474 5610 ad
3503 5568 3604 5610 ve·
