<?xml version="1.0" encoding="UTF-8"?>
<!DOCTYPE html PUBLIC "-//W3C//DTD XHTML 1.0 Transitional//EN"
    "http://www.w3.org/TR/xhtml1/DTD/xhtml1-transitional.dtd">
<html xmlns="http://www.w3.org/1999/xhtml" xml:lang="en" lang="en">
 <head>
  <title>
</title>
<meta http-equiv="Content-Type" content="text/html;charset=utf-8" />
  <meta name='ocr-system' content='tesseract 3.04.00' />
  <meta name='ocr-capabilities' content='ocr_page ocr_carea ocr_par ocr_line ocrx_word'/>
</head>
<body>
  <div class='ocr_page' id='page_1' title='image "./patrologiaecurs32goog_0072.png"; bbox 0 0 3784 6000; ppageno 0'>
   <div class='ocr_carea' id='block_1_1' title="bbox 232 236 348 297">
    <p class='ocr_par' dir='ltr' id='par_1_1' title="bbox 232 236 348 297">
     <span class='ocr_line' id='line_1_1' title="bbox 232 236 348 297; baseline -0.017 0"><span class='ocrx_word' id='word_1_1' title='bbox 232 236 348 297; x_wconf 77' lang='lat'><strong>135</strong></span> 
     </span>
    </p>
   </div>
   <div class='ocr_carea' id='block_1_2' title="bbox 1280 212 2592 285">
    <p class='ocr_par' dir='ltr' id='par_1_2' title="bbox 1280 212 2592 285">
     <span class='ocr_line' id='line_1_2' title="bbox 1280 212 2592 285; baseline -0.002 -1"><span class='ocrx_word' id='word_1_2' title='bbox 1280 219 1623 285; x_wconf 81' lang='lat' dir='ltr'>ARNULFI</span> <span class='ocrx_word' id='word_1_3' title='bbox 1675 212 2187 281; x_wconf 80' lang='lat' dir='ltr'>LEXOVIENSIS</span> <span class='ocrx_word' id='word_1_4' title='bbox 2233 219 2592 284; x_wconf 85' lang='lat' dir='ltr'>EPISCOPI</span> 
     </span>
    </p>
   </div>
   <div class='ocr_carea' id='block_1_3' title="bbox 3527 221 3645 281">
    <p class='ocr_par' dir='ltr' id='par_1_3' title="bbox 3527 221 3645 281">
     <span class='ocr_line' id='line_1_3' title="bbox 3527 221 3645 281; baseline 0.008 -1"><span class='ocrx_word' id='word_1_5' title='bbox 3527 221 3645 281; x_wconf 78' lang='lat'><strong>136</strong></span> 
     </span>
    </p>
   </div>
   <div class='ocr_carea' id='block_1_4' title="bbox 222 348 3644 438">
    <p class='ocr_par' dir='ltr' id='par_1_4' title="bbox 222 348 3644 438">
     <span class='ocr_line' id='line_1_4' title="bbox 222 348 3644 438; baseline -0.004 -14"><span class='ocrx_word' id='word_1_6' title='bbox 222 368 615 436; x_wconf 78' lang='lat' dir='ltr'><strong>observantes,</strong></span> <span class='ocrx_word' id='word_1_7' title='bbox 666 378 914 438; x_wconf 86' lang='lat' dir='ltr'><strong>quorum</strong></span> <span class='ocrx_word' id='word_1_8' title='bbox 962 359 1191 428; x_wconf 86' lang='lat' dir='ltr'><strong>delicta,</strong></span> <span class='ocrx_word' id='word_1_9' title='bbox 1243 360 1304 412; x_wconf 89' lang='lat' dir='ltr'><strong>ut</strong></span> <span class='ocrx_word' id='word_1_10' title='bbox 1352 354 1586 429; x_wconf 87' lang='lat' dir='ltr'><strong>parcius</strong></span> <span class='ocrx_word' id='word_1_11' title='bbox 1631 350 1859 424; x_wconf 84' lang='lat' dir='ltr'><strong>loquar,</strong></span> <span class='ocrx_word' id='word_1_12' title='bbox 1888 348 1950 419; x_wconf 82' lang='lat' dir='ltr'><strong>A</strong></span> <span class='ocrx_word' id='word_1_13' title='bbox 1980 349 2119 408; x_wconf 89' lang='lat' dir='ltr'><strong>dotii</strong></span> <span class='ocrx_word' id='word_1_14' title='bbox 2148 354 2266 421; x_wconf 90' lang='lat' dir='ltr'><strong>sui,</strong></span> <span class='ocrx_word' id='word_1_15' title='bbox 2298 369 2399 428; x_wconf 88' lang='lat' dir='ltr'><strong>per</strong></span> <span class='ocrx_word' id='word_1_16' title='bbox 2428 355 2610 414; x_wconf 89' lang='lat' dir='ltr'><strong>alium</strong></span> <span class='ocrx_word' id='word_1_17' title='bbox 2633 356 2965 430; x_wconf 86' lang='lat' dir='ltr'><strong>episcopum</strong></span> <span class='ocrx_word' id='word_1_18' title='bbox 2991 372 3168 429; x_wconf 86' lang='lat' dir='ltr'><strong>quam</strong></span> <span class='ocrx_word' id='word_1_19' title='bbox 3194 371 3295 426; x_wconf 89' lang='lat' dir='ltr'><strong>per</strong></span> <span class='ocrx_word' id='word_1_20' title='bbox 3317 371 3453 413; x_wconf 92' lang='lat' dir='ltr'><strong>eum</strong></span> <span class='ocrx_word' id='word_1_21' title='bbox 3475 372 3508 411; x_wconf 88' lang='lat' dir='ltr'><strong>a</strong></span> <span class='ocrx_word' id='word_1_22' title='bbox 3527 373 3644 428; x_wconf 80' lang='lat' dir='ltr'><strong>quo</strong></span> 
     </span>
    </p>
   </div>
   <div class='ocr_carea' id='block_1_5' title="bbox 208 441 1871 1774">
    <p class='ocr_par' dir='ltr' id='par_1_5' title="bbox 208 441 1871 1774">
     <span class='ocr_line' id='line_1_5' title="bbox 223 441 1869 514; baseline -0.011 0"><span class='ocrx_word' id='word_1_23' title='bbox 223 473 356 514; x_wconf 90' lang='lat' dir='ltr'><strong>cum</strong></span> <span class='ocrx_word' id='word_1_24' title='bbox 380 473 417 514; x_wconf 88' lang='lat' dir='ltr'><strong>a</strong></span> <span class='ocrx_word' id='word_1_25' title='bbox 456 454 680 513; x_wconf 90' lang='lat' dir='ltr'><strong>nuntiis</strong></span> <span class='ocrx_word' id='word_1_26' title='bbox 710 451 917 513; x_wconf 80' lang='lat' dir='ltr'><strong>vestris</strong></span> <span class='ocrx_word' id='word_1_27' title='bbox 949 447 1245 506; x_wconf 70' lang='lat' dir='ltr'><strong>sanctitati</strong></span> <span class='ocrx_word' id='word_1_28' title='bbox 1276 449 1475 502; x_wconf 76' lang='lat' dir='ltr'><strong>vestrae</strong></span> <span class='ocrx_word' id='word_1_29' title='bbox 1510 442 1719 500; x_wconf 74' lang='lat' dir='ltr'><strong>inerint</strong></span> <span class='ocrx_word' id='word_1_30' title='bbox 1750 441 1869 513; x_wconf 88' lang='lat' dir='ltr'><strong>ple·</strong></span> 
     </span>
     <span class='ocr_line' id='line_1_6' title="bbox 221 530 1871 614; baseline -0.012 -11"><span class='ocrx_word' id='word_1_31' title='bbox 221 546 353 602; x_wconf 86' lang='lat' dir='ltr'><strong>nius</strong></span> <span class='ocrx_word' id='word_1_32' title='bbox 370 542 641 605; x_wconf 88' lang='lat' dir='ltr'><strong>indicata.</strong></span> <span class='ocrx_word' id='word_1_33' title='bbox 658 542 889 614; x_wconf 64' lang='lat' dir='ltr'><strong>,iudices</strong></span> <span class='ocrx_word' id='word_1_34' title='bbox 910 540 1191 610; x_wconf 89' lang='lat' dir='ltr'><strong>delegate,</strong></span> <span class='ocrx_word' id='word_1_35' title='bbox 1215 535 1316 609; x_wconf 91' lang='lat' dir='ltr'><strong>qui</strong></span> <span class='ocrx_word' id='word_1_36' title='bbox 1346 533 1532 591; x_wconf 84' lang='lat' dir='ltr'><strong>zelum</strong></span> <span class='ocrx_word' id='word_1_37' title='bbox 1557 530 1871 590; x_wconf 84' lang='lat' dir='ltr'><strong>honestatis</strong></span> 
     </span>
     <span class='ocr_line' id='line_1_7' title="bbox 220 619 1871 703; baseline -0.008 -14"><span class='ocrx_word' id='word_1_38' title='bbox 220 633 477 693; x_wconf 88' lang='lat' dir='ltr'><strong>habeant</strong></span> <span class='ocrx_word' id='word_1_39' title='bbox 527 638 584 688; x_wconf 88' lang='lat' dir='ltr'><strong>et</strong></span> <span class='ocrx_word' id='word_1_40' title='bbox 628 630 891 703; x_wconf 89' lang='lat' dir='ltr'><strong>peritiam</strong></span> <span class='ocrx_word' id='word_1_41' title='bbox 915 626 1212 699; x_wconf 80' lang='lat' dir='ltr'><strong>iudicandi</strong></span> <span class='ocrx_word' id='word_1_42' title='bbox 1251 628 1308 681; x_wconf 88' lang='lat' dir='ltr'><strong>et</strong></span> <span class='ocrx_word' id='word_1_43' title='bbox 1345 622 1733 680; x_wconf 88' lang='lat' dir='ltr'><strong>necessariam</strong></span> <span class='ocrx_word' id='word_1_44' title='bbox 1767 619 1871 676; x_wconf 88' lang='lat' dir='ltr'><strong>ha-</strong></span> 
     </span>
     <span class='ocr_line' id='line_1_8' title="bbox 220 712 1871 783; baseline -0.008 -4"><span class='ocrx_word' id='word_1_45' title='bbox 220 722 397 779; x_wconf 80' lang='lat' dir='ltr'><strong>beant</strong></span> <span class='ocrx_word' id='word_1_46' title='bbox 425 722 497 777; x_wconf 90' lang='lat' dir='ltr'><strong>de</strong></span> <span class='ocrx_word' id='word_1_47' title='bbox 528 725 713 776; x_wconf 88' lang='lat' dir='ltr'><strong>vestra</strong></span> <span class='ocrx_word' id='word_1_48' title='bbox 737 718 949 774; x_wconf 83' lang='lat' dir='ltr'><strong>virtute</strong></span> <span class='ocrx_word' id='word_1_49' title='bbox 970 715 1268 783; x_wconf 82' lang='lat' dir='ltr'><strong>fiduciam,</strong></span> <span class='ocrx_word' id='word_1_50' title='bbox 1293 717 1351 770; x_wconf 89' lang='lat' dir='ltr'><strong>et</strong></span> <span class='ocrx_word' id='word_1_51' title='bbox 1371 712 1565 769; x_wconf 89' lang='lat' dir='ltr'><strong>locum</strong></span> <span class='ocrx_word' id='word_1_52' title='bbox 1589 712 1871 783; x_wconf 86' lang='lat' dir='ltr'><strong>opportu-</strong></span> 
     </span>
     <span class='ocr_line' id='line_1_9' title="bbox 221 798 1870 881; baseline -0.008 -15"><span class='ocrx_word' id='word_1_53' title='bbox 221 826 390 878; x_wconf 91' lang='lat' dir='ltr'><strong>num,</strong></span> <span class='ocrx_word' id='word_1_54' title='bbox 430 810 487 864; x_wconf 92' lang='lat' dir='ltr'><strong>in</strong></span> <span class='ocrx_word' id='word_1_55' title='bbox 517 825 630 881; x_wconf 84' lang='lat' dir='ltr'><strong>quo</strong></span> <span class='ocrx_word' id='word_1_56' title='bbox 662 823 849 865; x_wconf 68' lang='lat' dir='ltr'><strong>causas</strong></span> <span class='ocrx_word' id='word_1_57' title='bbox 870 805 1065 862; x_wconf 84' lang='lat' dir='ltr'><strong>dirimi</strong></span> <span class='ocrx_word' id='word_1_58' title='bbox 1089 803 1311 877; x_wconf 76' lang='lat' dir='ltr'><strong>possint</strong></span> <span class='ocrx_word' id='word_1_59' title='bbox 1341 804 1400 859; x_wconf 89' lang='lat' dir='ltr'><strong>et</strong></span> <span class='ocrx_word' id='word_1_60' title='bbox 1419 798 1718 858; x_wconf 69' lang='lat' dir='ltr'><strong>sententias</strong></span> <span class='ocrx_word' id='word_1_61' title='bbox 1742 814 1870 871; x_wconf 91' lang='lat' dir='ltr'><strong>pro·</strong></span> 
     </span>
     <span class='ocr_line' id='line_1_10' title="bbox 218 890 1862 971; baseline -0.009 -14"><span class='ocrx_word' id='word_1_62' title='bbox 218 897 492 970; x_wconf 89' lang='lat' dir='ltr'><strong>mulgari,</strong></span> <span class='ocrx_word' id='word_1_63' title='bbox 526 896 805 971; x_wconf 89' lang='lat' dir='ltr'><strong>quoniam</strong></span> <span class='ocrx_word' id='word_1_64' title='bbox 828 895 920 951; x_wconf 83' lang='lat' dir='ltr'><strong>vix</strong></span> <span class='ocrx_word' id='word_1_65' title='bbox 938 894 1228 951; x_wconf 88' lang='lat' dir='ltr'><strong>credimus</strong></span> <span class='ocrx_word' id='word_1_66' title='bbox 1257 908 1355 949; x_wconf 87' lang='lat' dir='ltr'><strong>eos</strong></span> <span class='ocrx_word' id='word_1_67' title='bbox 1375 891 1488 948; x_wconf 88' lang='lat' dir='ltr'><strong>nisi</strong></span> <span class='ocrx_word' id='word_1_68' title='bbox 1519 890 1658 962; x_wconf 70' lang='lat' dir='ltr'><strong>tuga</strong></span> <span class='ocrx_word' id='word_1_69' title='bbox 1677 892 1736 945; x_wconf 89' lang='lat' dir='ltr'><strong>et</strong></span> <span class='ocrx_word' id='word_1_70' title='bbox 1755 903 1862 944; x_wconf 73' lang='grc' dir='ltr'><strong>ιω-</strong></span> 
     </span>
     <span class='ocr_line' id='line_1_11' title="bbox 214 977 1867 1060; baseline -0.007 -16"><span class='ocrx_word' id='word_1_71' title='bbox 214 986 401 1044; x_wconf 86' lang='lat' dir='ltr'><strong>culari</strong></span> <span class='ocrx_word' id='word_1_72' title='bbox 432 987 698 1060; x_wconf 84' lang='lat' dir='ltr'><strong>potentia</strong></span> <span class='ocrx_word' id='word_1_73' title='bbox 717 984 1131 1043; x_wconf 78' lang='lat' dir='ltr'><strong>defendendas.</strong></span> <span class='ocrx_word' id='word_1_74' title='bbox 1154 983 1438 1040; x_wconf 73' lang='lat' dir='ltr'><strong>Caeterum</strong></span> <span class='ocrx_word' id='word_1_75' title='bbox 1469 996 1617 1054; x_wconf 90' lang='lat' dir='ltr'><strong>quos</strong></span> <span class='ocrx_word' id='word_1_76' title='bbox 1638 993 1744 1051; x_wconf 87' lang='lat' dir='ltr'><strong>ego</strong></span> <span class='ocrx_word' id='word_1_77' title='bbox 1765 977 1867 1033; x_wconf 90' lang='lat' dir='ltr'><strong>de-</strong></span> 
     </span>
     <span class='ocr_line' id='line_1_12' title="bbox 215 1064 1866 1149; baseline -0.008 -15"><span class='ocrx_word' id='word_1_78' title='bbox 215 1077 363 1134; x_wconf 77' lang='lat' dir='ltr'><strong>ferre</strong></span> <span class='ocrx_word' id='word_1_79' title='bbox 404 1092 709 1149; x_wconf 72' lang='lat' dir='ltr'><strong>praesumo,</strong></span> <span class='ocrx_word' id='word_1_80' title='bbox 756 1089 1026 1132; x_wconf 91' lang='lat' dir='ltr'><strong>securum</strong></span> <span class='ocrx_word' id='word_1_81' title='bbox 1056 1073 1220 1130; x_wconf 76' lang='lat' dir='ltr'><strong>vobis</strong></span> <span class='ocrx_word' id='word_1_82' title='bbox 1266 1076 1352 1129; x_wconf 89' lang='lat' dir='ltr'><strong>est</strong></span> <span class='ocrx_word' id='word_1_83' title='bbox 1399 1068 1676 1127; x_wconf 90' lang='lat' dir='ltr'><strong>canonice</strong></span> <span class='ocrx_word' id='word_1_84' title='bbox 1702 1064 1866 1139; x_wconf 89' lang='lat' dir='ltr'><strong>judi-</strong></span> 
     </span>
     <span class='ocr_line' id='line_1_13' title="bbox 212 1156 1865 1235; baseline -0.005 -12"><span class='ocrx_word' id='word_1_85' title='bbox 212 1182 369 1235; x_wconf 88' lang='lat' dir='ltr'><strong>care,</strong></span> <span class='ocrx_word' id='word_1_86' title='bbox 398 1164 506 1222; x_wconf 91' lang='lat' dir='ltr'><strong>sed</strong></span> <span class='ocrx_word' id='word_1_87' title='bbox 533 1166 606 1221; x_wconf 92' lang='lat' dir='ltr'><strong>de</strong></span> <span class='ocrx_word' id='word_1_88' title='bbox 633 1163 992 1222; x_wconf 77' lang='lat' dir='ltr'><strong>Normannia</strong></span> <span class='ocrx_word' id='word_1_89' title='bbox 1029 1160 1230 1218; x_wconf 88' lang='lat' dir='ltr'><strong>nuilus</strong></span> <span class='ocrx_word' id='word_1_90' title='bbox 1259 1160 1430 1217; x_wconf 91' lang='lat' dir='ltr'><strong>nobis</strong></span> <span class='ocrx_word' id='word_1_91' title='bbox 1463 1158 1646 1230; x_wconf 72' lang='lat' dir='ltr'><strong>,iudex</strong></span> <span class='ocrx_word' id='word_1_92' title='bbox 1675 1156 1865 1214; x_wconf 90' lang='lat' dir='ltr'><strong>bonus</strong></span> 
     </span>
     <span class='ocr_line' id='line_1_14' title="bbox 212 1245 1860 1322; baseline -0.007 -10"><span class='ocrx_word' id='word_1_93' title='bbox 212 1258 319 1322; x_wconf 85' lang='lat' dir='ltr'><strong>est,</strong></span> <span class='ocrx_word' id='word_1_94' title='bbox 351 1270 456 1310; x_wconf 92' lang='lat' dir='ltr'><strong>nec</strong></span> <span class='ocrx_word' id='word_1_95' title='bbox 478 1254 758 1311; x_wconf 70' lang='lat' dir='ltr'><strong>securitas</strong></span> <span class='ocrx_word' id='word_1_96' title='bbox 777 1253 837 1308; x_wconf 88' lang='lat' dir='ltr'><strong>in</strong></span> <span class='ocrx_word' id='word_1_97' title='bbox 855 1251 1213 1308; x_wconf 80' lang='lat' dir='ltr'><strong>Normannia</strong></span> <span class='ocrx_word' id='word_1_98' title='bbox 1233 1247 1523 1322; x_wconf 84' lang='lat' dir='ltr'><strong>litigandi,</strong></span> <span class='ocrx_word' id='word_1_99' title='bbox 1547 1246 1688 1319; x_wconf 90' lang='lat' dir='ltr'><strong>quia</strong></span> <span class='ocrx_word' id='word_1_100' title='bbox 1707 1245 1860 1318; x_wconf 90' lang='lat' dir='ltr'><strong>quod</strong></span> 
     </span>
     <span class='ocr_line' id='line_1_15' title="bbox 213 1333 1862 1412; baseline -0.006 -14"><span class='ocrx_word' id='word_1_101' title='bbox 213 1342 300 1399; x_wconf 93' lang='lat' dir='ltr'><strong>illi</strong></span> <span class='ocrx_word' id='word_1_102' title='bbox 332 1344 612 1401; x_wconf 81' lang='lat' dir='ltr'><strong>adversus</strong></span> <span class='ocrx_word' id='word_1_103' title='bbox 643 1358 750 1399; x_wconf 89' lang='lat' dir='ltr'><strong>nos</strong></span> <span class='ocrx_word' id='word_1_104' title='bbox 773 1342 1028 1398; x_wconf 78' lang='lat' dir='ltr'><strong>fecerunt</strong></span> <span class='ocrx_word' id='word_1_105' title='bbox 1058 1356 1161 1412; x_wconf 93' lang='lat' dir='ltr'><strong>pro</strong></span> <span class='ocrx_word' id='word_1_106' title='bbox 1190 1336 1699 1396; x_wconf 73' lang='lat' dir='ltr'><strong>condemnationis</strong></span> <span class='ocrx_word' id='word_1_107' title='bbox 1719 1333 1862 1390; x_wconf 80' lang='lat' dir='ltr'><strong>efl&#39;u-</strong></span> 
     </span>
     <span class='ocr_line' id='line_1_16' title="bbox 211 1424 1865 1505; baseline -0.007 -17"><span class='ocrx_word' id='word_1_108' title='bbox 211 1433 326 1505; x_wconf 85' lang='lat' dir='ltr'><strong>gio,</strong></span> <span class='ocrx_word' id='word_1_109' title='bbox 374 1447 438 1490; x_wconf 87' lang='lat' dir='ltr'><strong>se</strong></span> <span class='ocrx_word' id='word_1_110' title='bbox 486 1448 589 1504; x_wconf 93' lang='lat' dir='ltr'><strong>pro</strong></span> <span class='ocrx_word' id='word_1_111' title='bbox 619 1431 773 1504; x_wconf 87' lang='lat' dir='ltr'><strong>regis</strong></span> <span class='ocrx_word' id='word_1_112' title='bbox 821 1430 1010 1503; x_wconf 88' lang='lat' dir='ltr'><strong>gratia</strong></span> <span class='ocrx_word' id='word_1_113' title='bbox 1050 1429 1256 1486; x_wconf 79' lang='lat' dir='ltr'><strong>fecisse</strong></span> <span class='ocrx_word' id='word_1_114' title='bbox 1284 1425 1644 1485; x_wconf 85' lang='lat' dir='ltr'><strong>clamabunt.</strong></span> <span class='ocrx_word' id='word_1_115' title='bbox 1678 1424 1865 1496; x_wconf 80' lang='lat' dir='ltr'><strong>Super</strong></span> 
     </span>
     <span class='ocr_line' id='line_1_17' title="bbox 211 1517 1861 1594; baseline -0.007 -15"><span class='ocrx_word' id='word_1_116' title='bbox 211 1536 329 1594; x_wconf 87' lang='lat' dir='ltr'><strong>quo</strong></span> <span class='ocrx_word' id='word_1_117' title='bbox 385 1521 435 1578; x_wconf 91' lang='lat' dir='ltr'><strong>si</strong></span> <span class='ocrx_word' id='word_1_118' title='bbox 477 1519 705 1592; x_wconf 78' lang='lat' dir='ltr'><strong>aliquod</strong></span> <span class='ocrx_word' id='word_1_119' title='bbox 750 1521 1061 1576; x_wconf 83' lang='lat' dir='ltr'><strong>adversum</strong></span> <span class='ocrx_word' id='word_1_120' title='bbox 1102 1533 1227 1586; x_wconf 87' lang='lat' dir='ltr'><strong>nos,</strong></span> <span class='ocrx_word' id='word_1_121' title='bbox 1272 1517 1389 1575; x_wconf 91' lang='lat' dir='ltr'><strong>imo</strong></span> <span class='ocrx_word' id='word_1_122' title='bbox 1417 1517 1728 1573; x_wconf 88' lang='lat' dir='ltr'><strong>adversum</strong></span> <span class='ocrx_word' id='word_1_123' title='bbox 1760 1526 1861 1568; x_wconf 85' lang='lat' dir='ltr'><strong>vos</strong></span> 
     </span>
     <span class='ocr_line' id='line_1_18' title="bbox 210 1604 1864 1677; baseline -0.006 -10"><span class='ocrx_word' id='word_1_124' title='bbox 210 1610 465 1670; x_wconf 84' lang='lat' dir='ltr'><strong>schisma</strong></span> <span class='ocrx_word' id='word_1_125' title='bbox 513 1613 658 1669; x_wconf 80' lang='lat' dir='ltr'><strong>forte</strong></span> <span class='ocrx_word' id='word_1_126' title='bbox 705 1614 1171 1677; x_wconf 89' lang='lat' dir='ltr'><strong>commoverunt,</strong></span> <span class='ocrx_word' id='word_1_127' title='bbox 1224 1616 1480 1666; x_wconf 88' lang='lat' dir='ltr'><strong>vestrum</strong></span> <span class='ocrx_word' id='word_1_128' title='bbox 1529 1605 1660 1671; x_wconf 91' lang='lat' dir='ltr'><strong>erit,</strong></span> <span class='ocrx_word' id='word_1_129' title='bbox 1711 1604 1864 1658; x_wconf 86' lang='lat' dir='ltr'><strong>sicut</strong></span> 
     </span>
     <span class='ocr_line' id='line_1_19' title="bbox 208 1692 1862 1774; baseline -0.007 -16"><span class='ocrx_word' id='word_1_130' title='bbox 208 1701 503 1774; x_wconf 87' lang='lat' dir='ltr'><strong>sapientia</strong></span> <span class='ocrx_word' id='word_1_131' title='bbox 549 1705 744 1757; x_wconf 85' lang='lat' dir='ltr'><strong>vestra</strong></span> <span class='ocrx_word' id='word_1_132' title='bbox 784 1700 960 1769; x_wconf 87' lang='lat' dir='ltr'><strong>novit,</strong></span> <span class='ocrx_word' id='word_1_133' title='bbox 994 1697 1262 1756; x_wconf 79' lang='lat' dir='ltr'><strong>Ecclesiae</strong></span> <span class='ocrx_word' id='word_1_134' title='bbox 1291 1696 1394 1754; x_wconf 88' lang='lat' dir='ltr'><strong>Dei</strong></span> <span class='ocrx_word' id='word_1_135' title='bbox 1433 1695 1707 1768; x_wconf 78' lang='lat' dir='ltr'><strong>inJuriam</strong></span> <span class='ocrx_word' id='word_1_136' title='bbox 1742 1692 1862 1748; x_wconf 80' lang='lat' dir='ltr'><strong>vin-</strong></span> 
     </span>
    </p>
   </div>
   <div class='ocr_carea' id='block_1_6' title="bbox 207 1792 1114 1936">
    <p class='ocr_par' dir='ltr' id='par_1_6' title="bbox 207 1792 1114 1936">
     <span class='ocr_line' id='line_1_20' title="bbox 207 1792 419 1851; baseline -0.024 -1"><span class='ocrx_word' id='word_1_137' title='bbox 207 1792 419 1851; x_wconf 86' lang='lat' dir='ltr'><strong>dicare.</strong></span> 
     </span>
     <span class='ocr_line' id='line_1_21' title="bbox 942 1877 1114 1936; baseline -0.017 0"><span class='ocrx_word' id='word_1_138' title='bbox 942 1877 1114 1936; x_wconf 80' lang='lat' dir='ltr'><strong>exn.</strong></span> 
     </span>
    </p>
   </div>
   <div class='ocr_carea' id='block_1_7' title="bbox 194 1982 1852 3021">
    <p class='ocr_par' dir='ltr' id='par_1_7' title="bbox 513 1982 1538 2025">
     <span class='ocr_line' id='line_1_22' title="bbox 513 1982 1538 2025; baseline -0.002 0"><span class='ocrx_word' id='word_1_139' title='bbox 513 1984 581 2025; x_wconf 80' lang='lat' dir='ltr'><strong>m</strong></span> <span class='ocrx_word' id='word_1_140' title='bbox 611 1982 886 2025; x_wconf 73' lang='lat' dir='ltr'><strong>noutntm</strong></span> <span class='ocrx_word' id='word_1_141' title='bbox 916 1984 1109 2024; x_wconf 72' lang='lat' dir='ltr'><strong>mmm</strong></span> <span class='ocrx_word' id='word_1_142' title='bbox 1137 1982 1538 2023; x_wconf 67' lang='lat' dir='ltr'><strong>amanuncu-</strong></span> 
     </span>
    </p>

    <p class='ocr_par' dir='ltr' id='par_1_8' title="bbox 194 2053 1852 3021">
     <span class='ocr_line' id='line_1_23' title="bbox 276 2053 1852 2127; baseline -0.001 -14"><span class='ocrx_word' id='word_1_143' title='bbox 276 2056 539 2115; x_wconf 79' lang='lat' dir='ltr'><strong>Pervenit</strong></span> <span class='ocrx_word' id='word_1_144' title='bbox 556 2059 626 2113; x_wconf 86' lang='lat' dir='ltr'><strong>ad</strong></span> <span class='ocrx_word' id='word_1_145' title='bbox 658 2056 922 2113; x_wconf 74' lang='lat' dir='ltr'><strong>notitiam</strong></span> <span class='ocrx_word' id='word_1_146' title='bbox 955 2060 1202 2114; x_wconf 88' lang='lat' dir='ltr'><strong>vestram</strong></span> <span class='ocrx_word' id='word_1_147' title='bbox 1225 2055 1546 2113; x_wconf 86' lang='lat' dir='ltr'><strong>llamonem</strong></span> <span class='ocrx_word' id='word_1_148' title='bbox 1569 2053 1852 2127; x_wconf 78' lang='lat' dir='ltr'><strong>presbyte-</strong></span> 
     </span>
     <span class='ocr_line' id='line_1_24' title="bbox 202 2142 1850 2218; baseline -0.002 -15"><span class='ocrx_word' id='word_1_149' title='bbox 202 2161 334 2204; x_wconf 85' lang='lat' dir='ltr'><strong>rum</strong></span> <span class='ocrx_word' id='word_1_150' title='bbox 366 2146 582 2204; x_wconf 88' lang='lat' dir='ltr'><strong>habere</strong></span> <span class='ocrx_word' id='word_1_151' title='bbox 612 2144 843 2218; x_wconf 86' lang='lat' dir='ltr'><strong>publice</strong></span> <span class='ocrx_word' id='word_1_152' title='bbox 871 2144 1279 2216; x_wconf 85' lang='lat' dir='ltr'><strong>concubinam,</strong></span> <span class='ocrx_word' id='word_1_153' title='bbox 1299 2146 1607 2218; x_wconf 88' lang='lat' dir='ltr'><strong>ipsumque</strong></span> <span class='ocrx_word' id='word_1_154' title='bbox 1633 2160 1759 2200; x_wconf 81' lang='lat' dir='ltr'><strong>earn</strong></span> <span class='ocrx_word' id='word_1_155' title='bbox 1790 2142 1850 2199; x_wconf 90' lang='lat' dir='ltr'><strong>in</strong></span> 
     </span>
     <span class='ocr_line' id='line_1_25' title="bbox 201 2234 1851 2307; baseline -0.003 -13"><span class='ocrx_word' id='word_1_156' title='bbox 201 2237 404 2295; x_wconf 87' lang='lat' dir='ltr'><strong>eadem</strong></span> <span class='ocrx_word' id='word_1_157' title='bbox 437 2235 608 2291; x_wconf 91' lang='lat' dir='ltr'><strong>domo</strong></span> <span class='ocrx_word' id='word_1_158' title='bbox 639 2239 696 2291; x_wconf 91' lang='lat' dir='ltr'><strong>et</strong></span> <span class='ocrx_word' id='word_1_159' title='bbox 727 2251 931 2291; x_wconf 87' lang='lat' dir='ltr'><strong>mensa</strong></span> <span class='ocrx_word' id='word_1_160' title='bbox 973 2243 1028 2291; x_wconf 86' lang='lat' dir='ltr'><strong>et</strong></span> <span class='ocrx_word' id='word_1_161' title='bbox 1059 2235 1203 2291; x_wconf 89' lang='lat' dir='ltr'><strong>lecto</strong></span> <span class='ocrx_word' id='word_1_162' title='bbox 1233 2235 1473 2307; x_wconf 83' lang='lat' dir='ltr'><strong>triginta</strong></span> <span class='ocrx_word' id='word_1_163' title='bbox 1498 2234 1669 2290; x_wconf 87' lang='lat' dir='ltr'><strong>annis</strong></span> <span class='ocrx_word' id='word_1_164' title='bbox 1700 2239 1753 2290; x_wconf 87' lang='lat' dir='ltr'><strong>et</strong></span> <span class='ocrx_word' id='word_1_165' title='bbox 1782 2248 1851 2289; x_wconf 91' lang='lat' dir='ltr'><strong>ec</strong></span> 
     </span>
     <span class='ocr_line' id='line_1_26' title="bbox 199 2322 1850 2399; baseline -0.004 -16"><span class='ocrx_word' id='word_1_166' title='bbox 199 2325 455 2399; x_wconf 82' lang='lat' dir='ltr'><strong>amplius</strong></span> <span class='ocrx_word' id='word_1_167' title='bbox 483 2324 761 2392; x_wconf 86' lang='lat' dir='ltr'><strong>tenuisse,</strong></span> <span class='ocrx_word' id='word_1_168' title='bbox 785 2323 1217 2394; x_wconf 88' lang='lat' dir='ltr'><strong>plurimamque</strong></span> <span class='ocrx_word' id='word_1_169' title='bbox 1247 2339 1316 2378; x_wconf 87' lang='lat' dir='ltr'><strong>ex</strong></span> <span class='ocrx_word' id='word_1_170' title='bbox 1335 2338 1403 2379; x_wconf 90' lang='lat' dir='ltr'><strong>ea</strong></span> <span class='ocrx_word' id='word_1_171' title='bbox 1433 2322 1689 2379; x_wconf 88' lang='lat' dir='ltr'><strong>sobolem</strong></span> <span class='ocrx_word' id='word_1_172' title='bbox 1722 2337 1850 2394; x_wconf 90' lang='lat' dir='ltr'><strong>pro—</strong></span> 
     </span>
     <span class='ocr_line' id='line_1_27' title="bbox 199 2412 1850 2486; baseline -0.002 -15"><span class='ocrx_word' id='word_1_173' title='bbox 199 2428 465 2478; x_wconf 81' lang='lat' dir='ltr'><strong>creasse;</strong></span> <span class='ocrx_word' id='word_1_174' title='bbox 496 2413 651 2486; x_wconf 88' lang='lat' dir='ltr'><strong>quod</strong></span> <span class='ocrx_word' id='word_1_175' title='bbox 676 2428 816 2468; x_wconf 87' lang='lat' dir='ltr'><strong>sane</strong></span> <span class='ocrx_word' id='word_1_176' title='bbox 850 2413 1069 2468; x_wconf 79' lang='lat' dir='ltr'><strong>factum</strong></span> <span class='ocrx_word' id='word_1_177' title='bbox 1102 2412 1242 2468; x_wconf 86' lang='lat' dir='ltr'><strong>adeo</strong></span> <span class='ocrx_word' id='word_1_178' title='bbox 1272 2412 1649 2468; x_wconf 78' lang='lat' dir='ltr'><strong>manifestum</strong></span> <span class='ocrx_word' id='word_1_179' title='bbox 1671 2419 1726 2467; x_wconf 89' lang='lat' dir='ltr'><strong>et</strong></span> <span class='ocrx_word' id='word_1_180' title='bbox 1749 2427 1850 2467; x_wconf 90' lang='lat' dir='ltr'><strong>uo-</strong></span> 
     </span>
     <span class='ocr_line' id='line_1_28' title="bbox 200 2500 1846 2574; baseline -0.002 -15"><span class='ocrx_word' id='word_1_181' title='bbox 200 2502 413 2560; x_wconf 90' lang='lat' dir='ltr'><strong>torium</strong></span> <span class='ocrx_word' id='word_1_182' title='bbox 439 2516 671 2574; x_wconf 85' lang='lat' dir='ltr'><strong>semper</strong></span> <span class='ocrx_word' id='word_1_183' title='bbox 698 2502 940 2569; x_wconf 86' lang='lat' dir='ltr'><strong>exstitit,</strong></span> <span class='ocrx_word' id='word_1_184' title='bbox 973 2507 1035 2556; x_wconf 90' lang='lat' dir='ltr'><strong>ut</strong></span> <span class='ocrx_word' id='word_1_185' title='bbox 1065 2500 1227 2557; x_wconf 89' lang='lat' dir='ltr'><strong>nullo</strong></span> <span class='ocrx_word' id='word_1_186' title='bbox 1260 2517 1517 2574; x_wconf 83' lang='lat' dir='ltr'><strong>unquam</strong></span> <span class='ocrx_word' id='word_1_187' title='bbox 1561 2500 1846 2557; x_wconf 78' lang='lat' dir='ltr'><strong>velamine</strong></span> 
     </span>
     <span class='ocr_line' id='line_1_29' title="bbox 197 2588 1847 2660; baseline -0.002 -11"><span class='ocrx_word' id='word_1_188' title='bbox 197 2600 450 2650; x_wconf 79' lang='lat' dir='ltr'><strong>servaret</strong></span> <span class='ocrx_word' id='word_1_189' title='bbox 475 2590 907 2658; x_wconf 88' lang='lat' dir='ltr'><strong>absconditum,</strong></span> <span class='ocrx_word' id='word_1_190' title='bbox 929 2591 1031 2646; x_wconf 90' lang='lat' dir='ltr'><strong>sed</strong></span> <span class='ocrx_word' id='word_1_191' title='bbox 1051 2589 1412 2646; x_wconf 80' lang='lat' dir='ltr'><strong>solemnibus</strong></span> <span class='ocrx_word' id='word_1_192' title='bbox 1434 2588 1687 2646; x_wconf 81' lang='lat' dir='ltr'><strong>tiliarum</strong></span> <span class='ocrx_word' id='word_1_193' title='bbox 1710 2605 1847 2660; x_wconf 87' lang='lat' dir='ltr'><strong>gau-</strong></span> 
     </span>
     <span class='ocr_line' id='line_1_30' title="bbox 198 2678 1844 2751; baseline -0.001 -13"><span class='ocrx_word' id='word_1_194' title='bbox 198 2681 374 2738; x_wconf 90' lang='lat' dir='ltr'><strong>debat</strong></span> <span class='ocrx_word' id='word_1_195' title='bbox 386 2678 855 2737; x_wconf 84' lang='lat' dir='ltr'><strong>matrimoniisad</strong></span> <span class='ocrx_word' id='word_1_196' title='bbox 872 2680 1148 2751; x_wconf 78' lang='lat' dir='ltr'><strong>maJorem</strong></span> <span class='ocrx_word' id='word_1_197' title='bbox 1161 2678 1511 2736; x_wconf 83' lang='lat' dir='ltr'><strong>evidentiam</strong></span> <span class='ocrx_word' id='word_1_198' title='bbox 1527 2678 1844 2736; x_wconf 88' lang='lat' dir='ltr'><strong>illustrare.</strong></span> 
     </span>
     <span class='ocr_line' id='line_1_31' title="bbox 196 2768 1847 2843; baseline 0 -19"><span class='ocrx_word' id='word_1_199' title='bbox 196 2772 379 2843; x_wconf 80' lang='lat' dir='ltr'><strong>Super</strong></span> <span class='ocrx_word' id='word_1_200' title='bbox 406 2784 524 2842; x_wconf 85' lang='lat' dir='ltr'><strong>quo</strong></span> <span class='ocrx_word' id='word_1_201' title='bbox 572 2782 706 2824; x_wconf 88' lang='lat' dir='ltr'><strong>cum</strong></span> <span class='ocrx_word' id='word_1_202' title='bbox 739 2768 1065 2840; x_wconf 80' lang='lat' dir='ltr'><strong>majestatis</strong></span> <span class='ocrx_word' id='word_1_203' title='bbox 1104 2771 1307 2825; x_wconf 76' lang='lat' dir='ltr'><strong>vestrae</strong></span> <span class='ocrx_word' id='word_1_204' title='bbox 1337 2769 1556 2826; x_wconf 88' lang='lat' dir='ltr'><strong>litteras</strong></span> <span class='ocrx_word' id='word_1_205' title='bbox 1587 2768 1847 2840; x_wconf 89' lang='lat' dir='ltr'><strong>accepis-</strong></span> 
     </span>
     <span class='ocr_line' id='line_1_32' title="bbox 196 2858 1844 2932; baseline 0.001 -16"><span class='ocrx_word' id='word_1_206' title='bbox 196 2874 343 2920; x_wconf 85' lang='lat' dir='ltr'><strong>sem.</strong></span> <span class='ocrx_word' id='word_1_207' title='bbox 367 2867 431 2915; x_wconf 90' lang='lat' dir='ltr'><strong>ut</strong></span> <span class='ocrx_word' id='word_1_208' title='bbox 461 2859 654 2932; x_wconf 89' lang='lat' dir='ltr'><strong>ipsum</strong></span> <span class='ocrx_word' id='word_1_209' title='bbox 698 2859 1031 2916; x_wconf 85' lang='lat' dir='ltr'><strong>satislacere</strong></span> <span class='ocrx_word' id='word_1_210' title='bbox 1061 2875 1358 2916; x_wconf 88' lang='lat' dir='ltr'><strong>monerem</strong></span> <span class='ocrx_word' id='word_1_211' title='bbox 1395 2858 1610 2931; x_wconf 87' lang='lat' dir='ltr'><strong>pariter</strong></span> <span class='ocrx_word' id='word_1_212' title='bbox 1637 2863 1695 2915; x_wconf 89' lang='lat' dir='ltr'><strong>et</strong></span> <span class='ocrx_word' id='word_1_213' title='bbox 1718 2874 1844 2917; x_wconf 87' lang='lat' dir='ltr'><strong>ces-</strong></span> 
     </span>
     <span class='ocr_line' id='line_1_33' title="bbox 194 2947 1845 3021; baseline 0.001 -15"><span class='ocrx_word' id='word_1_214' title='bbox 194 2962 342 3018; x_wconf 88' lang='lat' dir='ltr'><strong>sare,</strong></span> <span class='ocrx_word' id='word_1_215' title='bbox 392 2947 585 3020; x_wconf 89' lang='lat' dir='ltr'><strong>ipsum</strong></span> <span class='ocrx_word' id='word_1_216' title='bbox 636 2948 692 3004; x_wconf 93' lang='lat' dir='ltr'><strong>in</strong></span> <span class='ocrx_word' id='word_1_217' title='bbox 724 2947 975 3021; x_wconf 88' lang='lat' dir='ltr'><strong>capitulo</strong></span> <span class='ocrx_word' id='word_1_218' title='bbox 1022 2963 1219 3005; x_wconf 87' lang='lat' dir='ltr'><strong>coram</strong></span> <span class='ocrx_word' id='word_1_219' title='bbox 1254 2948 1526 3005; x_wconf 86' lang='lat' dir='ltr'><strong>omnibus</strong></span> <span class='ocrx_word' id='word_1_220' title='bbox 1565 2947 1845 3008; x_wconf 78' lang='lat' dir='ltr'><strong>fratribus</strong></span> 
     </span>
    </p>
   </div>
   <div class='ocr_carea' id='block_1_8' title="bbox 1886 1743 1937 1809">
    <p class='ocr_par' dir='ltr' id='par_1_9' title="bbox 1886 1743 1937 1809">
     <span class='ocr_line' id='line_1_34' title="bbox 1886 1743 1937 1809; baseline 0 0"><span class='ocrx_word' id='word_1_221' title='bbox 1886 1743 1937 1809; x_wconf 90' lang='grc' dir='ltr'><strong>Β</strong></span> 
     </span>
    </p>
   </div>
   <div class='ocr_carea' id='block_1_9' title="bbox 1953 440 3647 2932">
    <p class='ocr_par' dir='ltr' id='par_1_10' title="bbox 1977 440 3647 953">
     <span class='ocr_line' id='line_1_35' title="bbox 1984 440 3647 519; baseline 0.005 -23"><span class='ocrx_word' id='word_1_222' title='bbox 1984 440 2132 499; x_wconf 86' lang='lat' dir='ltr'><strong>male</strong></span> <span class='ocrx_word' id='word_1_223' title='bbox 2160 442 2382 501; x_wconf 68' lang='lat' dir='ltr'><strong>collatae</strong></span> <span class='ocrx_word' id='word_1_224' title='bbox 2430 453 2586 516; x_wconf 88' lang='lat' dir='ltr'><strong>sunt,</strong></span> <span class='ocrx_word' id='word_1_225' title='bbox 2642 445 2870 504; x_wconf 76' lang='lat' dir='ltr'><strong>faciatis</strong></span> <span class='ocrx_word' id='word_1_226' title='bbox 2908 445 3174 519; x_wconf 87' lang='lat' dir='ltr'><strong>personis</strong></span> <span class='ocrx_word' id='word_1_227' title='bbox 3214 446 3442 504; x_wconf 88' lang='lat' dir='ltr'><strong>idoneis</strong></span> <span class='ocrx_word' id='word_1_228' title='bbox 3489 446 3647 504; x_wconf 88' lang='lat' dir='ltr'><strong>assi-</strong></span> 
     </span>
     <span class='ocr_line' id='line_1_36' title="bbox 1979 532 3642 609; baseline 0.002 -21"><span class='ocrx_word' id='word_1_229' title='bbox 1979 532 2169 603; x_wconf 88' lang='lat' dir='ltr'><strong>gnari.</strong></span> <span class='ocrx_word' id='word_1_230' title='bbox 2220 532 2417 591; x_wconf 86' lang='lat' dir='ltr'><strong>Plures</strong></span> <span class='ocrx_word' id='word_1_231' title='bbox 2465 535 2760 608; x_wconf 89' lang='lat' dir='ltr'><strong>siqnidem</strong></span> <span class='ocrx_word' id='word_1_232' title='bbox 2810 539 2968 603; x_wconf 89' lang='lat' dir='ltr'><strong>sunt,</strong></span> <span class='ocrx_word' id='word_1_233' title='bbox 3021 534 3322 608; x_wconf 87' lang='lat' dir='ltr'><strong>poterique</strong></span> <span class='ocrx_word' id='word_1_234' title='bbox 3369 534 3642 609; x_wconf 88' lang='lat' dir='ltr'><strong>pluribus</strong></span> 
     </span>
     <span class='ocr_line' id='line_1_37' title="bbox 1977 620 3642 698; baseline 0.002 -21"><span class='ocrx_word' id='word_1_235' title='bbox 1977 620 2238 679; x_wconf 81' lang='lat' dir='ltr'><strong>honestis</strong></span> <span class='ocrx_word' id='word_1_236' title='bbox 2290 626 2553 698; x_wconf 85' lang='lat' dir='ltr'><strong>personis</strong></span> <span class='ocrx_word' id='word_1_237' title='bbox 2603 625 2908 697; x_wconf 82' lang='lat' dir='ltr'><strong>proficere,</strong></span> <span class='ocrx_word' id='word_1_238' title='bbox 2955 626 3108 698; x_wconf 89' lang='lat' dir='ltr'><strong>quod</strong></span> <span class='ocrx_word' id='word_1_239' title='bbox 3161 625 3311 684; x_wconf 87' lang='lat' dir='ltr'><strong>male</strong></span> <span class='ocrx_word' id='word_1_240' title='bbox 3358 625 3416 680; x_wconf 92' lang='lat' dir='ltr'><strong>in</strong></span> <span class='ocrx_word' id='word_1_241' title='bbox 3460 624 3642 681; x_wconf 88' lang='lat' dir='ltr'><strong>unius</strong></span> 
     </span>
     <span class='ocr_line' id='line_1_38' title="bbox 1978 714 2957 788; baseline 0.003 -22"><span class='ocrx_word' id='word_1_242' title='bbox 1978 715 2210 769; x_wconf 86' lang='lat' dir='ltr'><strong>constat</strong></span> <span class='ocrx_word' id='word_1_243' title='bbox 2238 714 2560 785; x_wconf 89' lang='lat' dir='ltr'><strong>cupiditate</strong></span> <span class='ocrx_word' id='word_1_244' title='bbox 2588 719 2957 788; x_wconf 85' lang='lat' dir='ltr'><strong>congestum.</strong></span> 
     </span>
     <span class='ocr_line' id='line_1_39' title="bbox 2725 804 2915 861; baseline 0 0"><span class='ocrx_word' id='word_1_245' title='bbox 2725 804 2915 861; x_wconf 90' lang='lat' dir='ltr'><strong>CXIII.</strong></span> 
     </span>
     <span class='ocr_line' id='line_1_40' title="bbox 2281 909 3312 953; baseline 0.003 -4"><span class='ocrx_word' id='word_1_246' title='bbox 2281 909 2354 949; x_wconf 69' lang='lat' dir='ltr'><strong>an</strong></span> <span class='ocrx_word' id='word_1_247' title='bbox 2386 909 2658 951; x_wconf 63' lang='lat' dir='ltr'><strong>nouimus(</strong></span> <span class='ocrx_word' id='word_1_248' title='bbox 2686 910 2882 952; x_wconf 60' lang='lat' dir='ltr'><strong>aaran</strong></span> <span class='ocrx_word' id='word_1_249' title='bbox 2909 910 3312 953; x_wconf 67' lang='lat' dir='ltr'><strong>amaxonum.</strong></span> 
     </span>
    </p>

    <p class='ocr_par' dir='ltr' id='par_1_11' title="bbox 1953 979 3630 2932">
     <span class='ocr_line' id='line_1_41' title="bbox 2046 979 3630 1058; baseline 0.002 -22"><span class='ocrx_word' id='word_1_250' title='bbox 2046 979 2147 1037; x_wconf 77' lang='lat' dir='ltr'><strong>Est</strong></span> <span class='ocrx_word' id='word_1_251' title='bbox 2175 980 2453 1053; x_wconf 88' lang='lat' dir='ltr'><strong>quiddam</strong></span> <span class='ocrx_word' id='word_1_252' title='bbox 2475 984 2627 1054; x_wconf 86' lang='lat' dir='ltr'><strong>quod</strong></span> <span class='ocrx_word' id='word_1_253' title='bbox 2649 985 2747 1040; x_wconf 91' lang='lat' dir='ltr'><strong>diu</strong></span> <span class='ocrx_word' id='word_1_254' title='bbox 2768 983 2906 1041; x_wconf 89' lang='lat' dir='ltr'><strong>licet</strong></span> <span class='ocrx_word' id='word_1_255' title='bbox 2924 983 3357 1058; x_wconf 84' lang='lat' dir='ltr'><strong>absconditum,</strong></span> <span class='ocrx_word' id='word_1_256' title='bbox 3393 998 3630 1044; x_wconf 82' lang='lat' dir='ltr'><strong>necesse</strong></span> 
     </span>
     <span class='ocr_line' id='line_1_42' title="bbox 1975 1068 3623 1140; baseline 0.004 -16"><span class='ocrx_word' id='word_1_257' title='bbox 1975 1068 2160 1126; x_wconf 90' lang='lat' dir='ltr'><strong>habeo</strong></span> <span class='ocrx_word' id='word_1_258' title='bbox 2210 1088 2279 1127; x_wconf 86' lang='lat' dir='ltr'><strong>ex</strong></span> <span class='ocrx_word' id='word_1_259' title='bbox 2317 1071 2428 1130; x_wconf 89' lang='lat' dir='ltr'><strong>hoc</strong></span> <span class='ocrx_word' id='word_1_260' title='bbox 2476 1090 2632 1130; x_wconf 88' lang='lat' dir='ltr'><strong>nunc</strong></span> <span class='ocrx_word' id='word_1_261' title='bbox 2662 1078 2867 1132; x_wconf 68' lang='lat' dir='ltr'><strong>vestris</strong></span> <span class='ocrx_word' id='word_1_262' title='bbox 2908 1074 3318 1132; x_wconf 65' lang='lat' dir='ltr'><strong>misericordiae</strong></span> <span class='ocrx_word' id='word_1_263' title='bbox 3350 1075 3623 1140; x_wconf 83' lang='lat' dir='ltr'><strong>revelare,</strong></span> 
     </span>
     <span class='ocr_line' id='line_1_43' title="bbox 1975 1161 3622 1236; baseline 0.005 -23"><span class='ocrx_word' id='word_1_264' title='bbox 1975 1161 2225 1231; x_wconf 82' lang='lat' dir='ltr'><strong>utsuper</strong></span> <span class='ocrx_word' id='word_1_265' title='bbox 2243 1176 2309 1217; x_wconf 92' lang='lat' dir='ltr'><strong>eo</strong></span> <span class='ocrx_word' id='word_1_266' title='bbox 2329 1162 2548 1234; x_wconf 86' lang='lat' dir='ltr'><strong>poesim</strong></span> <span class='ocrx_word' id='word_1_267' title='bbox 2561 1165 2711 1236; x_wconf 83' lang='lat' dir='ltr'><strong>apud</strong></span> <span class='ocrx_word' id='word_1_268' title='bbox 2725 1162 3147 1236; x_wconf 77' lang='lat' dir='ltr'><strong>benignitatem</strong></span> <span class='ocrx_word' id='word_1_269' title='bbox 3163 1168 3416 1221; x_wconf 85' lang='lat' dir='ltr'><strong>vestram</strong></span> <span class='ocrx_word' id='word_1_270' title='bbox 3431 1180 3590 1221; x_wconf 89' lang='lat' dir='ltr'><strong>reme</strong></span> <span class='ocrx_word' id='word_1_271' title='bbox 3607 1196 3622 1206; x_wconf 91' lang='lat'><strong>·</strong></span> 
     </span>
     <span class='ocr_line' id='line_1_44' title="bbox 1972 1249 3626 1325; baseline 0.001 -19"><span class='ocrx_word' id='word_1_272' title='bbox 1972 1249 2136 1306; x_wconf 88' lang='lat' dir='ltr'><strong>dium</strong></span> <span class='ocrx_word' id='word_1_273' title='bbox 2169 1251 2402 1325; x_wconf 80' lang='lat' dir='ltr'><strong>aliquod</strong></span> <span class='ocrx_word' id='word_1_274' title='bbox 2449 1251 2730 1310; x_wconf 80' lang='lat' dir='ltr'><strong>invenire.</strong></span> <span class='ocrx_word' id='word_1_275' title='bbox 2766 1253 2930 1310; x_wconf 75' lang='lat' dir='ltr'><strong>Filios</strong></span> <span class='ocrx_word' id='word_1_276' title='bbox 2975 1254 3219 1310; x_wconf 73' lang='lat' dir='ltr'><strong>enutrivi</strong></span> <span class='ocrx_word' id='word_1_277' title='bbox 3255 1260 3307 1310; x_wconf 78' lang='lat' dir='ltr'><strong>et</strong></span> <span class='ocrx_word' id='word_1_278' title='bbox 3335 1254 3626 1310; x_wconf 75' lang='lat' dir='ltr'><strong>exaltavi:</strong></span> 
     </span>
     <span class='ocr_line' id='line_1_45' title="bbox 1971 1343 3626 1416; baseline 0.001 -19"><span class='ocrx_word' id='word_1_279' title='bbox 1971 1343 2086 1413; x_wconf 74' lang='lat' dir='ltr'><strong>ipsi</strong></span> <span class='ocrx_word' id='word_1_280' title='bbox 2113 1351 2294 1399; x_wconf 77' lang='lat' dir='ltr'><strong>autem</strong></span> <span class='ocrx_word' id='word_1_281' title='bbox 2315 1359 2426 1400; x_wconf 77' lang='lat' dir='ltr'><strong>non</strong></span> <span class='ocrx_word' id='word_1_282' title='bbox 2453 1346 2671 1400; x_wconf 78' lang='lat' dir='ltr'><strong>tantum</strong></span> <span class='ocrx_word' id='word_1_283' title='bbox 2702 1352 3042 1416; x_wconf 77' lang='lat' dir='ltr'><strong>spreverunt,</strong></span> <span class='ocrx_word' id='word_1_284' title='bbox 3072 1343 3168 1400; x_wconf 81' lang='lat' dir='ltr'><strong>sed</strong></span> <span class='ocrx_word' id='word_1_285' title='bbox 3193 1346 3365 1400; x_wconf 77' lang='lat' dir='ltr'><strong>etium</strong></span> <span class='ocrx_word' id='word_1_286' title='bbox 3384 1345 3626 1401; x_wconf 71' lang='lat' dir='ltr'><strong>oderunt</strong></span> 
     </span>
     <span class='ocr_line' id='line_1_46' title="bbox 1973 1428 3628 1502; baseline 0.001 -18"><span class='ocrx_word' id='word_1_287' title='bbox 1973 1442 2060 1484; x_wconf 78' lang='lat' dir='ltr'><strong>me</strong></span> <span class='ocrx_word' id='word_1_288' title='bbox 2086 1428 2221 1501; x_wconf 83' lang='lat' dir='ltr'><strong>(Isa.</strong></span> <span class='ocrx_word' id='word_1_289' title='bbox 2247 1428 2309 1500; x_wconf 88' lang='grc' dir='ltr'><strong>ι).</strong></span> <span class='ocrx_word' id='word_1_290' title='bbox 2341 1428 2590 1501; x_wconf 78' lang='lat' dir='ltr'><strong>Nepotes</strong></span> <span class='ocrx_word' id='word_1_291' title='bbox 2612 1430 2727 1485; x_wconf 89' lang='lat' dir='ltr'><strong>mei</strong></span> <span class='ocrx_word' id='word_1_292' title='bbox 2757 1432 2918 1500; x_wconf 90' lang='lat' dir='ltr'><strong>sunt,</strong></span> <span class='ocrx_word' id='word_1_293' title='bbox 2949 1445 3094 1501; x_wconf 89' lang='lat' dir='ltr'><strong>quoe</strong></span> <span class='ocrx_word' id='word_1_294' title='bbox 3115 1445 3221 1502; x_wconf 87' lang='lat' dir='ltr'><strong>ego</strong></span> <span class='ocrx_word' id='word_1_295' title='bbox 3251 1428 3368 1486; x_wconf 78' lang='lat' dir='ltr'><strong>fere</strong></span> <span class='ocrx_word' id='word_1_296' title='bbox 3387 1446 3423 1486; x_wconf 89' lang='lat' dir='ltr'><strong>a</strong></span> <span class='ocrx_word' id='word_1_297' title='bbox 3449 1444 3628 1486; x_wconf 87' lang='lat' dir='ltr'><strong>cuna-</strong></span> 
     </span>
     <span class='ocr_line' id='line_1_47' title="bbox 1972 1517 3624 1593; baseline 0.001 -19"><span class='ocrx_word' id='word_1_298' title='bbox 1972 1517 2128 1574; x_wconf 88' lang='lat' dir='ltr'><strong>bulis</strong></span> <span class='ocrx_word' id='word_1_299' title='bbox 2159 1518 2564 1591; x_wconf 83' lang='lat' dir='ltr'><strong>indulgentius</strong></span> <span class='ocrx_word' id='word_1_300' title='bbox 2593 1520 2859 1590; x_wconf 82' lang='lat' dir='ltr'><strong>educavi,</strong></span> <span class='ocrx_word' id='word_1_301' title='bbox 2905 1521 3129 1577; x_wconf 82' lang='lat' dir='ltr'><strong>erudivi</strong></span> <span class='ocrx_word' id='word_1_302' title='bbox 3161 1519 3361 1577; x_wconf 86' lang='lat' dir='ltr'><strong>studio</strong></span> <span class='ocrx_word' id='word_1_303' title='bbox 3387 1535 3624 1593; x_wconf 83' lang='lat' dir='ltr'><strong>magno,</strong></span> 
     </span>
     <span class='ocr_line' id='line_1_48' title="bbox 1971 1607 3627 1681; baseline 0.001 -18"><span class='ocrx_word' id='word_1_304' title='bbox 1971 1607 2189 1665; x_wconf 82' lang='lat' dir='ltr'><strong>divitiis</strong></span> <span class='ocrx_word' id='word_1_305' title='bbox 2217 1609 2493 1681; x_wconf 81' lang='lat' dir='ltr'><strong>ampliavi</strong></span> <span class='ocrx_word' id='word_1_306' title='bbox 2522 1613 2579 1665; x_wconf 91' lang='lat' dir='ltr'><strong>et</strong></span> <span class='ocrx_word' id='word_1_307' title='bbox 2608 1608 2931 1666; x_wconf 89' lang='lat' dir='ltr'><strong>illustratos</strong></span> <span class='ocrx_word' id='word_1_308' title='bbox 2962 1609 3288 1667; x_wconf 88' lang='lat' dir='ltr'><strong>honoribus</strong></span> <span class='ocrx_word' id='word_1_309' title='bbox 3330 1610 3438 1666; x_wconf 77' lang='lat' dir='ltr'><strong>feci</strong></span> <span class='ocrx_word' id='word_1_310' title='bbox 3470 1609 3627 1665; x_wconf 89' lang='lat' dir='ltr'><strong>inter</strong></span> 
     </span>
     <span class='ocr_line' id='line_1_49' title="bbox 1969 1696 3622 1772; baseline 0.001 -18"><span class='ocrx_word' id='word_1_311' title='bbox 1969 1696 2117 1755; x_wconf 88' lang='lat' dir='ltr'><strong>alios</strong></span> <span class='ocrx_word' id='word_1_312' title='bbox 2137 1699 2307 1771; x_wconf 91' lang='lat' dir='ltr'><strong>quasi</strong></span> <span class='ocrx_word' id='word_1_313' title='bbox 2329 1698 2566 1771; x_wconf 88' lang='lat' dir='ltr'><strong>speciali</strong></span> <span class='ocrx_word' id='word_1_314' title='bbox 2588 1700 2839 1770; x_wconf 87' lang='lat' dir='ltr'><strong>quadam</strong></span> <span class='ocrx_word' id='word_1_315' title='bbox 2876 1699 3062 1772; x_wconf 89' lang='lat' dir='ltr'><strong>gloria</strong></span> <span class='ocrx_word' id='word_1_316' title='bbox 3082 1698 3474 1772; x_wconf 82' lang='lat' dir='ltr'><strong>resplendere.</strong></span> <span class='ocrx_word' id='word_1_317' title='bbox 3497 1701 3622 1770; x_wconf 86' lang='lat' dir='ltr'><strong>Ipsi</strong></span> 
     </span>
     <span class='ocr_line' id='line_1_50' title="bbox 1965 1787 3622 1859; baseline -0.001 -15"><span class='ocrx_word' id='word_1_318' title='bbox 1965 1802 2098 1845; x_wconf 87' lang='lat' dir='ltr'><strong>vero</strong></span> <span class='ocrx_word' id='word_1_319' title='bbox 2131 1788 2350 1845; x_wconf 86' lang='lat' dir='ltr'><strong>nullam</strong></span> <span class='ocrx_word' id='word_1_320' title='bbox 2369 1787 2593 1845; x_wconf 89' lang='lat' dir='ltr'><strong>meritis</strong></span> <span class='ocrx_word' id='word_1_321' title='bbox 2624 1787 2773 1845; x_wconf 81' lang='lat' dir='ltr'><strong>meis</strong></span> <span class='ocrx_word' id='word_1_322' title='bbox 2791 1789 3045 1859; x_wconf 80' lang='lat' dir='ltr'><strong>gratiam</strong></span> <span class='ocrx_word' id='word_1_323' title='bbox 3068 1788 3347 1856; x_wconf 79' lang='lat' dir='ltr'><strong>referunt,</strong></span> <span class='ocrx_word' id='word_1_324' title='bbox 3372 1802 3477 1843; x_wconf 90' lang='lat' dir='ltr'><strong>nec</strong></span> <span class='ocrx_word' id='word_1_325' title='bbox 3500 1787 3622 1843; x_wconf 88' lang='lat' dir='ltr'><strong>uti-</strong></span> 
     </span>
     <span class='ocr_line' id='line_1_51' title="bbox 1961 1875 3613 1948; baseline -0.002 -14"><span class='ocrx_word' id='word_1_326' title='bbox 1961 1877 2109 1934; x_wconf 85' lang='lat' dir='ltr'><strong>litati</strong></span> <span class='ocrx_word' id='word_1_327' title='bbox 2156 1877 2244 1934; x_wconf 86' lang='lat' dir='ltr'><strong>vel</strong></span> <span class='ocrx_word' id='word_1_328' title='bbox 2294 1877 2499 1934; x_wconf 90' lang='lat' dir='ltr'><strong>honori</strong></span> <span class='ocrx_word' id='word_1_329' title='bbox 2550 1892 2679 1934; x_wconf 90' lang='lat' dir='ltr'><strong>meo</strong></span> <span class='ocrx_word' id='word_1_330' title='bbox 2707 1879 2919 1934; x_wconf 87' lang='lat' dir='ltr'><strong>curant</strong></span> <span class='ocrx_word' id='word_1_331' title='bbox 2945 1876 3020 1933; x_wconf 89' lang='lat' dir='ltr'><strong>&#39;in</strong></span> <span class='ocrx_word' id='word_1_332' title='bbox 3049 1875 3244 1948; x_wconf 87' lang='lat' dir='ltr'><strong>aliquo</strong></span> <span class='ocrx_word' id='word_1_333' title='bbox 3286 1877 3613 1948; x_wconf 80' lang='lat' dir='ltr'><strong>providere,</strong></span> 
     </span>
     <span class='ocr_line' id='line_1_52' title="bbox 1962 1965 3614 2040; baseline -0.001 -17"><span class='ocrx_word' id='word_1_334' title='bbox 1962 1966 2071 2024; x_wconf 88' lang='lat' dir='ltr'><strong>hoc</strong></span> <span class='ocrx_word' id='word_1_335' title='bbox 2093 1966 2216 2024; x_wconf 90' lang='lat' dir='ltr'><strong>solo</strong></span> <span class='ocrx_word' id='word_1_336' title='bbox 2236 1967 2458 2023; x_wconf 89' lang='lat' dir='ltr'><strong>scilicet</strong></span> <span class='ocrx_word' id='word_1_337' title='bbox 2489 1967 2649 2033; x_wconf 89' lang='lat' dir='ltr'><strong>moti,</strong></span> <span class='ocrx_word' id='word_1_338' title='bbox 2673 1966 2827 2040; x_wconf 88' lang='lat' dir='ltr'><strong>quod</strong></span> <span class='ocrx_word' id='word_1_339' title='bbox 2852 1981 3216 2040; x_wconf 67' lang='lat' dir='ltr'><strong>quocunque</strong></span> <span class='ocrx_word' id='word_1_340' title='bbox 3246 1966 3530 2023; x_wconf 84' lang='lat' dir='ltr'><strong>vacabant</strong></span> <span class='ocrx_word' id='word_1_341' title='bbox 3552 1965 3614 2022; x_wconf 92' lang='lat' dir='ltr'><strong>in</strong></span> 
     </span>
     <span class='ocr_line' id='line_1_53' title="bbox 1960 2053 3618 2127; baseline -0.002 -14"><span class='ocrx_word' id='word_1_342' title='bbox 1960 2055 2225 2126; x_wconf 87' lang='lat' dir='ltr'><strong>ecclesia,</strong></span> <span class='ocrx_word' id='word_1_343' title='bbox 2260 2072 2375 2113; x_wconf 87' lang='lat' dir='ltr'><strong>nou</strong></span> <span class='ocrx_word' id='word_1_344' title='bbox 2406 2056 2770 2113; x_wconf 78' lang='lat' dir='ltr'><strong>conferebam</strong></span> <span class='ocrx_word' id='word_1_345' title='bbox 2807 2053 3098 2127; x_wconf 83' lang='lat' dir='ltr'><strong>nepotulis</strong></span> <span class='ocrx_word' id='word_1_346' title='bbox 3137 2064 3364 2123; x_wconf 84' lang='lat' dir='ltr'><strong>eorum,</strong></span> <span class='ocrx_word' id='word_1_347' title='bbox 3395 2055 3498 2112; x_wconf 88' lang='lat' dir='ltr'><strong>sed</strong></span> <span class='ocrx_word' id='word_1_348' title='bbox 3531 2069 3618 2111; x_wconf 86' lang='lat' dir='ltr'><strong>ac-</strong></span> 
     </span>
     <span class='ocr_line' id='line_1_54' title="bbox 1960 2143 3614 2219; baseline 0 -18"><span class='ocrx_word' id='word_1_349' title='bbox 1960 2144 2092 2203; x_wconf 90' lang='lat' dir='ltr'><strong>citis</strong></span> <span class='ocrx_word' id='word_1_350' title='bbox 2110 2148 2183 2203; x_wconf 91' lang='lat' dir='ltr'><strong>ab</strong></span> <span class='ocrx_word' id='word_1_351' title='bbox 2200 2146 2361 2204; x_wconf 85' lang='lat' dir='ltr'><strong>omni</strong></span> <span class='ocrx_word' id='word_1_352' title='bbox 2379 2151 2539 2219; x_wconf 87' lang='lat' dir='ltr'><strong>parte</strong></span> <span class='ocrx_word' id='word_1_353' title='bbox 2560 2145 2699 2201; x_wconf 87' lang='lat' dir='ltr'><strong>viris</strong></span> <span class='ocrx_word' id='word_1_354' title='bbox 2735 2143 3005 2201; x_wconf 88' lang='lat' dir='ltr'><strong>litteratis</strong></span> <span class='ocrx_word' id='word_1_355' title='bbox 3026 2146 3084 2200; x_wconf 87' lang='lat' dir='ltr'><strong>et</strong></span> <span class='ocrx_word' id='word_1_356' title='bbox 3116 2143 3397 2211; x_wconf 81' lang='lat' dir='ltr'><strong>honestis,</strong></span> <span class='ocrx_word' id='word_1_357' title='bbox 3426 2143 3614 2202; x_wconf 89' lang='lat' dir='ltr'><strong>eecle-</strong></span> 
     </span>
     <span class='ocr_line' id='line_1_55' title="bbox 1959 2231 3617 2308; baseline -0.001 -17"><span class='ocrx_word' id='word_1_358' title='bbox 1959 2235 2110 2292; x_wconf 86' lang='lat' dir='ltr'><strong>siam</strong></span> <span class='ocrx_word' id='word_1_359' title='bbox 2143 2251 2332 2293; x_wconf 89' lang='lat' dir='ltr'><strong>meam</strong></span> <span class='ocrx_word' id='word_1_360' title='bbox 2360 2240 2448 2291; x_wconf 87' lang='lat' dir='ltr'><strong>tot</strong></span> <span class='ocrx_word' id='word_1_361' title='bbox 2478 2235 2738 2308; x_wconf 86' lang='lat' dir='ltr'><strong>personis</strong></span> <span class='ocrx_word' id='word_1_362' title='bbox 2756 2233 3185 2290; x_wconf 84' lang='lat' dir='ltr'><strong>venerabilibus</strong></span> <span class='ocrx_word' id='word_1_363' title='bbox 3209 2231 3521 2302; x_wconf 86' lang='lat' dir='ltr'><strong>illustravi,</strong></span> <span class='ocrx_word' id='word_1_364' title='bbox 3554 2238 3617 2290; x_wconf 83' lang='lat' dir='ltr'><strong>ut</strong></span> 
     </span>
     <span class='ocr_line' id='line_1_56' title="bbox 1960 2320 3615 2394; baseline -0.002 -14"><span class='ocrx_word' id='word_1_365' title='bbox 1960 2323 2123 2380; x_wconf 86' lang='lat' dir='ltr'><strong>nulla</strong></span> <span class='ocrx_word' id='word_1_366' title='bbox 2150 2324 2307 2382; x_wconf 88' lang='lat' dir='ltr'><strong>sitin</strong></span> <span class='ocrx_word' id='word_1_367' title='bbox 2343 2324 2638 2394; x_wconf 83' lang='lat' dir='ltr'><strong>provincia</strong></span> <span class='ocrx_word' id='word_1_368' title='bbox 2656 2325 2775 2379; x_wconf 86' lang='lat' dir='ltr'><strong>tota</strong></span> <span class='ocrx_word' id='word_1_369' title='bbox 2798 2338 2921 2394; x_wconf 73' lang='lat' dir='ltr'><strong>quas</strong></span> <span class='ocrx_word' id='word_1_370' title='bbox 2944 2321 3130 2394; x_wconf 87' lang='lat' dir='ltr'><strong>possit</strong></span> <span class='ocrx_word' id='word_1_371' title='bbox 3162 2336 3363 2378; x_wconf 88' lang='lat' dir='ltr'><strong>earum</strong></span> <span class='ocrx_word' id='word_1_372' title='bbox 3386 2320 3615 2379; x_wconf 87' lang='lat' dir='ltr'><strong>meritis</strong></span> 
     </span>
     <span class='ocr_line' id='line_1_57' title="bbox 1958 2411 3590 2487; baseline -0.002 -17"><span class='ocrx_word' id='word_1_373' title='bbox 1958 2414 2272 2487; x_wconf 82' lang='lat' dir='ltr'><strong>adoequari.</strong></span> <span class='ocrx_word' id='word_1_374' title='bbox 2308 2415 2464 2470; x_wconf 83' lang='lat' dir='ltr'><strong>Inter</strong></span> <span class='ocrx_word' id='word_1_375' title='bbox 2494 2429 2636 2486; x_wconf 87' lang='lat' dir='ltr'><strong>quos</strong></span> <span class='ocrx_word' id='word_1_376' title='bbox 2666 2412 2716 2468; x_wconf 88' lang='lat' dir='ltr'><strong>si</strong></span> <span class='ocrx_word' id='word_1_377' title='bbox 2745 2428 2891 2483; x_wconf 89' lang='lat' dir='ltr'><strong>quos</strong></span> <span class='ocrx_word' id='word_1_378' title='bbox 2922 2412 3064 2469; x_wconf 84' lang='lat' dir='ltr'><strong>l&#39;orte</strong></span> <span class='ocrx_word' id='word_1_379' title='bbox 3093 2411 3392 2485; x_wconf 88' lang='lat' dir='ltr'><strong>contingat</strong></span> <span class='ocrx_word' id='word_1_380' title='bbox 3418 2426 3590 2483; x_wconf 85' lang='lat' dir='ltr'><strong>repre</strong></span> 
     </span>
     <span class='ocr_line' id='line_1_58' title="bbox 1958 2501 3609 2573; baseline -0.002 -13"><span class='ocrx_word' id='word_1_381' title='bbox 1958 2503 2277 2560; x_wconf 89' lang='lat' dir='ltr'><strong>hensibiles</strong></span> <span class='ocrx_word' id='word_1_382' title='bbox 2309 2503 2575 2573; x_wconf 86' lang='lat' dir='ltr'><strong>inveniri,</strong></span> <span class='ocrx_word' id='word_1_383' title='bbox 2607 2503 2856 2559; x_wconf 89' lang='lat' dir='ltr'><strong>aliorum</strong></span> <span class='ocrx_word' id='word_1_384' title='bbox 2879 2502 3192 2558; x_wconf 86' lang='lat' dir='ltr'><strong>virtutibus</strong></span> <span class='ocrx_word' id='word_1_385' title='bbox 3214 2505 3272 2557; x_wconf 93' lang='lat' dir='ltr'><strong>et</strong></span> <span class='ocrx_word' id='word_1_386' title='bbox 3296 2501 3609 2573; x_wconf 87' lang='lat' dir='ltr'><strong>prudentia</strong></span> 
     </span>
     <span class='ocr_line' id='line_1_59' title="bbox 1958 2589 3609 2662; baseline -0.001 -14"><span class='ocrx_word' id='word_1_387' title='bbox 1958 2593 2347 2660; x_wconf 85' lang='lat' dir='ltr'><strong>redimuntur,</strong></span> <span class='ocrx_word' id='word_1_388' title='bbox 2382 2606 2486 2648; x_wconf 91' lang='lat' dir='ltr'><strong>nec</strong></span> <span class='ocrx_word' id='word_1_389' title='bbox 2516 2590 2759 2648; x_wconf 89' lang='lat' dir='ltr'><strong>aliorum</strong></span> <span class='ocrx_word' id='word_1_390' title='bbox 2783 2589 3212 2662; x_wconf 83' lang='lat' dir='ltr'><strong>improbatione</strong></span> <span class='ocrx_word' id='word_1_391' title='bbox 3233 2593 3609 2646; x_wconf 80' lang='lat' dir='ltr'><strong>mereturee·</strong></span> 
     </span>
     <span class='ocr_line' id='line_1_60' title="bbox 1956 2678 3613 2752; baseline -0.002 -15"><span class='ocrx_word' id='word_1_392' title='bbox 1956 2680 2133 2738; x_wconf 80' lang='lat' dir='ltr'><strong>clesia</strong></span> <span class='ocrx_word' id='word_1_393' title='bbox 2164 2680 2574 2752; x_wconf 85' lang='lat' dir='ltr'><strong>blasphemari.</strong></span> <span class='ocrx_word' id='word_1_394' title='bbox 2607 2679 2823 2735; x_wconf 86' lang='lat' dir='ltr'><strong>Dicunt</strong></span> <span class='ocrx_word' id='word_1_395' title='bbox 2851 2683 3048 2735; x_wconf 87' lang='lat' dir='ltr'><strong>autem</strong></span> <span class='ocrx_word' id='word_1_396' title='bbox 3072 2678 3178 2735; x_wconf 88' lang='lat' dir='ltr'><strong>hcc</strong></span> <span class='ocrx_word' id='word_1_397' title='bbox 3200 2695 3235 2735; x_wconf 89' lang='lat' dir='ltr'><strong>a</strong></span> <span class='ocrx_word' id='word_1_398' title='bbox 3257 2693 3349 2734; x_wconf 90' lang='lat' dir='ltr'><strong>me</strong></span> <span class='ocrx_word' id='word_1_399' title='bbox 3369 2678 3440 2734; x_wconf 86' lang='lat' dir='ltr'><strong>ad</strong></span> <span class='ocrx_word' id='word_1_400' title='bbox 3466 2694 3613 2734; x_wconf 85' lang='lat' dir='ltr'><strong>con-</strong></span> 
     </span>
     <span class='ocr_line' id='line_1_61' title="bbox 1954 2766 3582 2844; baseline -0.002 -18"><span class='ocrx_word' id='word_1_401' title='bbox 1954 2775 2243 2841; x_wconf 88' lang='lat' dir='ltr'><strong>temptum</strong></span> <span class='ocrx_word' id='word_1_402' title='bbox 2263 2767 2565 2844; x_wconf 88' lang='lat' dir='ltr'><strong>sanguinis</strong></span> <span class='ocrx_word' id='word_1_403' title='bbox 2580 2768 2688 2825; x_wconf 88' lang='lat' dir='ltr'><strong>mei</strong></span> <span class='ocrx_word' id='word_1_404' title='bbox 2701 2772 2758 2825; x_wconf 92' lang='lat' dir='ltr'><strong>et</strong></span> <span class='ocrx_word' id='word_1_405' title='bbox 2778 2766 3216 2839; x_wconf 79' lang='lat' dir='ltr'><strong>depressionem</strong></span> <span class='ocrx_word' id='word_1_406' title='bbox 3228 2776 3432 2823; x_wconf 87' lang='lat' dir='ltr'><strong>eornm</strong></span> <span class='ocrx_word' id='word_1_407' title='bbox 3457 2767 3582 2824; x_wconf 85' lang='lat' dir='ltr'><strong>fleri</strong></span> 
     </span>
     <span class='ocr_line' id='line_1_62' title="bbox 1953 2855 3604 2932; baseline -0.002 -16"><span class='ocrx_word' id='word_1_408' title='bbox 1953 2874 2083 2916; x_wconf 90' lang='lat' dir='ltr'><strong>cum</strong></span> <span class='ocrx_word' id='word_1_409' title='bbox 2114 2859 2226 2932; x_wconf 90' lang='lat' dir='ltr'><strong>ipsi</strong></span> <span class='ocrx_word' id='word_1_410' title='bbox 2250 2876 2352 2932; x_wconf 92' lang='lat' dir='ltr'><strong>per</strong></span> <span class='ocrx_word' id='word_1_411' title='bbox 2383 2874 2476 2915; x_wconf 90' lang='lat' dir='ltr'><strong>me</strong></span> <span class='ocrx_word' id='word_1_412' title='bbox 2506 2858 2576 2915; x_wconf 89' lang='lat' dir='ltr'><strong>de</strong></span> <span class='ocrx_word' id='word_1_413' title='bbox 2615 2863 2826 2914; x_wconf 88' lang='lat' dir='ltr'><strong>natura</strong></span> <span class='ocrx_word' id='word_1_414' title='bbox 2853 2856 3199 2913; x_wconf 88' lang='lat' dir='ltr'><strong>debuissent</strong></span> <span class='ocrx_word' id='word_1_415' title='bbox 3228 2855 3604 2914; x_wconf 77' lang='lat' dir='ltr'><strong>affectuosius</strong></span> 
     </span>
    </p>
   </div>
   <div class='ocr_carea' id='block_1_10' title="bbox 1956 2944 3605 3022">
    <p class='ocr_par' dir='ltr' id='par_1_12' title="bbox 1956 2944 3605 3022">
     <span class='ocr_line' id='line_1_63' title="bbox 1956 2944 3605 3022; baseline -0.003 -13"><span class='ocrx_word' id='word_1_416' title='bbox 1956 2944 2297 3022; x_wconf 76' lang='lat' dir='ltr'><strong>promoveri.</strong></span> <span class='ocrx_word' id='word_1_417' title='bbox 2333 2951 2488 3007; x_wconf 85' lang='lat' dir='ltr'><strong>inter</strong></span> <span class='ocrx_word' id='word_1_418' title='bbox 2516 2965 2683 3021; x_wconf 84' lang='lat' dir='ltr'><strong>quos,</strong></span> <span class='ocrx_word' id='word_1_419' title='bbox 2718 2952 2781 3005; x_wconf 91' lang='lat' dir='ltr'><strong>ut</strong></span> <span class='ocrx_word' id='word_1_420' title='bbox 2828 2948 2899 3005; x_wconf 92' lang='lat' dir='ltr'><strong>de</strong></span> <span class='ocrx_word' id='word_1_421' title='bbox 2928 2946 3147 3004; x_wconf 80' lang='lat' dir='ltr'><strong>caeteris</strong></span> <span class='ocrx_word' id='word_1_422' title='bbox 3186 2946 3415 3016; x_wconf 87' lang='lat' dir='ltr'><strong>sileam,</strong></span> <span class='ocrx_word' id='word_1_423' title='bbox 3447 2962 3605 3004; x_wconf 91' lang='lat' dir='ltr'><strong>unus</strong></span> 
     </span>
    </p>
   </div>
   <div class='ocr_carea' id='block_1_11' title="bbox 192 3036 3608 3202">
    <p class='ocr_par' dir='ltr' id='par_1_13' title="bbox 192 3036 3608 3202">
     <span class='ocr_line' id='line_1_64' title="bbox 192 3036 3600 3114; baseline -0.001 -18"><span class='ocrx_word' id='word_1_424' title='bbox 192 3039 409 3112; x_wconf 70' lang='lat' dir='ltr'><strong>saepius</strong></span> <span class='ocrx_word' id='word_1_425' title='bbox 438 3037 721 3106; x_wconf 86' lang='lat' dir='ltr'><strong>adhibito,</strong></span> <span class='ocrx_word' id='word_1_426' title='bbox 755 3038 927 3094; x_wconf 87' lang='lat' dir='ltr'><strong>etiam</strong></span> <span class='ocrx_word' id='word_1_427' title='bbox 959 3039 1147 3094; x_wconf 84' lang='lat' dir='ltr'><strong>sancti</strong></span> <span class='ocrx_word' id='word_1_428' title='bbox 1170 3038 1390 3095; x_wconf 89' lang='lat' dir='ltr'><strong>oraculi</strong></span> <span class='ocrx_word' id='word_1_429' title='bbox 1421 3037 1594 3094; x_wconf 89' lang='lat' dir='ltr'><strong>vestri</strong></span> <span class='ocrx_word' id='word_1_430' title='bbox 1625 3042 1842 3096; x_wconf 87' lang='lat' dir='ltr'><strong>terrore</strong></span> <span class='ocrx_word' id='word_1_431' title='bbox 1951 3046 2041 3100; x_wconf 85' lang='lat' dir='ltr'><strong>est</strong></span> <span class='ocrx_word' id='word_1_432' title='bbox 2070 3040 2427 3114; x_wconf 86' lang='lat' dir='ltr'><strong>perniciosus</strong></span> <span class='ocrx_word' id='word_1_433' title='bbox 2447 3038 2612 3110; x_wconf 88' lang='lat' dir='ltr'><strong>mihi,</strong></span> <span class='ocrx_word' id='word_1_434' title='bbox 2635 3038 2729 3096; x_wconf 89' lang='lat' dir='ltr'><strong>cui</strong></span> <span class='ocrx_word' id='word_1_435' title='bbox 2750 3052 2856 3111; x_wconf 89' lang='lat' dir='ltr'><strong>ego</strong></span> <span class='ocrx_word' id='word_1_436' title='bbox 2878 3036 3133 3110; x_wconf 88' lang='lat' dir='ltr'><strong>primum</strong></span> <span class='ocrx_word' id='word_1_437' title='bbox 3157 3037 3306 3092; x_wconf 88' lang='lat' dir='ltr'><strong>duas</strong></span> <span class='ocrx_word' id='word_1_438' title='bbox 3322 3037 3600 3108; x_wconf 64' lang='lat' dir='ltr'><strong>,proben-</strong></span> 
     </span>
     <span class='ocr_line' id='line_1_65' title="bbox 192 3111 3608 3202; baseline 0 -19"><span class='ocrx_word' id='word_1_439' title='bbox 192 3126 550 3195; x_wconf 87' lang='lat' dir='ltr'><strong>commonui,</strong></span> <span class='ocrx_word' id='word_1_440' title='bbox 597 3141 702 3182; x_wconf 87' lang='lat' dir='ltr'><strong>nec</strong></span> <span class='ocrx_word' id='word_1_441' title='bbox 727 3127 1098 3197; x_wconf 81' lang='lat' dir='ltr'><strong>aliquatenus</strong></span> <span class='ocrx_word' id='word_1_442' title='bbox 1140 3125 1449 3184; x_wconf 84' lang='lat' dir='ltr'><strong>exauditus</strong></span> <span class='ocrx_word' id='word_1_443' title='bbox 1496 3144 1649 3198; x_wconf 88' lang='lat' dir='ltr'><strong>sum,</strong></span> <span class='ocrx_word' id='word_1_444' title='bbox 1703 3128 1841 3202; x_wconf 88' lang='lat' dir='ltr'><strong>quia</strong></span> <span class='ocrx_word' id='word_1_445' title='bbox 1870 3111 1915 3182; x_wconf 87' lang='lat' dir='ltr'>C</span> <span class='ocrx_word' id='word_1_446' title='bbox 1952 3131 2059 3189; x_wconf 92' lang='lat' dir='ltr'><strong>das</strong></span> <span class='ocrx_word' id='word_1_447' title='bbox 2087 3135 2317 3188; x_wconf 87' lang='lat' dir='ltr'><strong>centum</strong></span> <span class='ocrx_word' id='word_1_448' title='bbox 2343 3130 2618 3186; x_wconf 88' lang='lat' dir='ltr'><strong>librarum</strong></span> <span class='ocrx_word' id='word_1_449' title='bbox 2643 3128 2700 3184; x_wconf 90' lang='lat' dir='ltr'><strong>in</strong></span> <span class='ocrx_word' id='word_1_450' title='bbox 2731 3125 3060 3184; x_wconf 84' lang='lat' dir='ltr'><strong>Lexoviensi</strong></span> <span class='ocrx_word' id='word_1_451' title='bbox 3091 3131 3147 3181; x_wconf 89' lang='lat' dir='ltr'><strong>et</strong></span> <span class='ocrx_word' id='word_1_452' title='bbox 3178 3124 3479 3183; x_wconf 88' lang='lat' dir='ltr'><strong>Baiocensi</strong></span> <span class='ocrx_word' id='word_1_453' title='bbox 3511 3142 3608 3183; x_wconf 86' lang='lat' dir='ltr'><strong>ec-</strong></span> 
     </span>
    </p>
   </div>
   <div class='ocr_carea' id='block_1_12' title="bbox 176 3216 1845 4449">
    <p class='ocr_par' dir='ltr' id='par_1_14' title="bbox 176 3216 1845 4449">
     <span class='ocr_line' id='line_1_66' title="bbox 190 3216 1844 3289; baseline 0.003 -18"><span class='ocrx_word' id='word_1_454' title='bbox 190 3216 384 3289; x_wconf 88' lang='lat' dir='ltr'><strong>ipeam</strong></span> <span class='ocrx_word' id='word_1_455' title='bbox 416 3232 521 3272; x_wconf 90' lang='lat' dir='ltr'><strong>nec</strong></span> <span class='ocrx_word' id='word_1_456' title='bbox 555 3229 671 3271; x_wconf 91' lang='lat' dir='ltr'><strong>una</strong></span> <span class='ocrx_word' id='word_1_457' title='bbox 699 3216 790 3272; x_wconf 90' lang='lat' dir='ltr'><strong>die</strong></span> <span class='ocrx_word' id='word_1_458' title='bbox 809 3216 896 3272; x_wconf 84' lang='lat' dir='ltr'><strong>vel</strong></span> <span class='ocrx_word' id='word_1_459' title='bbox 919 3221 1085 3272; x_wconf 90' lang='lat' dir='ltr'><strong>nocte</strong></span> <span class='ocrx_word' id='word_1_460' title='bbox 1105 3216 1286 3272; x_wconf 89' lang='lat' dir='ltr'><strong>voluit</strong></span> <span class='ocrx_word' id='word_1_461' title='bbox 1313 3234 1346 3272; x_wconf 85' lang='lat' dir='ltr'><strong>a</strong></span> <span class='ocrx_word' id='word_1_462' title='bbox 1376 3217 1570 3274; x_wconf 90' lang='lat' dir='ltr'><strong>lateris</strong></span> <span class='ocrx_word' id='word_1_463' title='bbox 1593 3218 1681 3273; x_wconf 91' lang='lat' dir='ltr'><strong>sui</strong></span> <span class='ocrx_word' id='word_1_464' title='bbox 1708 3233 1844 3275; x_wconf 90' lang='lat' dir='ltr'><strong>con·</strong></span> 
     </span>
     <span class='ocr_line' id='line_1_67' title="bbox 192 3303 1844 3378; baseline -0.001 -15"><span class='ocrx_word' id='word_1_465' title='bbox 192 3304 373 3363; x_wconf 82' lang='lat' dir='ltr'><strong>sertio</strong></span> <span class='ocrx_word' id='word_1_466' title='bbox 402 3304 718 3361; x_wconf 87' lang='lat' dir='ltr'><strong>dimovere.</strong></span> <span class='ocrx_word' id='word_1_467' title='bbox 769 3303 898 3359; x_wconf 85' lang='lat' dir='ltr'><strong>Misi</strong></span> <span class='ocrx_word' id='word_1_468' title='bbox 948 3305 1159 3377; x_wconf 64' lang='lat' dir='ltr'><strong>sapius</strong></span> <span class='ocrx_word' id='word_1_469' title='bbox 1202 3305 1274 3361; x_wconf 87' lang='lat' dir='ltr'><strong>ad</strong></span> <span class='ocrx_word' id='word_1_470' title='bbox 1316 3305 1762 3378; x_wconf 86' lang='lat' dir='ltr'><strong>explorandum,</strong></span> <span class='ocrx_word' id='word_1_471' title='bbox 1794 3305 1844 3362; x_wconf 89' lang='lat' dir='ltr'><strong>si</strong></span> 
     </span>
     <span class='ocr_line' id='line_1_68' title="bbox 193 3391 1843 3466; baseline 0 -14"><span class='ocrx_word' id='word_1_472' title='bbox 193 3391 511 3466; x_wconf 89' lang='lat' dir='ltr'><strong>aliquando</strong></span> <span class='ocrx_word' id='word_1_473' title='bbox 545 3393 660 3449; x_wconf 91' lang='lat' dir='ltr'><strong>Deo</strong></span> <span class='ocrx_word' id='word_1_474' title='bbox 686 3393 771 3450; x_wconf 86' lang='lat' dir='ltr'><strong>vet</strong></span> <span class='ocrx_word' id='word_1_475' title='bbox 799 3393 958 3449; x_wconf 88' lang='lat' dir='ltr'><strong>vobis</strong></span> <span class='ocrx_word' id='word_1_476' title='bbox 989 3395 1366 3451; x_wconf 86' lang='lat' dir='ltr'><strong>reverentiam</strong></span> <span class='ocrx_word' id='word_1_477' title='bbox 1396 3395 1713 3462; x_wconf 85' lang='lat' dir='ltr'><strong>exhiberet,</strong></span> <span class='ocrx_word' id='word_1_478' title='bbox 1744 3396 1843 3452; x_wconf 87' lang='lat' dir='ltr'><strong>sed</strong></span> 
     </span>
     <span class='ocr_line' id='line_1_69' title="bbox 192 3481 1845 3556; baseline 0.002 -18"><span class='ocrx_word' id='word_1_479' title='bbox 192 3486 383 3538; x_wconf 87' lang='lat' dir='ltr'><strong>mater</strong></span> <span class='ocrx_word' id='word_1_480' title='bbox 401 3488 458 3539; x_wconf 89' lang='lat' dir='ltr'><strong>et</strong></span> <span class='ocrx_word' id='word_1_481' title='bbox 479 3481 608 3537; x_wconf 69' lang='lat' dir='ltr'><strong>filis</strong></span> <span class='ocrx_word' id='word_1_482' title='bbox 631 3482 879 3551; x_wconf 90' lang='lat' dir='ltr'><strong>duobus,</strong></span> <span class='ocrx_word' id='word_1_483' title='bbox 904 3498 1052 3555; x_wconf 88' lang='lat' dir='ltr'><strong>quos</strong></span> <span class='ocrx_word' id='word_1_484' title='bbox 1064 3482 1379 3556; x_wconf 81' lang='lat' dir='ltr'><strong>aliquando</strong></span> <span class='ocrx_word' id='word_1_485' title='bbox 1404 3484 1559 3553; x_wconf 90' lang='lat' dir='ltr'><strong>misi,</strong></span> <span class='ocrx_word' id='word_1_486' title='bbox 1583 3486 1845 3542; x_wconf 86' lang='lat' dir='ltr'><strong>sacerdo-</strong></span> 
     </span>
     <span class='ocr_line' id='line_1_70' title="bbox 190 3571 1837 3647; baseline 0.001 -18"><span class='ocrx_word' id='word_1_487' title='bbox 190 3571 352 3630; x_wconf 87' lang='lat' dir='ltr'><strong>tibus</strong></span> <span class='ocrx_word' id='word_1_488' title='bbox 368 3571 871 3645; x_wconf 90' lang='lat' dir='ltr'><strong>spoliatis,manus</strong></span> <span class='ocrx_word' id='word_1_489' title='bbox 890 3572 1174 3630; x_wconf 79' lang='lat' dir='ltr'><strong>nefandas</strong></span> <span class='ocrx_word' id='word_1_490' title='bbox 1186 3572 1457 3630; x_wconf 77' lang='lat' dir='ltr'><strong>atrociter</strong></span> <span class='ocrx_word' id='word_1_491' title='bbox 1480 3574 1837 3647; x_wconf 89' lang='lat' dir='ltr'><strong>intulerunt;</strong></span> 
     </span>
     <span class='ocr_line' id='line_1_71' title="bbox 186 3661 1844 3736; baseline 0.002 -18"><span class='ocrx_word' id='word_1_492' title='bbox 186 3661 311 3730; x_wconf 89' lang='lat' dir='ltr'><strong>sed,</strong></span> <span class='ocrx_word' id='word_1_493' title='bbox 348 3662 461 3719; x_wconf 88' lang='lat' dir='ltr'><strong>Deo</strong></span> <span class='ocrx_word' id='word_1_494' title='bbox 511 3662 842 3732; x_wconf 84' lang='lat' dir='ltr'><strong>miserante,</strong></span> <span class='ocrx_word' id='word_1_495' title='bbox 883 3663 1119 3720; x_wconf 89' lang='lat' dir='ltr'><strong>tandem</strong></span> <span class='ocrx_word' id='word_1_496' title='bbox 1161 3678 1263 3736; x_wconf 86' lang='lat' dir='ltr'><strong>per</strong></span> <span class='ocrx_word' id='word_1_497' title='bbox 1289 3678 1410 3730; x_wconf 87' lang='lat' dir='ltr'><strong>eos,</strong></span> <span class='ocrx_word' id='word_1_498' title='bbox 1442 3664 1542 3735; x_wconf 85' lang='lat' dir='ltr'><strong>qui</strong></span> <span class='ocrx_word' id='word_1_499' title='bbox 1574 3679 1844 3735; x_wconf 82' lang='lat' dir='ltr'><strong>superve-</strong></span> 
     </span>
     <span class='ocr_line' id='line_1_72' title="bbox 184 3750 1843 3825; baseline 0.002 -17"><span class='ocrx_word' id='word_1_500' title='bbox 184 3750 877 3824; x_wconf 83' lang='lat' dir='ltr'><strong>nerant,liberati,gavisi</strong></span> <span class='ocrx_word' id='word_1_501' title='bbox 901 3754 1042 3809; x_wconf 88' lang='lat' dir='ltr'><strong>sunt</strong></span> <span class='ocrx_word' id='word_1_502' title='bbox 1060 3751 1132 3807; x_wconf 92' lang='lat' dir='ltr'><strong>de</strong></span> <span class='ocrx_word' id='word_1_503' title='bbox 1156 3752 1429 3809; x_wconf 88' lang='lat' dir='ltr'><strong>manibus</strong></span> <span class='ocrx_word' id='word_1_504' title='bbox 1449 3768 1651 3809; x_wconf 87' lang='lat' dir='ltr'><strong>earum</strong></span> <span class='ocrx_word' id='word_1_505' title='bbox 1675 3755 1843 3825; x_wconf 87' lang='lat' dir='ltr'><strong>quasi</strong></span> 
     </span>
     <span class='ocr_line' id='line_1_73' title="bbox 181 3841 1841 3914; baseline 0 -17"><span class='ocrx_word' id='word_1_506' title='bbox 181 3841 542 3914; x_wconf 88' lang='lat' dir='ltr'><strong>deluparum</strong></span> <span class='ocrx_word' id='word_1_507' title='bbox 563 3841 841 3898; x_wconf 89' lang='lat' dir='ltr'><strong>dentibus</strong></span> <span class='ocrx_word' id='word_1_508' title='bbox 878 3842 1153 3899; x_wconf 87' lang='lat' dir='ltr'><strong>evasisse.</strong></span> <span class='ocrx_word' id='word_1_509' title='bbox 1176 3842 1456 3900; x_wconf 88' lang='lat' dir='ltr'><strong>Sacerdos</strong></span> <span class='ocrx_word' id='word_1_510' title='bbox 1481 3846 1675 3900; x_wconf 90' lang='lat' dir='ltr'><strong>autem</strong></span> <span class='ocrx_word' id='word_1_511' title='bbox 1699 3842 1841 3899; x_wconf 80' lang='lat' dir='ltr'><strong>faci-</strong></span> 
     </span>
     <span class='ocr_line' id='line_1_74' title="bbox 181 3927 1836 4004; baseline 0.002 -20"><span class='ocrx_word' id='word_1_512' title='bbox 181 3943 294 3985; x_wconf 85' lang='lat' dir='ltr'><strong>nus</strong></span> <span class='ocrx_word' id='word_1_513' title='bbox 345 3927 728 3987; x_wconf 79' lang='lat' dir='ltr'><strong>inveteratum</strong></span> <span class='ocrx_word' id='word_1_514' title='bbox 786 3930 1090 4001; x_wconf 66' lang='lat' dir='ltr'><strong>presumit</strong></span> <span class='ocrx_word' id='word_1_515' title='bbox 1135 3929 1305 4004; x_wconf 87' lang='lat' dir='ltr'><strong>quasi</strong></span> <span class='ocrx_word' id='word_1_516' title='bbox 1377 3931 1629 4002; x_wconf 88' lang='lat' dir='ltr'><strong>quadam</strong></span> <span class='ocrx_word' id='word_1_517' title='bbox 1691 3948 1836 4002; x_wconf 76' lang='lat' dir='ltr'><strong>prte-</strong></span> 
     </span>
     <span class='ocr_line' id='line_1_75' title="bbox 179 4016 1838 4092; baseline 0.004 -21"><span class='ocrx_word' id='word_1_518' title='bbox 179 4016 495 4088; x_wconf 87' lang='lat' dir='ltr'><strong>scriptione</strong></span> <span class='ocrx_word' id='word_1_519' title='bbox 527 4017 858 4087; x_wconf 76' lang='lat' dir='ltr'><strong>derendere,</strong></span> <span class='ocrx_word' id='word_1_520' title='bbox 889 4035 996 4076; x_wconf 89' lang='lat' dir='ltr'><strong>nec</strong></span> <span class='ocrx_word' id='word_1_521' title='bbox 1040 4019 1231 4092; x_wconf 84' lang='lat' dir='ltr'><strong>ipsam</strong></span> <span class='ocrx_word' id='word_1_522' title='bbox 1280 4037 1314 4075; x_wconf 88' lang='lat' dir='ltr'><strong>a</strong></span> <span class='ocrx_word' id='word_1_523' title='bbox 1363 4037 1425 4077; x_wconf 90' lang='lat' dir='ltr'><strong>se</strong></span> <span class='ocrx_word' id='word_1_524' title='bbox 1474 4019 1560 4078; x_wconf 83' lang='lat' dir='ltr'><strong>vel</strong></span> <span class='ocrx_word' id='word_1_525' title='bbox 1610 4021 1682 4076; x_wconf 88' lang='lat' dir='ltr'><strong>ad</strong></span> <span class='ocrx_word' id='word_1_526' title='bbox 1715 4037 1838 4078; x_wconf 89' lang='lat' dir='ltr'><strong>mo·</strong></span> 
     </span>
     <span class='ocr_line' id='line_1_76' title="bbox 179 4106 1838 4182; baseline 0.006 -22"><span class='ocrx_word' id='word_1_527' title='bbox 179 4109 442 4161; x_wconf 90' lang='lat' dir='ltr'><strong>mentum</strong></span> <span class='ocrx_word' id='word_1_528' title='bbox 472 4120 745 4176; x_wconf 84' lang='lat' dir='ltr'><strong>separare</strong></span> <span class='ocrx_word' id='word_1_529' title='bbox 777 4106 974 4164; x_wconf 85' lang='lat' dir='ltr'><strong>voluit.</strong></span> <span class='ocrx_word' id='word_1_530' title='bbox 998 4108 1116 4165; x_wconf 91' lang='lat' dir='ltr'><strong>Nos</strong></span> <span class='ocrx_word' id='word_1_531' title='bbox 1139 4110 1340 4182; x_wconf 87' lang='lat' dir='ltr'><strong>igitur,</strong></span> <span class='ocrx_word' id='word_1_532' title='bbox 1363 4108 1645 4167; x_wconf 84' lang='lat' dir='ltr'><strong>adhibitis</strong></span> <span class='ocrx_word' id='word_1_533' title='bbox 1669 4125 1838 4170; x_wconf 89' lang='lat' dir='ltr'><strong>vene·</strong></span> 
     </span>
     <span class='ocr_line' id='line_1_77' title="bbox 178 4191 1835 4269; baseline 0.004 -22"><span class='ocrx_word' id='word_1_534' title='bbox 178 4191 462 4250; x_wconf 83' lang='lat' dir='ltr'><strong>rabilibus</strong></span> <span class='ocrx_word' id='word_1_535' title='bbox 490 4192 657 4262; x_wconf 83' lang='lat' dir='ltr'><strong>viris,</strong></span> <span class='ocrx_word' id='word_1_536' title='bbox 697 4194 1008 4252; x_wconf 86' lang='lat' dir='ltr'><strong>abbatibus</strong></span> <span class='ocrx_word' id='word_1_537' title='bbox 1055 4196 1280 4253; x_wconf 87' lang='lat' dir='ltr'><strong>scilicet</strong></span> <span class='ocrx_word' id='word_1_538' title='bbox 1326 4203 1596 4269; x_wconf 89' lang='lat' dir='ltr'><strong>quatuor,</strong></span> <span class='ocrx_word' id='word_1_539' title='bbox 1638 4198 1835 4255; x_wconf 88' lang='lat' dir='ltr'><strong>archi-</strong></span> 
     </span>
     <span class='ocr_line' id='line_1_78' title="bbox 177 4280 1830 4355; baseline 0.004 -20"><span class='ocrx_word' id='word_1_540' title='bbox 177 4280 439 4337; x_wconf 87' lang='lat' dir='ltr'><strong>diaconis</strong></span> <span class='ocrx_word' id='word_1_541' title='bbox 488 4281 703 4351; x_wconf 89' lang='lat' dir='ltr'><strong>tribus,</strong></span> <span class='ocrx_word' id='word_1_542' title='bbox 752 4289 1109 4354; x_wconf 67' lang='lat' dir='ltr'><strong>praecentore</strong></span> <span class='ocrx_word' id='word_1_543' title='bbox 1154 4288 1212 4341; x_wconf 88' lang='lat' dir='ltr'><strong>et</strong></span> <span class='ocrx_word' id='word_1_544' title='bbox 1250 4284 1524 4355; x_wconf 87' lang='lat' dir='ltr'><strong>capiterio</strong></span> <span class='ocrx_word' id='word_1_545' title='bbox 1573 4285 1830 4345; x_wconf 65' lang='lat' dir='ltr'><strong>ecclesia</strong></span> 
     </span>
     <span class='ocr_line' id='line_1_79' title="bbox 176 4369 1828 4449; baseline 0.007 -24"><span class='ocrx_word' id='word_1_546' title='bbox 176 4372 408 4436; x_wconf 59' lang='lat' dir='ltr'><strong>nostrai,</strong></span> <span class='ocrx_word' id='word_1_547' title='bbox 433 4375 490 4426; x_wconf 90' lang='lat' dir='ltr'><strong>et</strong></span> <span class='ocrx_word' id='word_1_548' title='bbox 513 4369 780 4442; x_wconf 89' lang='lat' dir='ltr'><strong>pluribus</strong></span> <span class='ocrx_word' id='word_1_549' title='bbox 802 4373 1099 4429; x_wconf 88' lang='lat' dir='ltr'><strong>canonicis</strong></span> <span class='ocrx_word' id='word_1_550' title='bbox 1121 4382 1176 4430; x_wconf 93' lang='lat' dir='ltr'><strong>et</strong></span> <span class='ocrx_word' id='word_1_551' title='bbox 1198 4374 1496 4431; x_wconf 85' lang='lat' dir='ltr'><strong>monachis</strong></span> <span class='ocrx_word' id='word_1_552' title='bbox 1517 4375 1828 4449; x_wconf 78' lang='lat' dir='ltr'><strong>religiosis,</strong></span> 
     </span>
    </p>
   </div>
   <div class='ocr_carea' id='block_1_13' title="bbox 1939 3216 3605 4449">
    <p class='ocr_par' dir='ltr' id='par_1_15' title="bbox 1939 3216 3605 4449">
     <span class='ocr_line' id='line_1_80' title="bbox 1955 3216 3598 3285; baseline -0.003 -8"><span class='ocrx_word' id='word_1_553' title='bbox 1955 3220 2147 3277; x_wconf 89' lang='lat' dir='ltr'><strong>clesiis</strong></span> <span class='ocrx_word' id='word_1_554' title='bbox 2169 3217 2411 3285; x_wconf 89' lang='lat' dir='ltr'><strong>contuli,</strong></span> <span class='ocrx_word' id='word_1_555' title='bbox 2445 3216 2980 3273; x_wconf 80' lang='lat' dir='ltr'><strong>archidiaconatum</strong></span> <span class='ocrx_word' id='word_1_556' title='bbox 3003 3229 3186 3270; x_wconf 91' lang='lat' dir='ltr'><strong>unum</strong></span> <span class='ocrx_word' id='word_1_557' title='bbox 3210 3216 3598 3272; x_wconf 88' lang='lat' dir='ltr'><strong>ducentarum</strong></span> 
     </span>
     <span class='ocr_line' id='line_1_81' title="bbox 1953 3303 3604 3377; baseline -0.002 -12"><span class='ocrx_word' id='word_1_558' title='bbox 1953 3309 2260 3376; x_wconf 87' lang='lat' dir='ltr'><strong>librarum,</strong></span> <span class='ocrx_word' id='word_1_559' title='bbox 2288 3306 2563 3365; x_wconf 85' lang='lat' dir='ltr'><strong>ecclesias</strong></span> <span class='ocrx_word' id='word_1_560' title='bbox 2607 3303 2970 3377; x_wconf 78' lang='lat' dir='ltr'><strong>parochiales</strong></span> <span class='ocrx_word' id='word_1_561' title='bbox 3016 3308 3135 3361; x_wconf 89' lang='lat' dir='ltr'><strong>tres</strong></span> <span class='ocrx_word' id='word_1_562' title='bbox 3165 3303 3604 3376; x_wconf 82' lang='lat' dir='ltr'><strong>quinquaginta</strong></span> 
     </span>
     <span class='ocr_line' id='line_1_82' title="bbox 1954 3389 3605 3469; baseline -0.004 -11"><span class='ocrx_word' id='word_1_563' title='bbox 1954 3401 2264 3466; x_wconf 85' lang='lat' dir='ltr'><strong>librarum,</strong></span> <span class='ocrx_word' id='word_1_564' title='bbox 2294 3389 2644 3456; x_wconf 53' lang='lat' dir='ltr'><strong>decuriatum</strong></span> <span class='ocrx_word' id='word_1_565' title='bbox 2692 3392 3121 3469; x_wconf 85' lang='lat' dir='ltr'><strong>quinquaginta</strong></span> <span class='ocrx_word' id='word_1_566' title='bbox 3165 3395 3252 3451; x_wconf 88' lang='lat' dir='ltr'><strong>vel</strong></span> <span class='ocrx_word' id='word_1_567' title='bbox 3301 3394 3605 3468; x_wconf 80' lang='lat' dir='ltr'><strong>sexaginta</strong></span> 
     </span>
     <span class='ocr_line' id='line_1_83' title="bbox 1953 3483 3603 3555; baseline -0.003 -9"><span class='ocrx_word' id='word_1_568' title='bbox 1953 3490 2237 3547; x_wconf 88' lang='lat' dir='ltr'><strong>librarum</strong></span> <span class='ocrx_word' id='word_1_569' title='bbox 2282 3489 2341 3545; x_wconf 90' lang='lat' dir='ltr'><strong>in</strong></span> <span class='ocrx_word' id='word_1_570' title='bbox 2390 3487 2628 3545; x_wconf 86' lang='lat' dir='ltr'><strong>ecclesia</strong></span> <span class='ocrx_word' id='word_1_571' title='bbox 2675 3485 3029 3552; x_wconf 78' lang='lat' dir='ltr'><strong>Lexoviensl,</strong></span> <span class='ocrx_word' id='word_1_572' title='bbox 3078 3485 3216 3555; x_wconf 88' lang='lat' dir='ltr'><strong>quia</strong></span> <span class='ocrx_word' id='word_1_573' title='bbox 3257 3483 3403 3539; x_wconf 90' lang='lat' dir='ltr'><strong>nihil</strong></span> <span class='ocrx_word' id='word_1_574' title='bbox 3454 3483 3603 3541; x_wconf 87' lang='lat' dir='ltr'><strong>mihi</strong></span> 
     </span>
     <span class='ocr_line' id='line_1_84' title="bbox 1952 3571 3603 3652; baseline -0.004 -16"><span class='ocrx_word' id='word_1_575' title='bbox 1952 3581 2091 3636; x_wconf 81' lang='lat' dir='ltr'><strong>satis</strong></span> <span class='ocrx_word' id='word_1_576' title='bbox 2118 3582 2337 3652; x_wconf 88' lang='lat' dir='ltr'><strong>poterat</strong></span> <span class='ocrx_word' id='word_1_577' title='bbox 2364 3592 2493 3634; x_wconf 90' lang='lat' dir='ltr'><strong>esse</strong></span> <span class='ocrx_word' id='word_1_578' title='bbox 2524 3574 2676 3647; x_wconf 90' lang='lat' dir='ltr'><strong>quod</strong></span> <span class='ocrx_word' id='word_1_579' title='bbox 2714 3574 2985 3641; x_wconf 81' lang='lat' dir='ltr'><strong>iacerem,</strong></span> <span class='ocrx_word' id='word_1_580' title='bbox 3035 3571 3143 3629; x_wconf 90' lang='lat' dir='ltr'><strong>nisi</strong></span> <span class='ocrx_word' id='word_1_581' title='bbox 3183 3581 3316 3628; x_wconf 88' lang='lat' dir='ltr'><strong>eum</strong></span> <span class='ocrx_word' id='word_1_582' title='bbox 3351 3573 3603 3630; x_wconf 79' lang='lat' dir='ltr'><strong>facerem</strong></span> 
     </span>
     <span class='ocr_line' id='line_1_85' title="bbox 1950 3659 3604 3734; baseline -0.005 -7"><span class='ocrx_word' id='word_1_583' title='bbox 1950 3670 2206 3728; x_wconf 88' lang='lat' dir='ltr'><strong>assidere</strong></span> <span class='ocrx_word' id='word_1_584' title='bbox 2239 3667 2385 3724; x_wconf 91' lang='lat' dir='ltr'><strong>mihi</strong></span> <span class='ocrx_word' id='word_1_585' title='bbox 2428 3665 2683 3722; x_wconf 90' lang='lat' dir='ltr'><strong>similem</strong></span> <span class='ocrx_word' id='word_1_586' title='bbox 2732 3663 2818 3720; x_wconf 75' lang='lat' dir='ltr'><strong>vei</strong></span> <span class='ocrx_word' id='word_1_587' title='bbox 2853 3663 3150 3733; x_wconf 81' lang='lat' dir='ltr'><strong>majorem.</strong></span> <span class='ocrx_word' id='word_1_588' title='bbox 3199 3659 3418 3719; x_wconf 82' lang='lat' dir='ltr'><strong>Nactus</strong></span> <span class='ocrx_word' id='word_1_589' title='bbox 3462 3677 3604 3734; x_wconf 87' lang='lat' dir='ltr'><strong>ergo</strong></span> 
     </span>
     <span class='ocr_line' id='line_1_86' title="bbox 1949 3749 3604 3830; baseline -0.005 -14"><span class='ocrx_word' id='word_1_590' title='bbox 1949 3760 2101 3830; x_wconf 87' lang='lat' dir='ltr'><strong>quod</strong></span> <span class='ocrx_word' id='word_1_591' title='bbox 2127 3757 2327 3824; x_wconf 87' lang='lat' dir='ltr'><strong>voluit,</strong></span> <span class='ocrx_word' id='word_1_592' title='bbox 2350 3753 2529 3828; x_wconf 81' lang='lat' dir='ltr'><strong>coepit</strong></span> <span class='ocrx_word' id='word_1_593' title='bbox 2548 3752 2746 3809; x_wconf 88' lang='lat' dir='ltr'><strong>statim</strong></span> <span class='ocrx_word' id='word_1_594' title='bbox 2772 3766 2998 3807; x_wconf 90' lang='lat' dir='ltr'><strong>mecum</strong></span> <span class='ocrx_word' id='word_1_595' title='bbox 3021 3749 3092 3806; x_wconf 88' lang='lat' dir='ltr'><strong>de</strong></span> <span class='ocrx_word' id='word_1_596' title='bbox 3122 3753 3436 3822; x_wconf 84' lang='lat' dir='ltr'><strong>postestate</strong></span> <span class='ocrx_word' id='word_1_597' title='bbox 3455 3765 3604 3808; x_wconf 88' lang='lat' dir='ltr'><strong>con-</strong></span> 
     </span>
     <span class='ocr_line' id='line_1_87' title="bbox 1949 3837 3603 3917; baseline -0.005 -12"><span class='ocrx_word' id='word_1_598' title='bbox 1949 3848 2205 3917; x_wconf 86' lang='lat' dir='ltr'><strong>tendere,</strong></span> <span class='ocrx_word' id='word_1_599' title='bbox 2238 3850 2295 3903; x_wconf 90' lang='lat' dir='ltr'><strong>et</strong></span> <span class='ocrx_word' id='word_1_600' title='bbox 2322 3842 2520 3900; x_wconf 89' lang='lat' dir='ltr'><strong>omnia</strong></span> <span class='ocrx_word' id='word_1_601' title='bbox 2552 3848 2817 3915; x_wconf 85' lang='lat' dir='ltr'><strong>reputare</strong></span> <span class='ocrx_word' id='word_1_602' title='bbox 2846 3840 3065 3908; x_wconf 86' lang='lat' dir='ltr'><strong>inania,</strong></span> <span class='ocrx_word' id='word_1_603' title='bbox 3088 3855 3214 3910; x_wconf 71' lang='lat' dir='ltr'><strong>quie</strong></span> <span class='ocrx_word' id='word_1_604' title='bbox 3244 3837 3524 3896; x_wconf 84' lang='lat' dir='ltr'><strong>dixissem</strong></span> <span class='ocrx_word' id='word_1_605' title='bbox 3543 3843 3603 3897; x_wconf 77' lang='lat' dir='ltr'><strong>et</strong></span> 
     </span>
     <span class='ocr_line' id='line_1_88' title="bbox 1946 3927 3596 3996; baseline -0.005 -1"><span class='ocrx_word' id='word_1_606' title='bbox 1946 3936 2309 3996; x_wconf 86' lang='lat' dir='ltr'><strong>contentiose</strong></span> <span class='ocrx_word' id='word_1_607' title='bbox 2340 3933 2539 3991; x_wconf 89' lang='lat' dir='ltr'><strong>omnia</strong></span> <span class='ocrx_word' id='word_1_608' title='bbox 2566 3932 2638 3988; x_wconf 89' lang='lat' dir='ltr'><strong>ad</strong></span> <span class='ocrx_word' id='word_1_609' title='bbox 2659 3946 2823 3987; x_wconf 86' lang='lat' dir='ltr'><strong>suam</strong></span> <span class='ocrx_word' id='word_1_610' title='bbox 2847 3927 3185 3987; x_wconf 83' lang='lat' dir='ltr'><strong>convolvere</strong></span> <span class='ocrx_word' id='word_1_611' title='bbox 3208 3927 3596 3986; x_wconf 86' lang='lat' dir='ltr'><strong>voluntatem.</strong></span> 
     </span>
     <span class='ocr_line' id='line_1_89' title="bbox 1946 4017 3600 4093; baseline -0.006 -8"><span class='ocrx_word' id='word_1_612' title='bbox 1946 4025 2213 4086; x_wconf 89' lang='lat' dir='ltr'><strong>Sustinui</strong></span> <span class='ocrx_word' id='word_1_613' title='bbox 2244 4023 2490 4093; x_wconf 90' lang='lat' dir='ltr'><strong>diutius,</strong></span> <span class='ocrx_word' id='word_1_614' title='bbox 2523 4022 2835 4093; x_wconf 90' lang='lat' dir='ltr'><strong>ipsumque</strong></span> <span class='ocrx_word' id='word_1_615' title='bbox 2865 4018 3054 4091; x_wconf 88' lang='lat' dir='ltr'><strong>magis</strong></span> <span class='ocrx_word' id='word_1_616' title='bbox 3094 4017 3359 4074; x_wconf 89' lang='lat' dir='ltr'><strong>armabat</strong></span> <span class='ocrx_word' id='word_1_617' title='bbox 3385 4031 3600 4091; x_wconf 84' lang='lat' dir='ltr'><strong>cogna-</strong></span> 
     </span>
     <span class='ocr_line' id='line_1_90' title="bbox 1943 4106 3597 4181; baseline -0.008 -6"><span class='ocrx_word' id='word_1_618' title='bbox 1943 4117 2121 4175; x_wconf 86' lang='lat' dir='ltr'><strong>tionis</strong></span> <span class='ocrx_word' id='word_1_619' title='bbox 2151 4114 2415 4180; x_wconf 76' lang='lat' dir='ltr'><strong>audacia,</strong></span> <span class='ocrx_word' id='word_1_620' title='bbox 2446 4117 2504 4169; x_wconf 92' lang='lat' dir='ltr'><strong>et</strong></span> <span class='ocrx_word' id='word_1_621' title='bbox 2534 4112 2652 4168; x_wconf 77' lang='lat' dir='ltr'><strong>rere</strong></span> <span class='ocrx_word' id='word_1_622' title='bbox 2680 4110 2945 4181; x_wconf 72' lang='lat' dir='ltr'><strong>aequlitas</strong></span> <span class='ocrx_word' id='word_1_623' title='bbox 2991 4106 3310 4180; x_wconf 86' lang='lat' dir='ltr'><strong>potestatis.</strong></span> <span class='ocrx_word' id='word_1_624' title='bbox 3343 4108 3597 4164; x_wconf 85' lang='lat' dir='ltr'><strong>Assiste-</strong></span> 
     </span>
     <span class='ocr_line' id='line_1_91' title="bbox 1943 4195 3590 4275; baseline -0.007 -11"><span class='ocrx_word' id='word_1_625' title='bbox 1943 4208 2086 4265; x_wconf 90' lang='lat' dir='ltr'><strong>bant</strong></span> <span class='ocrx_word' id='word_1_626' title='bbox 2114 4207 2165 4264; x_wconf 92' lang='lat' dir='ltr'><strong>ei</strong></span> <span class='ocrx_word' id='word_1_627' title='bbox 2197 4203 2317 4275; x_wconf 92' lang='lat' dir='ltr'><strong>alii,</strong></span> <span class='ocrx_word' id='word_1_628' title='bbox 2348 4217 2536 4275; x_wconf 90' lang='lat' dir='ltr'><strong>neque</strong></span> <span class='ocrx_word' id='word_1_629' title='bbox 2557 4199 2703 4258; x_wconf 89' lang='lat' dir='ltr'><strong>mihi</strong></span> <span class='ocrx_word' id='word_1_630' title='bbox 2724 4198 2921 4270; x_wconf 87' lang='lat' dir='ltr'><strong>aliqua</strong></span> <span class='ocrx_word' id='word_1_631' title='bbox 2941 4196 3056 4254; x_wconf 79' lang='lat' dir='ltr'><strong>iere</strong></span> <span class='ocrx_word' id='word_1_632' title='bbox 3077 4195 3426 4252; x_wconf 87' lang='lat' dir='ltr'><strong>concertatio</strong></span> <span class='ocrx_word' id='word_1_633' title='bbox 3461 4195 3590 4263; x_wconf 71' lang='lat' dir='ltr'><strong>suit,</strong></span> 
     </span>
     <span class='ocr_line' id='line_1_92' title="bbox 1942 4283 3592 4365; baseline -0.008 -11"><span class='ocrx_word' id='word_1_634' title='bbox 1942 4288 2859 4365; x_wconf 85' lang='lat' dir='ltr'><strong>nisicumsanguinemeo,donec</strong></span> <span class='ocrx_word' id='word_1_635' title='bbox 2893 4284 3207 4341; x_wconf 86' lang='lat' dir='ltr'><strong>novissime</strong></span> <span class='ocrx_word' id='word_1_636' title='bbox 3237 4283 3416 4356; x_wconf 90' lang='lat' dir='ltr'><strong>aliqui</strong></span> <span class='ocrx_word' id='word_1_637' title='bbox 3452 4284 3592 4341; x_wconf 91' lang='lat' dir='ltr'><strong>alio-</strong></span> 
     </span>
     <span class='ocr_line' id='line_1_93' title="bbox 1939 4373 3590 4449; baseline -0.007 -7"><span class='ocrx_word' id='word_1_638' title='bbox 1939 4403 2071 4442; x_wconf 92' lang='lat' dir='ltr'><strong>rum</strong></span> <span class='ocrx_word' id='word_1_639' title='bbox 2100 4384 2348 4442; x_wconf 66' lang='lat' dir='ltr'><strong>lasciviis</strong></span> <span class='ocrx_word' id='word_1_640' title='bbox 2367 4397 2485 4438; x_wconf 68' lang='lat' dir='ltr'><strong>sure</strong></span> <span class='ocrx_word' id='word_1_641' title='bbox 2508 4380 2716 4435; x_wconf 88' lang='lat' dir='ltr'><strong>timore</strong></span> <span class='ocrx_word' id='word_1_642' title='bbox 2736 4375 3043 4449; x_wconf 86' lang='lat' dir='ltr'><strong>perterriti,</strong></span> <span class='ocrx_word' id='word_1_643' title='bbox 3066 4374 3125 4430; x_wconf 94' lang='lat' dir='ltr'><strong>in</strong></span> <span class='ocrx_word' id='word_1_644' title='bbox 3143 4376 3367 4445; x_wconf 88' lang='lat' dir='ltr'><strong>partem</strong></span> <span class='ocrx_word' id='word_1_645' title='bbox 3400 4373 3590 4445; x_wconf 87' lang='lat' dir='ltr'><strong>ipsius</strong></span> 
     </span>
    </p>
   </div>
   <div class='ocr_carea' id='block_1_14' title="bbox 172 4454 3588 4551">
    <p class='ocr_par' dir='ltr' id='par_1_16' title="bbox 172 4454 3588 4551">
     <span class='ocr_line' id='line_1_94' title="bbox 172 4454 3588 4551; baseline 0.002 -37"><span class='ocrx_word' id='word_1_646' title='bbox 172 4454 428 4514; x_wconf 84' lang='lat' dir='ltr'><strong>recitatis</strong></span> <span class='ocrx_word' id='word_1_647' title='bbox 459 4460 521 4513; x_wconf 90' lang='lat' dir='ltr'><strong>in</strong></span> <span class='ocrx_word' id='word_1_648' title='bbox 550 4473 864 4516; x_wconf 89' lang='lat' dir='ltr'><strong>commune</strong></span> <span class='ocrx_word' id='word_1_649' title='bbox 908 4458 1115 4518; x_wconf 88' lang='lat' dir='ltr'><strong>litteris</strong></span> <span class='ocrx_word' id='word_1_650' title='bbox 1162 4461 1387 4533; x_wconf 86' lang='lat' dir='ltr'><strong>vestris,</strong></span> <span class='ocrx_word' id='word_1_651' title='bbox 1427 4464 1726 4521; x_wconf 83' lang='lat' dir='ltr'><strong>observato</strong></span> <span class='ocrx_word' id='word_1_652' title='bbox 1755 4466 1815 4524; x_wconf 89' lang='lat' dir='ltr'><strong>in</strong></span> <span class='ocrx_word' id='word_1_653' title='bbox 1847 4487 1893 4551; x_wconf 79' lang='lat' dir='ltr'>D</span> <span class='ocrx_word' id='word_1_654' title='bbox 1926 4494 2100 4536; x_wconf 63' lang='lat' dir='ltr'><strong>causa</strong></span> <span class='ocrx_word' id='word_1_655' title='bbox 2129 4472 2423 4547; x_wconf 80' lang='lat' dir='ltr'><strong>quaerendi</strong></span> <span class='ocrx_word' id='word_1_656' title='bbox 2452 4466 2699 4526; x_wconf 88' lang='lat' dir='ltr'><strong>subsidii</strong></span> <span class='ocrx_word' id='word_1_657' title='bbox 2730 4465 3181 4532; x_wconf 88' lang='lat' dir='ltr'><strong>concesserunt;</strong></span> <span class='ocrx_word' id='word_1_658' title='bbox 3218 4460 3318 4518; x_wconf 89' lang='lat' dir='ltr'><strong>sed</strong></span> <span class='ocrx_word' id='word_1_659' title='bbox 3344 4477 3452 4533; x_wconf 86' lang='lat' dir='ltr'><strong>ego</strong></span> <span class='ocrx_word' id='word_1_660' title='bbox 3481 4477 3588 4521; x_wconf 90' lang='lat' dir='ltr'><strong>no-</strong></span> 
     </span>
    </p>
   </div>
   <div class='ocr_carea' id='block_1_15' title="bbox 166 4545 1818 5607">
    <p class='ocr_par' dir='ltr' id='par_1_17' title="bbox 166 4545 1818 5607">
     <span class='ocr_line' id='line_1_95' title="bbox 174 4545 1816 4625; baseline 0.005 -20"><span class='ocrx_word' id='word_1_661' title='bbox 174 4545 449 4605; x_wconf 86' lang='lat' dir='ltr'><strong>cmnibus</strong></span> <span class='ocrx_word' id='word_1_662' title='bbox 469 4548 999 4621; x_wconf 85' lang='lat' dir='ltr'><strong>ordiuejudicaric,</strong></span> <span class='ocrx_word' id='word_1_663' title='bbox 1021 4550 1172 4608; x_wconf 88' lang='lat' dir='ltr'><strong>sicut</strong></span> <span class='ocrx_word' id='word_1_664' title='bbox 1192 4551 1633 4625; x_wconf 85' lang='lat' dir='ltr'><strong>injungebatur,</strong></span> <span class='ocrx_word' id='word_1_665' title='bbox 1650 4571 1816 4613; x_wconf 89' lang='lat' dir='ltr'><strong>cura·</strong></span> 
     </span>
     <span class='ocr_line' id='line_1_96' title="bbox 171 4636 1814 4716; baseline 0.005 -22"><span class='ocrx_word' id='word_1_666' title='bbox 171 4636 363 4694; x_wconf 84' lang='lat' dir='ltr'><strong>vimus</strong></span> <span class='ocrx_word' id='word_1_667' title='bbox 412 4638 640 4696; x_wconf 77' lang='lat' dir='ltr'><strong>effectui</strong></span> <span class='ocrx_word' id='word_1_668' title='bbox 693 4640 1044 4712; x_wconf 85' lang='lat' dir='ltr'><strong>mancipare,</strong></span> <span class='ocrx_word' id='word_1_669' title='bbox 1089 4645 1148 4697; x_wconf 91' lang='lat' dir='ltr'><strong>et</strong></span> <span class='ocrx_word' id='word_1_670' title='bbox 1185 4642 1522 4700; x_wconf 88' lang='lat' dir='ltr'><strong>testimonia</strong></span> <span class='ocrx_word' id='word_1_671' title='bbox 1543 4644 1814 4716; x_wconf 88' lang='lat' dir='ltr'><strong>judicum</strong></span> 
     </span>
     <span class='ocr_line' id='line_1_97' title="bbox 171 4727 1818 4802; baseline 0.005 -20"><span class='ocrx_word' id='word_1_672' title='bbox 171 4741 304 4783; x_wconf 86' lang='lat' dir='ltr'><strong>curn</strong></span> <span class='ocrx_word' id='word_1_673' title='bbox 319 4727 558 4784; x_wconf 88' lang='lat' dir='ltr'><strong>testium</strong></span> <span class='ocrx_word' id='word_1_674' title='bbox 580 4727 1109 4802; x_wconf 87' lang='lat' dir='ltr'><strong>subscriptionibus</strong></span> <span class='ocrx_word' id='word_1_675' title='bbox 1131 4731 1201 4787; x_wconf 89' lang='lat' dir='ltr'><strong>ad</strong></span> <span class='ocrx_word' id='word_1_676' title='bbox 1225 4747 1326 4788; x_wconf 86' lang='lat' dir='ltr'><strong>vos</strong></span> <span class='ocrx_word' id='word_1_677' title='bbox 1349 4732 1628 4790; x_wconf 89' lang='lat' dir='ltr'><strong>nimirum</strong></span> <span class='ocrx_word' id='word_1_678' title='bbox 1652 4733 1818 4791; x_wconf 86' lang='lat' dir='ltr'><strong>duxi-</strong></span> 
     </span>
     <span class='ocr_line' id='line_1_98' title="bbox 170 4817 1818 4897; baseline 0.004 -22"><span class='ocrx_word' id='word_1_679' title='bbox 170 4832 305 4875; x_wconf 90' lang='lat' dir='ltr'><strong>mus</strong></span> <span class='ocrx_word' id='word_1_680' title='bbox 350 4817 807 4890; x_wconf 87' lang='lat' dir='ltr'><strong>transmittenda,</strong></span> <span class='ocrx_word' id='word_1_681' title='bbox 859 4835 929 4876; x_wconf 93' lang='lat' dir='ltr'><strong>ne</strong></span> <span class='ocrx_word' id='word_1_682' title='bbox 979 4819 1128 4878; x_wconf 73' lang='lat' dir='ltr'><strong>talea</strong></span> <span class='ocrx_word' id='word_1_683' title='bbox 1173 4819 1393 4878; x_wconf 86' lang='lat' dir='ltr'><strong>scilicet</strong></span> <span class='ocrx_word' id='word_1_684' title='bbox 1436 4824 1818 4897; x_wconf 87' lang='lat' dir='ltr'><strong>suggestione</strong></span> 
     </span>
     <span class='ocr_line' id='line_1_99' title="bbox 170 4909 1816 4989; baseline 0.007 -25"><span class='ocrx_word' id='word_1_685' title='bbox 170 4909 519 4982; x_wconf 81' lang='lat' dir='ltr'><strong>quusquam</strong></span> <span class='ocrx_word' id='word_1_686' title='bbox 551 4912 610 4968; x_wconf 90' lang='lat' dir='ltr'><strong>in</strong></span> <span class='ocrx_word' id='word_1_687' title='bbox 643 4912 839 4985; x_wconf 87' lang='lat' dir='ltr'><strong>aliquo</strong></span> <span class='ocrx_word' id='word_1_688' title='bbox 870 4914 1162 4987; x_wconf 86' lang='lat' dir='ltr'><strong>denigrari</strong></span> <span class='ocrx_word' id='word_1_689' title='bbox 1196 4914 1405 4988; x_wconf 87' lang='lat' dir='ltr'><strong>possit,</strong></span> <span class='ocrx_word' id='word_1_690' title='bbox 1428 4918 1584 4989; x_wconf 92' lang='lat' dir='ltr'><strong>quod</strong></span> <span class='ocrx_word' id='word_1_691' title='bbox 1616 4924 1816 4976; x_wconf 84' lang='lat' dir='ltr'><strong>aucto·</strong></span> 
     </span>
     <span class='ocr_line' id='line_1_100' title="bbox 171 4998 1810 5074; baseline 0.005 -21"><span class='ocrx_word' id='word_1_692' title='bbox 171 4998 345 5053; x_wconf 86' lang='lat' dir='ltr'><strong>ritate</strong></span> <span class='ocrx_word' id='word_1_693' title='bbox 391 5004 584 5055; x_wconf 83' lang='lat' dir='ltr'><strong>vestra</strong></span> <span class='ocrx_word' id='word_1_694' title='bbox 629 5004 906 5074; x_wconf 86' lang='lat' dir='ltr'><strong>tantaque</strong></span> <span class='ocrx_word' id='word_1_695' title='bbox 953 5009 1183 5062; x_wconf 88' lang='lat' dir='ltr'><strong>constat</strong></span> <span class='ocrx_word' id='word_1_696' title='bbox 1213 5006 1436 5063; x_wconf 88' lang='lat' dir='ltr'><strong>ratione</strong></span> <span class='ocrx_word' id='word_1_697' title='bbox 1473 5007 1810 5065; x_wconf 81' lang='lat' dir='ltr'><strong>subnixum.</strong></span> 
     </span>
     <span class='ocr_line' id='line_1_101' title="bbox 171 5084 1813 5170; baseline 0.008 -29"><span class='ocrx_word' id='word_1_698' title='bbox 171 5084 395 5142; x_wconf 89' lang='lat' dir='ltr'><strong>Bonum</strong></span> <span class='ocrx_word' id='word_1_699' title='bbox 426 5097 512 5141; x_wconf 88' lang='lat' dir='ltr'><strong>est</strong></span> <span class='ocrx_word' id='word_1_700' title='bbox 541 5088 694 5144; x_wconf 88' lang='lat' dir='ltr'><strong>enim</strong></span> <span class='ocrx_word' id='word_1_701' title='bbox 731 5106 959 5161; x_wconf 84' lang='lat' dir='ltr'><strong>poenam</strong></span> <span class='ocrx_word' id='word_1_702' title='bbox 996 5096 1170 5152; x_wconf 89' lang='lat' dir='ltr'><strong>unius</strong></span> <span class='ocrx_word' id='word_1_703' title='bbox 1197 5095 1270 5151; x_wconf 87' lang='lat' dir='ltr'><strong>ad</strong></span> <span class='ocrx_word' id='word_1_704' title='bbox 1315 5097 1629 5154; x_wconf 89' lang='lat' dir='ltr'><strong>multorum</strong></span> <span class='ocrx_word' id='word_1_705' title='bbox 1681 5114 1813 5170; x_wconf 90' lang='lat' dir='ltr'><strong>pro·</strong></span> 
     </span>
     <span class='ocr_line' id='line_1_102' title="bbox 168 5173 1813 5248; baseline 0.008 -17"><span class='ocrx_word' id='word_1_706' title='bbox 168 5174 338 5233; x_wconf 80' lang='lat' dir='ltr'><strong>ficere</strong></span> <span class='ocrx_word' id='word_1_707' title='bbox 381 5173 772 5248; x_wconf 88' lang='lat' dir='ltr'><strong>disciplinam,</strong></span> <span class='ocrx_word' id='word_1_708' title='bbox 819 5194 889 5235; x_wconf 90' lang='lat' dir='ltr'><strong>ne</strong></span> <span class='ocrx_word' id='word_1_709' title='bbox 921 5189 1078 5237; x_wconf 86' lang='lat' dir='ltr'><strong>reatu</strong></span> <span class='ocrx_word' id='word_1_710' title='bbox 1111 5188 1230 5240; x_wconf 87' lang='lat' dir='ltr'><strong>tam</strong></span> <span class='ocrx_word' id='word_1_711' title='bbox 1273 5186 1580 5243; x_wconf 77' lang='lat' dir='ltr'><strong>manifesto</strong></span> <span class='ocrx_word' id='word_1_712' title='bbox 1609 5189 1680 5243; x_wconf 91' lang='lat' dir='ltr'><strong>de</strong></span> <span class='ocrx_word' id='word_1_713' title='bbox 1710 5188 1813 5243; x_wconf 88' lang='lat' dir='ltr'><strong>ho·</strong></span> 
     </span>
     <span class='ocr_line' id='line_1_103' title="bbox 170 5264 1816 5332; baseline 0.006 -12"><span class='ocrx_word' id='word_1_714' title='bbox 170 5268 392 5321; x_wconf 89' lang='lat' dir='ltr'><strong>nestate</strong></span> <span class='ocrx_word' id='word_1_715' title='bbox 420 5264 812 5324; x_wconf 89' lang='lat' dir='ltr'><strong>ecclesiastica</strong></span> <span class='ocrx_word' id='word_1_716' title='bbox 830 5269 941 5324; x_wconf 91' lang='lat' dir='ltr'><strong>sub</strong></span> <span class='ocrx_word' id='word_1_717' title='bbox 963 5271 1313 5329; x_wconf 87' lang='lat' dir='ltr'><strong>conscientia</strong></span> <span class='ocrx_word' id='word_1_718' title='bbox 1337 5279 1526 5331; x_wconf 90' lang='lat' dir='ltr'><strong>vestra</strong></span> <span class='ocrx_word' id='word_1_719' title='bbox 1546 5274 1816 5332; x_wconf 86' lang='lat' dir='ltr'><strong>dicantur</strong></span> 
     </span>
     <span class='ocr_line' id='line_1_104' title="bbox 168 5353 1818 5437; baseline 0.007 -26"><span class='ocrx_word' id='word_1_720' title='bbox 168 5353 571 5412; x_wconf 87' lang='lat' dir='ltr'><strong>concubinarii</strong></span> <span class='ocrx_word' id='word_1_721' title='bbox 600 5357 1016 5430; x_wconf 85' lang='lat' dir='ltr'><strong>triumphasse.</strong></span> <span class='ocrx_word' id='word_1_722' title='bbox 1051 5361 1276 5418; x_wconf 86' lang='lat' dir='ltr'><strong>indicat</strong></span> <span class='ocrx_word' id='word_1_723' title='bbox 1299 5379 1435 5437; x_wconf 89' lang='lat' dir='ltr'><strong>ergo</strong></span> <span class='ocrx_word' id='word_1_724' title='bbox 1455 5364 1611 5422; x_wconf 84' lang='lat' dir='ltr'><strong>zelus</strong></span> <span class='ocrx_word' id='word_1_725' title='bbox 1630 5370 1818 5422; x_wconf 83' lang='lat' dir='ltr'><strong>vester</strong></span> 
     </span>
     <span class='ocr_line' id='line_1_105' title="bbox 166 5441 1813 5527; baseline 0.008 -27"><span class='ocrx_word' id='word_1_726' title='bbox 166 5441 467 5500; x_wconf 75' lang='lat' dir='ltr'><strong>silentium</strong></span> <span class='ocrx_word' id='word_1_727' title='bbox 497 5443 903 5517; x_wconf 85' lang='lat' dir='ltr'><strong>condemnato,</strong></span> <span class='ocrx_word' id='word_1_728' title='bbox 932 5446 1321 5523; x_wconf 88' lang='lat' dir='ltr'><strong>ecclesiasque</strong></span> <span class='ocrx_word' id='word_1_729' title='bbox 1340 5453 1553 5526; x_wconf 86' lang='lat' dir='ltr'><strong>ipsius,</strong></span> <span class='ocrx_word' id='word_1_730' title='bbox 1576 5470 1725 5527; x_wconf 87' lang='lat' dir='ltr'><strong>quas</strong></span> <span class='ocrx_word' id='word_1_731' title='bbox 1751 5454 1813 5513; x_wconf 82' lang='lat' dir='ltr'><strong>iu</strong></span> 
     </span>
     <span class='ocr_line' id='line_1_106' title="bbox 166 5531 1814 5607; baseline 0.007 -17"><span class='ocrx_word' id='word_1_732' title='bbox 166 5531 508 5606; x_wconf 81' lang='lat' dir='ltr'><strong>episcopatu</strong></span> <span class='ocrx_word' id='word_1_733' title='bbox 535 5536 794 5607; x_wconf 81' lang='lat' dir='ltr'><strong>sagiensi</strong></span> <span class='ocrx_word' id='word_1_734' title='bbox 822 5535 1120 5597; x_wconf 72' lang='lat' dir='ltr'><strong>transferri</strong></span> <span class='ocrx_word' id='word_1_735' title='bbox 1150 5538 1284 5598; x_wconf 76' lang='lat' dir='ltr'><strong>fecit</strong></span> <span class='ocrx_word' id='word_1_736' title='bbox 1310 5540 1374 5599; x_wconf 86' lang='lat' dir='ltr'><strong>in</strong></span> <span class='ocrx_word' id='word_1_737' title='bbox 1402 5541 1594 5603; x_wconf 84' lang='lat' dir='ltr'><strong>fllium</strong></span> <span class='ocrx_word' id='word_1_738' title='bbox 1621 5557 1814 5602; x_wconf 87' lang='lat' dir='ltr'><strong>sacer-</strong></span> 
     </span>
    </p>
   </div>
   <div class='ocr_carea' id='block_1_16' title="bbox 1923 4552 3586 5513">
    <p class='ocr_par' dir='ltr' id='par_1_18' title="bbox 1923 4552 3586 5513">
     <span class='ocr_line' id='line_1_107' title="bbox 1927 4552 3584 4633; baseline -0.009 -9"><span class='ocrx_word' id='word_1_739' title='bbox 1927 4565 2167 4624; x_wconf 75' lang='lat' dir='ltr'><strong>vissime</strong></span> <span class='ocrx_word' id='word_1_740' title='bbox 2199 4560 2346 4633; x_wconf 84' lang='lat' dir='ltr'><strong>coepi</strong></span> <span class='ocrx_word' id='word_1_741' title='bbox 2377 4560 2435 4615; x_wconf 90' lang='lat' dir='ltr'><strong>in</strong></span> <span class='ocrx_word' id='word_1_742' title='bbox 2457 4556 2604 4614; x_wconf 90' lang='lat' dir='ltr'><strong>alios</strong></span> <span class='ocrx_word' id='word_1_743' title='bbox 2635 4553 2983 4612; x_wconf 86' lang='lat' dir='ltr'><strong>auctoritate</strong></span> <span class='ocrx_word' id='word_1_744' title='bbox 3011 4552 3332 4609; x_wconf 84' lang='lat' dir='ltr'><strong>litterarum</strong></span> <span class='ocrx_word' id='word_1_745' title='bbox 3362 4557 3584 4610; x_wconf 81' lang='lat' dir='ltr'><strong>vestra-</strong></span> 
     </span>
     <span class='ocr_line' id='line_1_108' title="bbox 1928 4641 3582 4725; baseline -0.008 -12"><span class='ocrx_word' id='word_1_746' title='bbox 1928 4672 2057 4713; x_wconf 90' lang='lat' dir='ltr'><strong>rum</strong></span> <span class='ocrx_word' id='word_1_747' title='bbox 2087 4661 2139 4712; x_wconf 92' lang='lat' dir='ltr'><strong>et</strong></span> <span class='ocrx_word' id='word_1_748' title='bbox 2162 4645 2424 4725; x_wconf 61' lang='lat' dir='ltr'><strong>praesidio</strong></span> <span class='ocrx_word' id='word_1_749' title='bbox 2455 4644 2775 4704; x_wconf 86' lang='lat' dir='ltr'><strong>convalere.</strong></span> <span class='ocrx_word' id='word_1_750' title='bbox 2808 4644 2959 4699; x_wconf 87' lang='lat' dir='ltr'><strong>Sane</strong></span> <span class='ocrx_word' id='word_1_751' title='bbox 2993 4655 3173 4698; x_wconf 89' lang='lat' dir='ltr'><strong>unum</strong></span> <span class='ocrx_word' id='word_1_752' title='bbox 3205 4646 3292 4696; x_wconf 85' lang='lat' dir='ltr'><strong>est</strong></span> <span class='ocrx_word' id='word_1_753' title='bbox 3319 4641 3391 4696; x_wconf 89' lang='lat' dir='ltr'><strong>ad</strong></span> <span class='ocrx_word' id='word_1_754' title='bbox 3423 4643 3582 4714; x_wconf 86' lang='lat' dir='ltr'><strong>quod</strong></span> 
     </span>
     <span class='ocr_line' id='line_1_109' title="bbox 1927 4732 3586 4802; baseline -0.008 0"><span class='ocrx_word' id='word_1_755' title='bbox 1927 4762 2029 4802; x_wconf 88' lang='lat' dir='ltr'><strong>vos</strong></span> <span class='ocrx_word' id='word_1_756' title='bbox 2076 4740 2329 4799; x_wconf 78' lang='lat' dir='ltr'><strong>indilatae</strong></span> <span class='ocrx_word' id='word_1_757' title='bbox 2377 4733 2702 4794; x_wconf 86' lang='lat' dir='ltr'><strong>severitatis</strong></span> <span class='ocrx_word' id='word_1_758' title='bbox 2757 4736 2962 4791; x_wconf 74' lang='lat' dir='ltr'><strong>vestrae</strong></span> <span class='ocrx_word' id='word_1_759' title='bbox 3030 4745 3270 4786; x_wconf 88' lang='lat' dir='ltr'><strong>manum</strong></span> <span class='ocrx_word' id='word_1_760' title='bbox 3310 4732 3586 4789; x_wconf 79' lang='lat' dir='ltr'><strong>convenit</strong></span> 
     </span>
     <span class='ocr_line' id='line_1_110' title="bbox 1927 4816 3584 4900; baseline -0.008 -10"><span class='ocrx_word' id='word_1_761' title='bbox 1927 4832 2227 4898; x_wconf 87' lang='lat' dir='ltr'><strong>adhibere,</strong></span> <span class='ocrx_word' id='word_1_762' title='bbox 2263 4825 2539 4900; x_wconf 86' lang='lat' dir='ltr'><strong>quoniam</strong></span> <span class='ocrx_word' id='word_1_763' title='bbox 2581 4822 2641 4879; x_wconf 91' lang='lat' dir='ltr'><strong>in</strong></span> <span class='ocrx_word' id='word_1_764' title='bbox 2697 4820 2809 4878; x_wconf 89' lang='lat' dir='ltr'><strong>hoc</strong></span> <span class='ocrx_word' id='word_1_765' title='bbox 2855 4824 2913 4876; x_wconf 91' lang='lat' dir='ltr'><strong>et</strong></span> <span class='ocrx_word' id='word_1_766' title='bbox 2940 4832 3178 4876; x_wconf 87' lang='lat' dir='ltr'><strong>enorme</strong></span> <span class='ocrx_word' id='word_1_767' title='bbox 3219 4816 3495 4875; x_wconf 82' lang='lat' dir='ltr'><strong>delictum</strong></span> <span class='ocrx_word' id='word_1_768' title='bbox 3525 4823 3584 4877; x_wconf 89' lang='lat' dir='ltr'><strong>et</strong></span> 
     </span>
     <span class='ocr_line' id='line_1_111' title="bbox 1929 4909 3582 4991; baseline -0.008 -11"><span class='ocrx_word' id='word_1_769' title='bbox 1929 4922 2243 4980; x_wconf 89' lang='lat' dir='ltr'><strong>multarum</strong></span> <span class='ocrx_word' id='word_1_770' title='bbox 2270 4915 2555 4991; x_wconf 88' lang='lat' dir='ltr'><strong>pernicies</strong></span> <span class='ocrx_word' id='word_1_771' title='bbox 2572 4913 2819 4972; x_wconf 79' lang='lat' dir='ltr'><strong>vertitur</strong></span> <span class='ocrx_word' id='word_1_772' title='bbox 2836 4912 3191 4968; x_wconf 87' lang='lat' dir='ltr'><strong>animarum.</strong></span> <span class='ocrx_word' id='word_1_773' title='bbox 3215 4912 3315 4965; x_wconf 76' lang='lat' dir='ltr'><strong>Est</strong></span> <span class='ocrx_word' id='word_1_774' title='bbox 3336 4909 3391 4966; x_wconf 91' lang='lat' dir='ltr'><strong>in</strong></span> <span class='ocrx_word' id='word_1_775' title='bbox 3414 4909 3582 4967; x_wconf 74' lang='lat' dir='ltr'><strong>deca·</strong></span> 
     </span>
     <span class='ocr_line' id='line_1_112' title="bbox 1928 4997 3582 5084; baseline -0.008 -14"><span class='ocrx_word' id='word_1_776' title='bbox 1928 5016 2067 5070; x_wconf 90' lang='lat' dir='ltr'><strong>natu</strong></span> <span class='ocrx_word' id='word_1_777' title='bbox 2109 5006 2457 5084; x_wconf 90' lang='lat' dir='ltr'><strong>parochialis</strong></span> <span class='ocrx_word' id='word_1_778' title='bbox 2499 5003 2761 5071; x_wconf 88' lang='lat' dir='ltr'><strong>ecclesia,</strong></span> <span class='ocrx_word' id='word_1_779' title='bbox 2812 5003 2983 5073; x_wconf 78' lang='lat' dir='ltr'><strong>cujus</strong></span> <span class='ocrx_word' id='word_1_780' title='bbox 3028 5000 3248 5057; x_wconf 90' lang='lat' dir='ltr'><strong>reditus</strong></span> <span class='ocrx_word' id='word_1_781' title='bbox 3275 4997 3493 5056; x_wconf 87' lang='lat' dir='ltr'><strong>decano</strong></span> <span class='ocrx_word' id='word_1_782' title='bbox 3523 5004 3582 5057; x_wconf 86' lang='lat' dir='ltr'><strong>et</strong></span> 
     </span>
     <span class='ocr_line' id='line_1_113' title="bbox 1926 5089 3578 5175; baseline -0.008 -17"><span class='ocrx_word' id='word_1_783' title='bbox 1926 5101 2265 5175; x_wconf 82' lang='lat' dir='ltr'><strong>presbytero</strong></span> <span class='ocrx_word' id='word_1_784' title='bbox 2293 5100 2526 5154; x_wconf 87' lang='lat' dir='ltr'><strong>constat</strong></span> <span class='ocrx_word' id='word_1_785' title='bbox 2552 5110 2681 5151; x_wconf 89' lang='lat' dir='ltr'><strong>esse</strong></span> <span class='ocrx_word' id='word_1_786' title='bbox 2708 5105 3072 5156; x_wconf 87' lang='lat' dir='ltr'><strong>communes,</strong></span> <span class='ocrx_word' id='word_1_787' title='bbox 3114 5089 3283 5160; x_wconf 77' lang='lat' dir='ltr'><strong>quus</strong></span> <span class='ocrx_word' id='word_1_788' title='bbox 3303 5089 3578 5145; x_wconf 82' lang='lat' dir='ltr'><strong>sacerdos</strong></span> 
     </span>
     <span class='ocr_line' id='line_1_114' title="bbox 1926 5178 3582 5263; baseline -0.008 -13"><span class='ocrx_word' id='word_1_789' title='bbox 1926 5209 2103 5263; x_wconf 87' lang='lat' dir='ltr'><strong>super</strong></span> <span class='ocrx_word' id='word_1_790' title='bbox 2123 5190 2312 5247; x_wconf 86' lang='lat' dir='ltr'><strong>tribus</strong></span> <span class='ocrx_word' id='word_1_791' title='bbox 2343 5185 2688 5243; x_wconf 85' lang='lat' dir='ltr'><strong>criminibus</strong></span> <span class='ocrx_word' id='word_1_792' title='bbox 2719 5181 3010 5247; x_wconf 84' lang='lat' dir='ltr'><strong>maximis,</strong></span> <span class='ocrx_word' id='word_1_793' title='bbox 3044 5178 3437 5236; x_wconf 81' lang='lat' dir='ltr'><strong>concubinatu</strong></span> <span class='ocrx_word' id='word_1_794' title='bbox 3471 5179 3582 5236; x_wconf 85' lang='lat' dir='ltr'><strong>sei·</strong></span> 
     </span>
     <span class='ocr_line' id='line_1_115' title="bbox 1926 5263 3574 5346; baseline -0.008 -13"><span class='ocrx_word' id='word_1_795' title='bbox 1926 5276 2082 5346; x_wconf 88' lang='lat' dir='ltr'><strong>licet,</strong></span> <span class='ocrx_word' id='word_1_796' title='bbox 2113 5279 2172 5332; x_wconf 91' lang='lat' dir='ltr'><strong>et</strong></span> <span class='ocrx_word' id='word_1_797' title='bbox 2218 5276 2443 5331; x_wconf 77' lang='lat' dir='ltr'><strong>incestu</strong></span> <span class='ocrx_word' id='word_1_798' title='bbox 2488 5286 2620 5326; x_wconf 89' lang='lat' dir='ltr'><strong>cum</strong></span> <span class='ocrx_word' id='word_1_799' title='bbox 2654 5267 2868 5325; x_wconf 85' lang='lat' dir='ltr'><strong>focaria</strong></span> <span class='ocrx_word' id='word_1_800' title='bbox 2897 5265 3112 5333; x_wconf 76' lang='lat' dir='ltr'><strong>fratris,</strong></span> <span class='ocrx_word' id='word_1_801' title='bbox 3143 5268 3201 5321; x_wconf 85' lang='lat' dir='ltr'><strong>et</strong></span> <span class='ocrx_word' id='word_1_802' title='bbox 3229 5263 3483 5335; x_wconf 77' lang='lat' dir='ltr'><strong>perJurio</strong></span> <span class='ocrx_word' id='word_1_803' title='bbox 3513 5264 3574 5320; x_wconf 87' lang='lat' dir='ltr'><strong>in</strong></span> 
     </span>
     <span class='ocr_line' id='line_1_116' title="bbox 1923 5351 3575 5439; baseline -0.007 -17"><span class='ocrx_word' id='word_1_804' title='bbox 1923 5364 2178 5439; x_wconf 90' lang='lat' dir='ltr'><strong>generali</strong></span> <span class='ocrx_word' id='word_1_805' title='bbox 2217 5361 2460 5437; x_wconf 75' lang='lat' dir='ltr'><strong>synodo,</strong></span> <span class='ocrx_word' id='word_1_806' title='bbox 2492 5360 2632 5433; x_wconf 88' lang='lat' dir='ltr'><strong>quia</strong></span> <span class='ocrx_word' id='word_1_807' title='bbox 2679 5358 2915 5432; x_wconf 88' lang='lat' dir='ltr'><strong>purgari</strong></span> <span class='ocrx_word' id='word_1_808' title='bbox 2962 5371 3075 5414; x_wconf 87' lang='lat' dir='ltr'><strong>non</strong></span> <span class='ocrx_word' id='word_1_809' title='bbox 3106 5351 3307 5427; x_wconf 85' lang='lat' dir='ltr'><strong>potuit,</strong></span> <span class='ocrx_word' id='word_1_810' title='bbox 3341 5352 3575 5425; x_wconf 85' lang='lat' dir='ltr'><strong>publice</strong></span> 
     </span>
     <span class='ocr_line' id='line_1_117' title="bbox 1923 5442 3574 5513; baseline -0.008 1"><span class='ocrx_word' id='word_1_811' title='bbox 1923 5454 2350 5513; x_wconf 77' lang='lat' dir='ltr'><strong>condemnatus</strong></span> <span class='ocrx_word' id='word_1_812' title='bbox 2380 5455 2466 5509; x_wconf 86' lang='lat' dir='ltr'><strong>est</strong></span> <span class='ocrx_word' id='word_1_813' title='bbox 2487 5456 2541 5507; x_wconf 92' lang='lat' dir='ltr'><strong>et</strong></span> <span class='ocrx_word' id='word_1_814' title='bbox 2572 5448 2733 5505; x_wconf 91' lang='lat' dir='ltr'><strong>omni</strong></span> <span class='ocrx_word' id='word_1_815' title='bbox 2772 5447 3055 5505; x_wconf 87' lang='lat' dir='ltr'><strong>nimirum</strong></span> <span class='ocrx_word' id='word_1_816' title='bbox 3077 5442 3359 5502; x_wconf 85' lang='lat' dir='ltr'><strong>beneflcio</strong></span> <span class='ocrx_word' id='word_1_817' title='bbox 3388 5444 3574 5502; x_wconf 83' lang='lat' dir='ltr'><strong>eccle-</strong></span> 
     </span>
    </p>
   </div>
   <div class='ocr_carea' id='block_1_17' title="bbox 1923 5533 3570 5617">
    <p class='ocr_par' dir='ltr' id='par_1_19' title="bbox 1923 5533 3570 5617">
     <span class='ocr_line' id='line_1_118' title="bbox 1923 5533 3570 5617; baseline -0.007 -13"><span class='ocrx_word' id='word_1_818' title='bbox 1923 5543 2158 5606; x_wconf 83' lang='lat' dir='ltr'><strong>siastico</strong></span> <span class='ocrx_word' id='word_1_819' title='bbox 2177 5541 2475 5617; x_wconf 84' lang='lat' dir='ltr'><strong>spoliatus.</strong></span> <span class='ocrx_word' id='word_1_820' title='bbox 2501 5535 2766 5612; x_wconf 75' lang='lat' dir='ltr'><strong>Cumque</strong></span> <span class='ocrx_word' id='word_1_821' title='bbox 2784 5539 2983 5611; x_wconf 67' lang='lat' dir='ltr'><strong>pontes</strong></span> <span class='ocrx_word' id='word_1_822' title='bbox 3000 5533 3306 5595; x_wconf 75' lang='lat' dir='ltr'><strong>eeclesiam</strong></span> <span class='ocrx_word' id='word_1_823' title='bbox 3324 5545 3430 5606; x_wconf 87' lang='lat' dir='ltr'><strong>per</strong></span> <span class='ocrx_word' id='word_1_824' title='bbox 3444 5533 3570 5593; x_wconf 78' lang='lat' dir='ltr'><strong>vio-</strong></span> 
     </span>
    </p>
   </div>
  </div>
 </body>
</html>
