3784 6000
125 228 263 288 12¹2

1112 223 1488 284 EPISTOLAE
1526 222 1613 282 m·
1651 218 2098 282 vattAEGtA.
2142 253 2208 266 —
2238 218 2355 281 AN.
2384 220 2539 281 1183.

3395 219 3544 282 12st

193 383 316 452 Ego
352 379 666 437 Galiredus
704 376 871 435 titulo
913 378 1141 436 Sanctae
1172 378 1368 435 Marias
1397 378 1457 436 in
1501 376 1603 436 Via
1631 377 1776 434 Lata
1801 377 1848 432 A
1881 356 2929 450 quaminoblationibusetomnibus
2943 373 3536 433 beneflciisvivorum

119 453 417 510 diaconus
446 449 792 508 cardinalis.

194 544 316 611 Ego
344 540 593 597 Albinus
610 539 778 597 titulo
810 540 1041 597 Sanctae
1064 539 1254 597 Mariae
1274 540 1454 597 Novoe
1480 538 1773 596 diaconus

121 629 468 689 cardinalis.

200 763 214 778 .
236 765 249 778 .
273 720 404 777 ‚Per
426 733 674 775 manum
707 717 972 788 Hugonis
1004 722 1233 775 sanctoe
1261 720 1571 776 Romanae.
1592 760 1606 774 .
1628 759 1642 773 .
1665 732 1770 774 no·

121 809 275 879 tarii,
309 824 409 865 xiv
440 805 736 864 Kalendas
760 805 923 873 Julii,
951 805 1300 864 indictione.
1322 849 1336 864 .
1357 849 1372 866 .
1414 807 1772 864 incarnatio·

118 898 213 955 nis
233 896 556 954 Dominicoe
579 911 741 953 anno
772 895 927 961 1182,
955 895 1345 969 pontificatus
1374 910 1514 953 vero
1541 894 1770 952 domini

121 986 281 1043 Lucii
304 985 455 1042 tertii
474 999 637 1041 anno
664 983 951 1041 secundo.

879 1088 1011 1149 CIX.

118 1181 338 1238 Abbati
364 1179 785 1251 Sieybw·9ensi
807 1180 1015 1237 scribit
1064 1185 1130 1236 at
1163 1181 1251 1238 vel
1274 1182 1398 1248 ipse
1424 1180 1643 1251 afferat
1677 1181 1771 1239 vel

191 1256 398 1310 mittat
453 1251 788 1309 testimonia
813 1251 894 1307 ad
936 1251 1002 1308 id
1029 1252 1384 1318 necessaria,
1416 1251 1577 1324 quod
1618 1266 1770 1322 δεῦρο

186 1325 445 1394 petierit,
487 1328 550 1379 ut
586 1323 785 1389 Anno,
826 1323 1169 1381 monasterii
1192 1330 1768 1392 patronas,sanetus

188 1395 622 1453 declararetur.
664 1395 863 1452 Monet
884 1402 949 1450 ut
1001 1395 1215 1451 nuntio
1259 1394 1417 1451 lianc
1456 1394 1768 1464 epistolam

189 1467 519 1537 perferenti
559 1464 803 1538 aliquod
846 1465 1155 1523 honestum
1211 1467 1552 1535 beneficium
1592 1468 1766 1525 eccle-

194 1538 502 1596 siasticum
529 1537 778 1594 tribuat.

652 1625 915 1698 (Signiae,
941 1627 1081 1683 Jun.
1120 1626 1237 1695 ⁶24.)

438 1713 814 1787 [Laconum.
859 1714 1152 1779 Ursaria„
1212 1714 1255 1782 1,
1290 1713 1446 1790 343]

883 1821 1004 1878 CX.

119 1911 402 1970 Ecclesia&
451 1911 515 1970 S.
574 1909 804 1967 Anioni
854 1910 1304 1968 Aurelianensis
1346 1910 1771 1981 protectionem

484 1982 731 2053 suscipit
750 1982 1018 2053 bonaque
1050 1983 1397 2051 confirmat.

631 2070 894 2143 (Signiae,
941 2071 1078 2127 Jun.
1120 2071 1236 2144 24.)

103 2160 485 2236 1Antique'tes
496 2160 570 2217 de
585 2159 823 2217 saint-A
836 2159 1021 2231 iynan
1038 2159 1377 2227 d’Orteam,
1392 2161 1507 2226 Pr„
1530 2174 1592 2233 p.
1623 2164 1642 2214 t
1663 2156 1772 2235 18.]

193 2248 391 2305 Lucius
429 2248 771 2320 episcopus,
802 2263 1004 2303 servus
1047 2263 1356 2305 servorum
1390 2248 1512 2316 Dei,
1542 2247 1771 2304 dilectis

108 2337 260 2395 filiis
291 2340 544 2395 cannaco
576 2337 807 2394 decano
855 2336 1117 2393 ecclesias
1154 2336 1214 2394 S.
1253 2336 1467 2394 Auiani
1506 2336 1772 2395 Aurelia·

118 2427 344 2491 nensis,
378 2427 628 2498 ejusque
655 2423 958 2495 tratribus,
988 2429 1110 2481 tam
1150 2425 1551 2499 praesentibus
1585 2440 1772 2499 quam

121 2516 357 2582 tuturis,
389 2517 677 2571 canonice
709 2514 1162 2584 substituendis,
1192 2515 1251 2571 in
1284 2520 1662 2588 perpetuum.

199 2607 345 2662 Cum
385 2605 658 2661 omnium
698 2603 1099 2660 Ecclesiarum
1147 2607 1437 2661 attentam
1472 2620 1679 2662 curam
1716 2608 1776 2661 et

123 2693 589 2750 sollicitudinem
608 2709 678 2749 ex
709 2693 980 2765 injuncto
1011 2692 1239 2750 nobisa
1271 2692 1775 2767 Deoapostolatus

122 2781 328 2841 officio
359 2797 560 2854 gerere
591 2781 943 2848 debeamus,
974 2782 1049 2837 de
1080 2781 1195 2839 illis
1243 2788 1445 2839 tamen
1473 2784 1776 2858 praecipue

125 2889 241 2932 nos
273 2876 505 2946 oportet
541 2887 673 2928 esse
703 2871 983 2928 sollicitos
1008 2888 1144 2944 quae
1193 2871 1268 2930 ad
1294 2873 1393 2944 jus
1425 2878 1483 2931 et
1513 2872 1778 2949 proprie-

123 2965 312 3024 tatem
369 2966 767 3019 sacrosanctae
803 2963 1087 3019 Romame
1128 2962 1404 3021 Ecclesiae
1459 2962 1779 3036 specialius

1881 469 1939 523 et
1966 470 2341 523 mortuorum
2370 465 2430 521 in
2458 465 2739 538 praedicta
2758 463 3008 522 ecclesia
3033 464 3107 521 de
3129 464 3330 531 Chalc,
3360 462 3537 537 juxta

1880 554 2047 628 quod
2078 553 2246 612 vobis
2274 553 2418 610 olim
2445 570 2801 612 concessum
2833 558 2921 610 est
2949 571 2985 611 a
3006 552 3331 611 venerabili
3356 552 3537 609 fratre

1882 648 2086 702 nostro
2116 643 2215 701 W.
2236 643 2581 708 senonensi,
2608 659 2767 700 nunc
2790 659 2925 700 vero
2945 643 3220 701 Remensi
3245 639 3536 714 archiepi-

1880 748 2066 807 scopo
2082 733 2318 791 Sanctoe
2330 732 2569 790 Sabinae
2582 731 2890 797 cardinali,
2907 731 3254 805 apostolicas
3277 730 3437 787 sedis
3455 728 3536 787 le·-

1880 827 2042 895 gato,
2077 827 2141 880 ut
2169 821 2232 879 in
2272 823 2405 894 ejus
2443 821 2665 895 scripto
2707 821 3049 878 authentico
3092 820 3404 877 redactum
3445 822 3533 877 est

1878 927 1952 969 eo
1983 916 2183 970 tamen
2210 919 2412 968 tenore
2431 910 2599 985 quod
2629 911 2676 966 si
2707 910 2907 983 plures
2931 910 2989 966 in
3021 910 3231 966 eadem
3261 908 3402 965 villa
3432 923 3539 980 pa·

1877 1000 2170 1060 rochiales
2198 999 2465 1057 ecclesiae
2494 1004 2850 1058 constructas
2880 998 3119 1067 tuerint,
3147 999 3206 1055 in
3249 997 3536 1055 omnibus

1877 1107 2015 1164 quie
2045 1090 2269 1148 ibidem
2295 1090 2675 1156 surrexerint,
2705 1088 2765 1146 id
2792 1088 2941 1160 iuris
2964 1087 3240 1145 habeatis
3278 1086 3443 1160 quod
3472 1086 3533 1143 in

1877 1180 2161 1253 praedicta
2194 1178 2445 1236 ecclesia
2483 1178 2765 1235 habuisse
2805 1177 3145 1242 noscimini,
3174 1179 3233 1232 et
3268 1175 3527 1247 habere;

1879 1267 2081 1326 villam
2110 1267 2186 1325 de
2213 1267 2545 1326 nerbiliaco
2575 1282 2714 1323 cum
2753 1265 3001 1323 ecclesia
3031 1268 3091 1322 et
3114 1263 3400 1321 omnibus
3421 1263 3532 1321 de-

1877 1358 2040 1416 cimis
2066 1362 2124 1415 et
2152 1349 2521 1432 pertinenth
2552 1357 2676 1412 suis
2701 1374 2715 1425 ς
2745 1355 3058 1412 ecclesiam
3088 1353 3287 1411 Sancti
3317 1352 3538 1410 Auiani

1878 1444 2091 1504 ‘veteris
2122 1461 2259 1520 quie
2296 1444 2536 1519 Capella
2569 1449 2838 1510 vocatur,
2880 1448 2935 1500 et
2974 1442 3289 1499 ecclesiam
3332 1440 3533 1499 Sancti

1878 1534 2156 1595 Germani
2185 1534 2339 1591 intra
2364 1549 2575 1591 muros
2601 1533 2877 1601 civitatis;
2893 1531 3189 1607 quidquid
3210 1530 3448 1588 habetis
3469 1530 3533 1586 in

1877 1624 2020 1682 villa
2048 1624 2122 1680 de
2145 1626 2487 1688 Fonteneto,
2508 1628 2565 1680 et
2591 1622 2907 1680 ecclesiam
2922 1622 3197 1695 ejusdem
3217 1618 3375 1678 villoe
3393 1634 3532 1676 cum

1803 1720 1846 1776 B
1878 1713 2131 1772 decimis
2159 1717 2217 1769 et
2232 1712 2363 1770 aliis
2377 1711 2712 1769 redditibus
2729 1712 2915 1784 adjus
2943 1716 3207 1769 vestrum
3228 1710 3535 1784 pertinen-

1884 1805 2079 1871 tibus;
2114 1819 2337 1875 aquam
2391 1802 2610 1875 Ligeris
2639 1817 2675 1859 a
2707 1817 2882 1858 muro
2916 1801 3122 1858 veteris
3152 1797 3405 1857 civitatis
3437 1813 3538 1856 us-

1879 1910 2001 1969 que
2030 1893 2107 1951 ad
2138 1892 2425 1950 Sanctum
2457 1892 2787 1964 Lupum,et
2809 1889 3159 1949 molendina
3172 1889 3377 1946 omnia
3396 1901 3534 1960 quoe

1880 1984 1944 2041 in
1985 1984 2198 2042 eadem
2235 1998 2396 2056 aqua
2435 1982 2668 2040 habetis
2706 1998 2843 2038 cum
2887 1979 3321 2053 piscationibus
3355 1976 3484 2033 suis
3515 1993 3531 2044 ς

1880 2072 2175 2147 quidquid
2205 2072 2442 2128 habetis
2495 2071 2652 2128 ultra
2696 2071 2945 2142 Ligerim
3001 2075 3058 2126 et
3103 2069 3163 2124 in
3197 2065 3532 2133 secalonia,

1879 2160 2491 2236 quidquidhabetisin
2523 2160 2841 2227 GastineiO,
2866 2158 3154 2217 villamde
3175 2156 3535 2214 Bardeziaco

1880 2268 2020 2310 cum
2041 2250 2326 2310 omnibus
2344 2249 2717 2324 pertinentiis
2737 2249 2879 2321 suis,
2895 2247 3189 2322 quidquid
3212 2244 3443 2302 habetis
3470 2242 3534 2301 in

1880 2340 2101 2398 foresta
2131 2356 2266 2414 quae
2307 2337 2552 2398 Bolonia
2584 2339 2820 2406 dicitur,
2849 2343 2905 2395 et
2932 2335 3135 2393 villam
3164 2336 3239 2391 de
3269 2331 3533 2402 Cazeliis,

1879 2429 2176 2504 'quidquid
2198 2429 2449 2502 pertinet
2479 2429 2558 2487 ad
2585 2429 2893 2502 Majoriam
2923 2427 2998 2483 de
3017 2425 3207 2483 Jarria
3241 2427 3299 2482 et
3324 2421 3532 2480 villam

1882 2518 1959 2576 de
1991 2517 2193 2576 Seteia.

1954 2608 2020 2664 In
2050 2607 2412 2680 supradictis
2443 2622 2585 2664 vero
2601 2604 3047 2679 parochialibus
3062 2601 3352 2667 ecclesiis,
3379 2597 3544 2656 vide-

1883 2697 2018 2755 licet
2044 2696 2120 2754 de
2146 2694 2484 2762 sentiliaco,
2510 2696 2583 2752 de
2618 2698 2825 2761 Ruem,
2857 2694 2933 2750 de
2963 2692 3203 2759 Tiliaco,
3226 2690 3301 2747 de
3334 2691 3542 2746 Fonte-

1885 2787 2042 2853 neio,
2080 2786 2156 2842 de
2196 2784 2480 2852 Centolio,
2513 2784 2588 2840 de
2633 2783 2987 2851 Herbiliaco,
3026 2781 3100 2837 de
3141 2779 3344 2847 Chalc,
3382 2793 3541 2851 quas

1886 2875 2120 2940 tenetis,
2146 2873 2533 2947 presbyteros
2558 2871 2790 2942 eligatis
2812 2877 2869 2929 et
2902 2870 3200 2943 episcopis
3220 2869 3541 2942 praesente-

1886 2965 1980 3033 tis;
2011 2964 2258 3038 quibus,
2289 2963 2338 3020 si
2362 2962 2560 3020 idonei
2593 2961 2830 3030 fuerint,
2873 2960 3139 3034 episcopi
3176 2973 3384 3015 curam
3419 2954 3545 3015 ani·

122 3052 424 3127 pertinere
455 3056 804 3117 noscuntur,
837 3050 991 3108 etde
1020 3051 1368 3124 apostoliam
1401 3051 1563 3109 sedis
1577 3058 1782 3125 prote-
1812 3069 1856 3131 C
1888 3070 2125 3111 marum
2145 3053 2378 3126 absque
2406 3051 2720 3110 venalitate
2749 3052 3147 3114 committant,
3175 3046 3330 3105 utde
3347 3043 3541 3119 plebis

128 3141 323 3199 ctione
341 3139 617 3213 ampliori
633 3139 945 3197 devotione
966 3139 1298 3197 confidunt.
1318 3144 1383 3198 Et
1405 3158 1478 3198 ne
1492 3155 1780 3216 quorum-

128 3229 274 3288 libet
299 3228 615 3286 hominum
653 3229 715 3284 in
744 3228 921 3285 bonis
950 3243 1056 3286 seu
1087 3229 1269 3285 etiam
1301 3230 1363 3285 in
1388 3229 1779 3301 dignitatibus

128 3318 463 3376 temerariis
490 3317 741 3375 ausibus
781 3317 1126 3389 fatigentur,
1165 3317 1529 3375 auctoritatis
1560 3321 1778 3375 nostrie

129 3407 417 3479 suffragio
434 3423 538 3464 eas
558 3408 834 3464 convenit
848 3407 1067 3480 pariter
1081 3406 1464 3464 communiri.
1494 3405 1777 3478 Ideoque,

130 3496 326 3553 dilecti
353 3498 413 3553 in
446 3497 698 3553 Domino
714 3496 1067 3566 filii,vestris
1076 3495 1255 3569 justis
1277 3494 1780 3569 postulationibus

131 3586 452 3643 clementer
472 3586 818 3651 annuimus,
841 3590 916 3651 et,
939 3584 1018 3642 ad
1047 3584 1354 3658 exemplar
1385 3583 1565 3642 t'elicis
1590 3598 1782 3641 recor·

130 3674 391 3732 dationis
407 3674 727 3731 Alexandri
742 3688 916 3746 papae
937 3674 1393 3745 praedecessoris
1408 3671 1614 3737 nostri,
1632 3687 1782 3745 proe-

133 3764 319 3821 fatam
343 3764 539 3822 Sancti
567 3762 779 3819 Auiani
792 3763 1132 3829 ecclesiam,
1165 3762 1225 3819 in
1250 3777 1373 3836 qua
1388 3762 1591 3819 divino
1611 3776 1782 3818 man·

133 3854 462 3927 cipatiestis
479 3851 793 3926 obsequio,
826 3852 940 3908 sub
966 3851 1126 3909 beati
1158 3852 1304 3908 Petri
1336 3855 1394 3908 et
1420 3857 1626 3908 nostra
1647 3865 1782 3923 pro·

136 3945 389 4000 tectione
410 3942 773 4015 suscipimus
804 3946 860 3997 et
898 3940 1206 4013 praesentis
1232 3940 1436 4013 scripti
1469 3939 1782 4014 privilegio

134 4031 604 4096 communimus,
624 4034 950 4087 statuentes
972 4034 1033 4085 ut
1048 4044 1440 4104 quascunque
1457 4029 1785 4105 possessio-

134 4136 244 4177 nes
273 4125 330 4177 et
352 4133 729 4193 quascunque
743 4117 909 4176 bona
931 4118 1143 4176 eadem
1169 4118 1417 4176 eet-,lesia
1439 4118 1787 4191 impraesen·

137 4211 355 4268 tiarum
385 4210 546 4281 juste
576 4212 630 4264 et
661 4208 949 4265 canonice
978 4207 1260 4281 possidet,
1292 4211 1397 4264 aut
1424 4208 1487 4263 in
1517 4206 1784 4268 futurum

117 4297 523 4355 'concessione
538 4296 911 4369 pontificum,
929 4295 1243 4367 largitione
1271 4312 1478 4369 regum
1503 4295 1599 4353 vel
1622 4295 1785 4369 prin·

137 4389 362 4459 cipum,
412 4385 714 4444 oblatione
743 4384 1033 4451 fidelium,
1066 4402 1172 4443 seu
1203 4385 1334 4442 aliis
1358 4386 1534 4458 justis
1565 4385 1782 4455 modis,
1817 4427 1861 4483 D

136 4479 254 4533 Deo
281 4474 555 4549 propitio,
584 4475 796 4548 poterit
824 4475 1096 4550 adipisci,
1128 4475 1307 4534 firma
1339 4475 1508 4533 vobis
1546 4475 1787 4534 vestris-

138 4582 256 4641 que
285 4564 755 4630 successoribus,
785 4568 843 4621 et
868 4563 1090 4623 illibata
1118 4565 1528 4638 permaneani.
1566 4566 1630 4622 in
1659 4566 1787 4640 qui·

139 4658 256 4714 bus
276 4656 443 4712 haaec
458 4654 715 4728 propriis
735 4653 1018 4711 duximus
1030 4654 1423 4730 exprimenda
1434 4655 1743 4713 vocabulis
1765 4671 1783 4715 ε

111 4749 123 4756 “
209 4745 424 4803 Villam
455 4742 726 4801 videlicet
762 4742 837 4801 de
876 4743 1190 4802 Sentiliaco
1215 4760 1354 4801 cum
1384 4743 1653 4810 ecclesia,
1685 4744 1787 4803 vil-

139 4836 263 4894 lam
289 4837 364 4893 de
390 4837 541 4891 Rum
568 4849 705 4890 cum
746 4831 1015 4902 ecclesia,
1050 4833 1256 4892 viliam
1285 4834 1360 4891 de
1380 4834 1620 4892 ‘rilliaco
1645 4850 1784 4893 cum

138 4926 407 4991 ecclesia,
426 4922 740 4981 ecclesiam
760 4921 836 4979 de
856 4922 1038 4980 Chalc
1063 4928 1120 4980 et
1133 4923 1334 4980 villam
1348 4924 1424 4981 de
1444 4922 1784 4990 Arthenaio,

139 5032 177 5073 a
203 5014 557 5072 charissima
594 5014 654 5069 in
685 5012 913 5070 Christo
941 5010 1065 5070 tilia
1119 5017 1321 5069 nostra
1348 5010 1545 5084 Alizia,
1577 5012 1786 5070 illustri

142 5108 502 5162 Francorum
527 5102 755 5174 regina,
773 5101 944 5159 vobis
961 5117 1157 5159 comm
1168 5101 1489 5168 unicalam,
1514 5117 1625 5174 pro
1648 5100 1787 5159 villa

141 5193 218 5249 de
242 5191 426 5249 Chalc
451 5194 512 5248 in
534 5206 606 5248 ea
623 5189 893 5248 libertate
914 5195 971 5247 et
998 5189 1376 5247 immunitate
1405 5187 1692 5247 tuendam
1723 5189 1786 5246 in

141 5297 262 5355 qua
290 5281 467 5337 bonae
487 5280 791 5336 memoriae
821 5278 1176 5349 Ludovicus,
1207 5280 1516 5352 quondam
1546 5276 1786 5334 illustris

142 5374 505 5427 Francorum
517 5384 641 5435 rex,
655 5368 1174 5442 quemadmodum
1187 5368 1247 5424 in
1259 5366 1390 5440 ejus
1408 5366 1631 5440 scripto
1642 5380 1786 5426 con-

142 5461 361 5516 tinetur
389 5456 750 5524 authentico,
773 5474 907 5516 eam
932 5457 1197 5515 noscitur
1224 5454 1530 5524 habuisse;
1568 5455 1790 5518 medie-

146 5553 327 5607 tatem
347 5563 591 5623 quoque
609 5551 1016 5623 proventuum
1032 5551 1155 5607 tam
1177 5546 1239 5605 in
1262 5545 1514 5605 minutis
1537 5545 1789 5606 decimis

1886 3142 2133 3217 quidem
2154 3157 2299 3199 cura
2327 3141 2412 3199 eis
2436 3140 2989 3214 respondeant,pro
3014 3137 3195 3195 rebus
3229 3152 3368 3195 vero
3396 3139 3547 3192 tem-

1886 3230 2195 3306 poralibus
2216 3231 2480 3288 debitam
2494 3230 2666 3287 vobis
2693 3229 3100 3287 obedientiam
3113 3230 3169 3285 et
3190 3228 3543 3284 consuetam

1888 3322 2323 3391 subjectionem
2356 3320 2694 3377 exhibeant.
2735 3319 2802 3375 in
2836 3318 3081 3392 reliquis
3118 3333 3261 3374 vero
3300 3314 3544 3372 duabus

1887 3409 2173 3474 ecclesiis,
2199 3407 2470 3465 videlicet
2498 3410 2553 3465 S.
2588 3407 2801 3464 Auiani
2840 3413 2897 3464 et
2932 3406 2992 3463 S.
3040 3404 3346 3472 Germani,
3372 3409 3429 3460 et
3466 3402 3546 3460 ad

1891 3498 2206 3555 servitium
2236 3496 2438 3554 altaris
2460 3496 2735 3553 crucifixi
2758 3496 3019 3552 ecclesiae
3044 3490 3549 3551 SanctiAnianili·

1888 3587 2030 3645 bere
2056 3594 2111 3643 et
2150 3586 2375 3659 absque
2403 3585 2655 3657 aliqu'us
2685 3585 3156 3643 contradictione
3193 3586 3250 3638 et
3288 3594 3546 3652 praesen·

1890 3677 2133 3742 tatione,
2165 3676 2317 3731 sicut
2344 3674 2651 3741 hactenus,
2681 3674 2764 3731 ita
2784 3680 2840 3731 et
2870 3673 3154 3745 deinceps
3182 3670 3355 3728 liceat
3375 3665 3547 3725 vobis

1888 3766 2251 3823 substituere
2273 3765 2634 3821 sacerdotes.
2662 3764 2854 3821 Liceat
2882 3762 3061 3820 etiam
3094 3760 3267 3817 vobis
3297 3760 3357 3815 in
3374 3770 3550 3832 paro·

1889 3853 2185 3913 chialibus
2211 3853 2424 3910 vestris
2458 3851 2837 3918 vacantibus,
2871 3851 2953 3908 uti
2978 3853 3334 3908 consuetum
3364 3849 3454 3905 est
3486 3847 3546 3904 et

1890 3943 1971 4002 ab
1994 3942 2254 4015 antiquis
2278 3942 2573 3999 hactenus
2606 3940 2973 4013 temporibus
2993 3939 3404 4003 observatum,
3441 3949 3547 4010 po-

1890 4048 2033 4090 nere
2061 4029 2401 4089 sacerdotes
2422 4030 2503 4087 ad
2533 4045 2907 4098 succursum,
2935 4028 3062 4103 qui,
3096 4028 3289 4084 donec
3332 4039 3548 4082 conve·

1887 4120 2099 4179 neritis
2127 4120 2188 4177 in
2216 4135 2505 4194 personas
2519 4118 2770 4177 idoneas
2792 4134 2928 4192 quae
2957 4115 3180 4175 institui
3201 4115 3462 4174 debeant
3481 4112 3545 4170 in

1892 4212 1997 4277 eis.
2030 4208 2424 4282 omnipotenti
2458 4208 2579 4267 Deo
2618 4207 3002 4266 famulentur.
3031 4206 3228 4265 Ferias
3258 4209 3548 4278 praeterea
3663 4269 3668 4290 Ι

1891 4300 1955 4358 in
1983 4298 2227 4357 duabus
2253 4297 2732 4356 solemnitatibus
2760 4296 2917 4354 beati
2939 4295 3176 4363 Auiani,
3204 4292 3552 4352 adlumina·

1892 4388 2045 4462 riaej
2055 4388 2261 4445 usdem
2283 4386 2541 4445 ecclesioe
2568 4386 3011 4453 concinnanda,
3030 4393 3150 4443 tam
3170 4400 3207 4442 a
3228 4383 3402 4441 bonae
3427 4394 3549 4439 me·

1895 4477 2101 4535 morioe
2126 4476 2427 4534 Ludovico
2464 4474 2671 4533 illustri
2716 4491 2854 4548 rege
2896 4477 3259 4532 Francorum
3300 4485 3487 4545 quam
3516 4485 3555 4528 a

1892 4568 2125 4625 Ioanne
2154 4566 2466 4639 quondam
2496 4563 2909 4624 Aurelianensi
2949 4562 3240 4636 episcopo
3280 4558 3454 4617 vobis
3497 4562 3556 4616 et

1897 4656 2158 4713 ecclesiae
2183 4661 2390 4713 vestrm
2409 4670 2752 4723 concessas,
2768 4660 2823 4711 et
2859 4652 3061 4726 scripti
3098 4651 3190 4708 sui
3218 4647 3552 4708 munimine

1895 4746 2226 4812 roboratas,
2258 4743 2780 4818 quemadmodum
2819 4742 2881 4799 in
2930 4756 3140 4799 eorum
3178 4738 3415 4814 scriptis
3447 4753 3550 4795 au-

1896 4833 2168 4891 thenticis
2203 4834 2567 4900 continetur,
2587 4832 2936 4890 auctoritate
2964 4829 3298 4904 apostolica
3324 4825 3552 4885 conflr-

1897 4938 2159 4981 mamus.
2193 4920 2590 4979 Nihilominus
2637 4918 2917 4994 praesenti
2962 4919 3202 4977 decreto
3240 4918 3299 4974 in
3342 4930 3553 4990 perpe·

1898 5016 2066 5071 tuum
2089 5025 2377 5068 mansuro
2408 5010 2729 5068 statuimus
2755 5013 2817 5067 ut
2837 5008 2975 5068 duae
3002 5006 3341 5083 praebendae
3363 5009 3421 5063 et
3444 5018 3558 5063 an·

1895 5099 2109 5159 nuales
2132 5098 2986 5173 canonicorum,quocumque
3010 5095 3193 5155 modo
3212 5094 3555 5169 praebendae

1897 5193 2224 5257 mutentur,
2261 5187 2460 5246 officio
2507 5187 2824 5246 confrariae
2873 5190 3285 5261 permaneant.
3339 5185 3556 5242 vineas

1896 5278 2142 5352 insuper
2169 5281 2229 5335 et
2251 5278 2459 5335 omnia
2501 5294 2638 5352 quae
2677 5278 2942 5351 proefatae
2982 5271 3296 5335 contrarias
3335 5273 3557 5332 collata

1897 5371 2056 5434 sunt,
2091 5367 2262 5424 vobis
2293 5371 2351 5424 et
2388 5383 2498 5441 per
2522 5384 2627 5426 vos
2660 5367 2776 5442 ipsi
2807 5366 3147 5435 confrariae,
3176 5368 3353 5439 prout
3393 5377 3557 5421 com-

1898 5456 2066 5516 muni
2089 5472 2341 5516 assensu
2366 5456 2611 5531 capituli
2636 5460 2923 5515 statutum
2944 5459 3106 5516 estet
3121 5455 3341 5529 scripto
3351 5451 3558 5512 firm&

1896 5552 2048 5616 tum,
2086 5546 2432 5623 apostolicas
2468 5546 2629 5606 sedis
2680 5546 3014 5607 munimine
3065 5544 3452 5613 'robor-amus,
3496 5545 3557 5603 et
