3784 6000
88 190 233 248 1225
1097 186 1474 247 EPISTOLAE
1512 182 1603 245 ET
1640 176 2080 245 PRIVILEGIA.
2123 217 2191 232 —
2226 188 2346 247 AN.
2388 189 2550 249 1183.
3379 196 3517 253 ¹226

93 333 232 373 mus
258 315 334 372 de
364 314 628 373 remedio
651 311 935 372 fiduciam
956 314 1242 383 obtinere,
1275 330 1595 372 monemus
1625 313 1748 370 uni·
1778 313 1830 368 A
1861 313 1942 385 pti
1967 314 2302 386 patrocinio
2330 315 2780 373 communimus
2811 316 3137 376 districtius
3156 319 3523 393 inhibentes,

90 405 433 462 versitatem
448 410 726 471 vestram,
743 404 1129 462 hortamurin
1145 404 1475 460 Dominoet
1504 402 1751 459 manda·
1858 417 1935 459 ne
1974 403 2113 476 quis
2145 419 2255 461 vos
2293 404 2611 462 molestare
2650 406 2889 472 audeat,
2929 407 3023 465 vel
3061 409 3142 466 ad
3169 424 3264 466 res
3293 416 3522 468 vestras

91 510 230 550 mus
244 500 542 567 quatenus
555 493 834 551 eumdem
850 493 1750 567 archiepiscopum‚memoriam
1862 508 2080 548 manus
2093 493 2408 550 extendere
2420 493 2624 568 aliqua
2643 496 2965 553 temeritate
2982 506 3332 570 praesumat.
3349 499 3525 566 Quod

91 583 224 655 ejus
256 582 317 639 in
353 584 559 639 vestris
588 583 964 640 orationibus
1003 583 1308 647 iacientes,
1344 580 1552 638 vestris
1587 579 1750 652 apud
1862 581 1911 637 si
1952 583 2416 655 praesumpserit,
2449 584 3088 643 excommunicationis
3118 592 3250 644 sent
3287 594 3349 645 ut
3385 605 3422 647 a
3460 604 3523 647 se

92 672 414 728 Dominum
431 672 956 728 intercessionibus
970 671 1283 743 adjuvetis,
1301 675 1360 727 et
1382 670 1443 726 in
1464 669 1750 726 omnibus

93 761 597 818 conventualibus
607 761 871 817 ecclesiis
884 760 1269 817 tricenarium
1284 775 1393 832 pro
1418 774 1491 816 eo
1510 756 1754 814 etanni-

92 851 428 908 versarium
460 850 714 920 faciatis,
743 854 807 905 ut
833 849 1105 906 maculas
1131 864 1268 922 quoe
1299 847 1379 905 illi
1408 848 1484 904 de
1507 845 1755 905 terrenis

92 940 386 1010 contagiis
399 939 804 1010 adhaeserunt,
819 938 1028 995 divina
1048 938 1361 995 clementia
1381 935 1755 1008 indulgeatet

94 1030 419 1101 abstergat,
452 1035 508 1085 et
529 1044 639 1085 vos
668 1027 743 1084 de
772 1043 955 1100 opere
987 1028 1226 1101 pietatis
1262 1026 1608 1084 indeficiens
1640 1039 1763 1082 me-

88 1119 343 1176 reamini
377 1134 413 1175 a
436 1117 690 1174 Domino
722 1118 1038 1189 proemium
1063 1117 1359 1174 obtinere.

834 1206 1012 1263 cxvl.

210 1298 309 1354 Ad
337 1298 583 1354 Petrum
621 1295 894 1352 abbatem
932 1302 986 1352 et
1008 1295 1239 1365 fratres
1269 1296 1639 1353 casinenses.

639 1385 898 1456 (Signiae,
933 1385 1092 1456 Sept.
1127 1386 1207 1456 5.)

260 1475 469 1549 [Τοετι.
500 1475 708 1531 Storia
738 1472 803 1529 di
830 1473 1052 1530 Monte·
1067 1473 1305 1540 Casino,
1339 1474 1406 1543 11,
1437 1473 1585 1546 209]

165 1566 368 1622 Lucius
401 1564 741 1636 episcopus,
779 1576 989 1617 servus
1022 1577 1332 1619 servorum
1372 1564 1496 1630 Dei,
1529 1562 1758 1619 dilectis

89 1653 227 1712 filiis
249 1656 431 1710 Pereo
469 1650 674 1708 abbati
704 1655 761 1707 et
783 1651 1066 1708 fratribus
1095 1650 1546 1720 casinensibus,
1589 1651 1757 1709 salu·
1788 1670 1832 1728 Β

89 1752 213 1800 tem
243 1749 299 1798 et
320 1741 713 1815 apostolicam
742 1738 1247 1796 benedictionem.

167 1835 249 1889 Ea
277 1847 411 1904 quae
443 1831 504 1887 in
534 1829 819 1887 domibus
840 1827 1131 1899 religiosis
1157 1828 1430 1886 traternae
1451 1829 1758 1886 charitatis

94 1921 331 1986 intuitu,
366 1921 461 1993 pie
488 1936 559 1976 ac
576 1918 1010 1975 rationabiliter
1025 1918 1402 1985 ordinantur,
1426 1918 1487 1974 in
1519 1935 1630 1975 sua
1657 1918 1757 1975 de·

88 2011 236 2068 bent
265 2010 542 2065 firmitate
564 2009 909 2074 consistere,
934 2011 1081 2064 etex
1109 2008 1453 2080 apostolica!
1483 2007 1642 2063 sedis
1669 2008 1755 2063 vi-

94 2115 238 2172 gore
267 2099 452 2156 robur
468 2101 823 2170 perpetuum
842 2096 1132 2154 obtinere.
1158 2099 1484 2170 Eapropter
1501 2111 1758 2170 proesen-

93 2190 168 2246 tis
188 2188 423 2261 paginae
440 2187 785 2245 auctoritate
805 2184 1208 2251 decernimus,
1226 2192 1285 2241 ut
1307 2201 1398 2253 ea,
1420 2201 1558 2258 quae
1578 2185 1756 2243 bonoe

92 2277 399 2335 memoriae
426 2276 728 2332 Richerius
750 2274 962 2339 abbas,
987 2279 1044 2330 et
1070 2273 1168 2330 alii
1190 2276 1294 2346 qui
1319 2280 1514 2331 vestro
1546 2291 1755 2332 mona-

96 2368 276 2423 sterio
290 2365 674 2438 praefuerunt,
693 2363 1021 2420 infirmario
1040 2364 1259 2420 domus
1279 2369 1487 2420 vestrae
1501 2365 1579 2421 ad
1598 2380 1755 2437 opus

93 2456 514 2526 aegrotantium
548 2454 795 2510 fratrum
827 2451 1086 2522 regulari
1112 2452 1488 2526 providentia
1516 2469 1757 2510 conces·

94 2547 241 2603 sisse
280 2549 628 2607 noscuntur,
666 2542 842 2598 firma
873 2543 958 2597 eis
995 2546 1053 2597 et
1088 2541 1320 2598 illibata
1362 2546 1760 2614 permaneant

93 2634 470 2709 infirmorum
497 2632 747 2688 fratrum
792 2629 1019 2695 usibus,
1061 2632 1217 2686 sicut
1241 2632 1394 2687 ratio
1423 2631 1597 2702 exigit
1625 2648 1763 2689 om-

93 2724 356 2780 nimodis
380 2721 711 2794 protutura.
730 2720 787 2777 Si
808 2735 934 2792 qua
952 2734 1093 2776 vero
1106 2735 1177 2776 ex
1200 2718 1294 2774 his
1320 2719 1580 2777 alienata
1593 2725 1754 2788 sunt,

93 2812 191 2869 vel
228 2813 286 2868 in
328 2827 472 2868 usus
512 2810 663 2867 alios
700 2810 943 2865 incauta
976 2808 1241 2882 qualibet
1285 2810 1759 2883 praesumptione

94 2902 350 2965 detorta,
381 2901 441 2955 in
473 2903 695 2956 statum
726 2898 1045 2972 pristinum
1078 2899 1346 2955 revocari
1373 2899 1757 2971 praecipimus

1862 671 2093 726 noverit
2123 669 2479 728 feriendum.

1934 762 1979 816 N
1988 759 2142 815 ullus
2173 775 2317 831 ergo
2335 761 2584 819 omnino
2605 762 2918 819 hominum
2942 763 3164 821 audeat
3186 765 3342 823 hanc
3360 766 3527 838 pagi·

1867 864 2011 906 nam
2032 855 2252 905 nostrae
2275 850 2656 922 protectionis
2685 856 2744 908 et
2767 852 3184 924 prohibitionis
3202 854 3525 926 infringere

1868 939 1962 995 vel
1989 939 2039 994 ei
2071 954 2223 994 ausu
2249 939 2564 997 temerario
2591 940 2906 998 contraire.
2933 943 2988 999 Si
3018 943 3153 1015 quis
3183 946 3385 1000 autem
3409 943 3526 1001 hoo

1869 1032 2158 1086 attentare
2173 1030 2641 1102 praesumpserit,
2659 1029 3133 1101 indignationem
3155 1032 3530 1106 omnipoten-

1871 1119 1943 1175 tis
1968 1118 2089 1183 Dei,
2123 1124 2258 1184 etc.,
2280 1123 2392 1175 etc.

1942 1211 2155 1265 Datum
2177 1207 2486 1277 Anagniae,
2516 1223 2555 1264 x
2578 1207 2705 1264 Kal.
2730 1208 3025 1265 Octobris.

2574 1332 2820 1389 CXVIII.

1867 1421 2220 1479 Monasterii
2247 1421 2301 1477 S.
2338 1420 2503 1478 Petri
2544 1421 3068 1492 Tkierhaupcensis
3104 1421 3526 1492 protectionem

1937 1493 2207 1622 aegffpit,
2258 1492 2762 1567 possessionesque
2813 1509 2881 1551 ac
2941 1493 3262 1565 privileqia
3313 1493 3529 1562 confir·

2383 1653 2714 1725 (Anagniae,
2742 1656 2887 1710 Nov.
2923 1654 3004 1725 1.)

2298 1742 2582 1813 [Monam.
2609 1741 2794 1810 Boia,
2817 1743 2925 1806 XV,
2952 1741 3099 1815 101.]

1937 1833 2137 1890 Lucius
2165 1832 2504 1905 episcopus,
2545 1846 2752 1887 servus
2791 1847 3105 1887 servorum
3134 1830 3254 1897 Dei,
3296 1830 3528 1887 dilectis

1865 1923 1936 1979 in*
1952 1922 2182 1979 Christo
2197 1920 2337 1978 filiis
2352 1919 2556 1977 abbati
2586 1924 2642 1976 et
2662 1920 2979 1976 conventui
3007 1919 3356 1975 monasterii
3385 1921 3529 1977 San-

1865 2012 1943 2068 cti
1975 2009 2122 2067 Petri
2151 2010 2207 2065 in
2248 2008 2704 2081 Thierhaupten,
2744 2013 2867 2065 tam
2905 2008 3302 2081 praesentibus
3339 2022 3526 2079 quam

1865 2100 2096 2165 futuris,
2124 2096 2456 2168 regularem
2487 2097 2670 2154 vitam
2691 2095 2997 2169 professis,
3020 2099 3275 2152 salutem
3295 2101 3353 2152 et
3380 2111 3526 2168 apo·

1865 2188 2138 2246 stolicam
2165 2185 2665 2244 benedictionem.

1936 2276 2245 2346 Religiosis
2274 2275 2433 2342 viris,
2464 2275 2569 2347 qui
2598 2290 2705 2347 per
2728 2289 2914 2347 opera
2952 2274 3282 2331 sanctitatis
3305 2273 3529 2344 jugiter

1866 2382 1930 2423 se
1960 2369 2301 2439 praeparant
2337 2364 2415 2421 ad
2446 2365 2630 2420 vitam
2660 2362 3083 2433 immortalem,
3125 2362 3525 2435 apostolicum

1865 2456 2047 2513 debet
2074 2453 2473 2527 patrocinium
2494 2453 2803 2525 impertiri,
2828 2468 2902 2510 ne
2935 2452 3084 2509 forte
3112 2451 3429 2523 cujuslibet
3448 2456 3526 2508 te·

1867 2544 2157 2601 meritatis
2184 2544 2461 2599 incursus
2488 2547 2591 2597 aut
2611 2558 2715 2599 eos
2736 2558 2773 2598 a
2797 2541 3109 2614 proposito
3139 2544 3398 2607 revocet,
3426 2542 3531 2596 aut

1866 2634 2052 2691 robur
2077 2632 2264 2706 (quod
2285 2632 2443 2688 absit
2460 2631 2499 2703 t)
2525 2630 2827 2702 religionis
2848 2630 3153 2702 infringat.
3180 2632 3528 2703 Eapropter,

1867 2722 2063 2779 dilecti
2092 2722 2154 2777 in
2185 2721 2413 2777 Christo
2438 2719 2563 2786 filii,
2589 2719 2797 2775 vestris
2819 2718 2997 2790 justis
3022 2718 3529 2789 postulationibus

1867 2811 2190 2869 clementer
2227 2809 2576 2875 annuimus,
2628 2812 2689 2864 et
2727 2807 3046 2879 praefatum
3093 2807 3529 2864 monasterium

1870 2906 2156 2968 vestrum,
2183 2898 2261 2955 ad
2291 2896 2599 2968 exemplar
2618 2895 2801 2952 felicis
2830 2896 3258 2953 recordationis
3282 2893 3532 2966 Eugenii

93 2997 150 3049 et
188 3008 396 3049 eorum
444 2989 820 3046 infirmorum
869 2987 1403 3045 commoditatibus
1440 2988 1756 3058 assignari.
1790 3026 1832 3084 C
1869 3006 2047 3064 papae
2073 2987 2538 3060 praedecessoris
2570 2986 2775 3051 nostri,
2817 2984 2932 3042 sub
2963 2985 3120 3042 Beati
3144 2985 3313 3050 Petri,
3343 2989 3400 3041 et
3427 3000 3535 3042 no-

90 3081 244 3137 Nulli
274 3096 416 3153 ergo
445 3079 692 3135 omnino
722 3077 1041 3134 hominum
1066 3077 1244 3133 liceat
1274 3077 1431 3133 hanc
1468 3077 1759 3150 paginam

95 3175 311 3228 nostrae
342 3166 784 3225 constitutionis
816 3164 1160 3237 infringere,
1193 3165 1287 3221 vel
1315 3167 1367 3221 ei
1394 3182 1547 3222 ausu
1581 3171 1762 3222 teme-

94 3260 252 3316 rario
281 3257 593 3315 contraire.
635 3254 695 3312 Si
721 3254 860 3329 quis
901 3258 1102 3311 autem
1131 3254 1245 3311 hoc
1276 3259 1569 3311 attentare
1606 3270 1760 3328 prae·

97 3348 418 3420 sumpserit
447 3344 918 3416 indignationem
945 3343 1376 3416 omnipotentis
1401 3343 1522 3411 Dei,
1541 3346 1599 3400 et
1623 3343 1763 3401 bea-

96 3445 252 3496 torm
298 3436 445 3493 Petri
480 3441 534 3492 et
582 3431 743 3490 Pauli
785 3431 1201 3504 apostolorum
1242 3432 1372 3502 ejus
1418 3446 1482 3488 se
1526 3433 1761 3489 noverit

98 3529 501 3586 incursurum.

137 3679 143 3683 ,
174 3621 388 3674 Datum
420 3614 653 3686 Signiae,
691 3615 892 3669 Nonas
924 3609 1309 3683 Septembris.

841 3716 1043 3775 cxvu.

105 3814 452 3885 Capitulum
490 3808 911 3869 Terracinense
936 3806 1220 3863 tuendum
1245 3806 1491 3879 suscipit
1519 3809 1765 3881 eiusque

678 3882 831 3937 bona
860 3878 1196 3947 confirmat.

591 3985 922 4059 (Anagniae,
957 3985 1115 4057 Sept.
1140 3985 1259 4055 22.)

382 4080 758 4149 [Com-noas,
782 4074 937 4131 Hist.
975 4074 1238 4144 Terrae„
1272 4089 1331 4145 p.
1361 4072 1512 4148 365]

183 4171 380 4225 Lucius
409 4167 748 4239 episeopus,
792 4178 999 4219 servus
1033 4178 1345 4219 servorum
1376 4162 1499 4226 Dei,
1531 4161 1765 4218 dilectis

112 4259 252 4317 filiis
313 4259 470 4312 Lsom
517 4252 1039 4324 archipresbytero
1082 4256 1137 4308 et
1191 4250 1453 4323 capitulo
1509 4250 1768 4308 Terraci-

108 4348 298 4412 nensi‚
329 4346 585 4401 salutem
615 4348 672 4399 et
703 4341 1095 4414 apostolicam
1129 4340 1632 4397 benedictionem.

184 4438 576 4494 sacrosancta
604 4434 873 4487 Romana
902 4428 1162 4485 Ecclesia
1189 4428 1441 4485 devotos
1479 4432 1539 4485 et
1575 4428 1768 4485 humi·

108 4527 194 4584 les
225 4526 378 4581 filios
393 4539 462 4579 ex
489 4525 741 4579 assuetae
755 4518 990 4591 pietatis
1016 4517 1770 4591 officiodiligeremropen-

111 4617 236 4672 sius
263 4610 572 4671 consuevit
595 4616 650 4666 et
677 4624 750 4665 ne
776 4623 1100 4681 pravorum
1132 4606 1448 4664 hominum
1480 4605 1766 4664 molestiis

110 4704 429 4775 agitentur,
478 4706 766 4772 tanquam
818 4697 919 4771 pia
973 4700 1160 4753 mater
1210 4711 1333 4752 suae
1384 4694 1768 4768 protectionis

110 4793 444 4851 munimine
465 4788 798 4846 confovere.
822 4788 1167 4859 Eapropter‚
1200 4783 1395 4841 dilecti
1428 4785 1487 4840 in
1512 4784 1768 4841 Domino

105 4883 231 4948 filii,
258 4881 467 4939 vestris
483 4878 662 4952 justis
679 4874 1186 4949 postulationibus
1207 4879 1376 4945 grato
1405 4889 1769 4931 concurren-

107 4976 195 5029 tes
220 4985 491 5035 assensu,
534 4972 591 5024 et
617 4964 996 5021 devotionem
1034 4966 1293 5019 vestram
1322 4978 1511 5035 quam
1538 4978 1686 5034 erga
1707 4964 1765 5019 Β.

109 5061 343 5116 Petrum
360 5062 417 5113 et
438 5072 552 5113 nos
574 5056 741 5128 ipsos
756 5053 980 5109 habere
1000 5050 1447 5120 dignoscimini.
1466 5050 1769 5108 attenden-

111 5154 197 5206 tes
226 5140 1204 5220 personasvestrastcumomnibus
1225 5140 1401 5197 bonis
1429 5144 1552 5196 tam
1584 5138 1773 5195 eccle·

111 5236 364 5294 siasticis
414 5249 595 5306 quam
642 5232 989 5296 mundanis,
1030 5244 1166 5303 quoe
1210 5230 1269 5284 in
1314 5228 1771 5300 praesentiarum

1799 4378 1846 4434 D

1870 3086 1996 3136 stra
2036 3077 2423 3150 protectione,
2479 3075 2839 3148 suscipimus
2882 3082 2938 3131 et
2974 3074 3285 3149 praesentis
3328 3074 3532 3147 scripti

1870 3168 2182 3243 privilegio
2208 3167 2677 3229 communimus,
2704 3169 3031 3221 statuentes
3056 3168 3111 3220 et
3137 3163 3535 3221 concedentes

1870 3258 2046 3316 vobis
2100 3257 2355 3313 liberam
2412 3255 2824 3326 exceptionem
2876 3254 3138 3323 abbatis,
3168 3258 3226 3310 et
3269 3258 3333 3310 ut
3381 3252 3533 3310 ordo

1873 3346 2261 3410 monasticus,
2284 3345 2388 3417 qui
2419 3343 2750 3399 secundum
2777 3345 2983 3408 Deum,
3016 3348 3074 3398 et
3103 3342 3258 3398 Beati
3292 3342 3537 3398 Benedi-

1870 3438 1949 3494 cti
1980 3434 2268 3506 Regulam
2306 3435 2367 3488 in
2398 3437 2591 3487 vestra
2619 3429 2870 3487 ecclesia
2903 3431 3169 3486 noscitur
3200 3431 3530 3498 institutus,

1871 3525 2176 3600 perpetuis
2203 3522 2426 3579 ibidem
2469 3518 2838 3591 temporibus
2877 3517 3296 3575 inviolabiliter
3332 3519 3539 3574 obser-

1873 3621 2058 3674 vetur.
2077 3617 2377 3677 l’roeterea,
2392 3622 2788 3683 quascunque
2801 3607 3232 3680 possessiones,
3247 3621 3536 3679 quascun-

1871 3720 1989 3779 que
2009 3705 2173 3762 bona
2191 3702 2347 3759 idem
2371 3697 2805 3756 monasterium
2824 3696 2981 3769 juste
3007 3701 3063 3752 et
3083 3695 3369 3752 canonice
3394 3710 3536 3768 pos·

1871 3794 2045 3859 sidet,
2076 3797 2180 3850 aut
2209 3792 2271 3848 in
2300 3792 2567 3847 futurum
2598 3787 2985 3843 concessione
3011 3783 3387 3857 pontificum,
3420 3783 3538 3840 lar·

1873 3888 2095 3960 gitione
2124 3897 2332 3954 regum
2371 3876 2463 3935 vel
2503 3875 2865 3950 principum,
2899 3874 3200 3932 oblatione
3239 3872 3532 3941 fidelium,

1873 3992 1984 4034 seu
2012 3973 2140 4032 aliis
2175 3971 2352 4044 justis
2392 3966 2606 4032 modis,
2640 3970 2963 4038 praestante
2997 3962 3274 4031 Domino,
3316 3962 3536 4034 poterit

1874 4063 2150 4138 adipisci,
2182 4061 2356 4116 firma
2385 4055 2555 4114 vobis
2583 4059 2641 4111 et
2669 4054 2761 4111 bis
2798 4055 2901 4127 qui
2927 4059 3063 4127 post
3098 4068 3207 4109 vos
3233 4067 3538 4109 successe-

1874 4156 1992 4212 rint
2032 4159 2091 4210 et
2127 4150 2353 4207 illibata
2392 4151 2805 4221 permaneant.
2842 4142 3035 4199 Liceat
3080 4157 3323 4216 quoque
3364 4140 3535 4198 vobis

1877 4257 2166 4317 personas
2190 4239 2410 4295 liberas
2440 4240 2494 4291 et
2518 4233 2830 4291 absolutas
2862 4232 2940 4289 ad
2960 4233 3418 4289 conversionem
3443 4245 3537 4287 re-

1876 4334 2095 4405 cipere,
2108 4334 2164 4386 et
2179 4343 2283 4385 eas
2299 4326 2533 4398 absque
2554 4322 3022 4381 contradictione
3038 4321 3245 4393 aliqua
3260 4320 3532 4377 retinere.

1877 4424 2034 4479 Sane
2053 4418 2359 4476 novalium
2377 4417 2727 4477 vestrorum,
2747 4426 2882 4484 quae
2906 4410 3163 4482 propriis
3190 4410 3469 4466 manibus
3480 4413 3540 4466 et

1876 4509 2218 4583 sumptibus
2249 4504 2460 4569 colitis,
2488 4503 2615 4559 sive
2653 4500 2728 4556 de
2760 4498 3138 4555 nutrimentis
3174 4496 3532 4553 animalium

1879 4605 2227 4667 vestrorum,
2250 4593 2449 4652 nullus
2487 4608 2524 4649 a
2545 4590 2719 4648 vobis
2756 4588 3020 4644 decimas
3051 4587 3287 4656 exigere
3320 4585 3408 4641 vel
3440 4601 3537 4642 ex·

1874 4694 2151 4761 torquere
2188 4686 2533 4758 praesumat.
2566 4681 2714 4736 Cum
2744 4683 2945 4733 autem
2979 4674 3254 4745 generale
3287 4672 3531 4730 interdi-

1877 4784 2041 4836 ctum
2070 4781 2236 4833 terrae
2257 4771 2449 4836 fuerit,
2473 4768 2646 4825 liceat
2665 4765 2848 4834 vobis,
2864 4763 3083 4821 clausis
3098 4762 3320 4835 januis,
3340 4761 3536 4820 exclu-

1878 4868 1961 4924 sis
2008 4857 2541 4923 excommunicatis
2597 4860 2654 4911 et
2702 4854 3045 4919 interdictis,
3101 4867 3223 4908 non
3278 4851 3532 4923 pulsatis

1877 4954 2215 5028 campanis,
2231 4962 2561 5022 suppressa
2584 4959 2751 5009 voce,
2774 4941 2973 4999 officia
2997 4938 3535 4998 divinacelebrare.

1951 5040 2335 5101 Decernimus
2354 5051 2496 5106 ergo
2519 5040 2583 5091 ut
2601 5032 2746 5089 nulli
2768 5030 3016 5088 omnino
3033 5030 3348 5086 homiuum
3366 5027 3542 5085 liceat

1880 5133 2196 5208 proefatum
2215 5123 2649 5184 monasterium
2669 5128 2887 5179 temere
2906 5118 3273 5192 perturbare,
3295 5118 3538 5190 autejus

1881 5220 2292 5297 possessiones
2320 5214 2571 5280 auferre,
2598 5211 2690 5268 vel
2717 5208 2948 5267 ablatas
2972 5209 3241 5272 retinere,
3272 5206 3539 5264 minuere

106 5328 265 5400 juste
280 5330 336 5381 et
361 5322 646 5380 canonice
661 5320 977 5394 possidetis
998 5323 1102 5376 aut
1121 5320 1183 5375 in
1198 5318 1487 5383 futurum,
1510 5318 1775 5374 donante
1885 5328 1992 5369 seu
2021 5305 2390 5382 quibuslibet
2419 5301 2835 5359 vexationibus
2866 5297 3146 5368 fatigare5
3190 5296 3293 5352 sed
3333 5296 3541 5354 omnia

108 5414 387 5479 Domin0,
398 5411 576 5484 justis
607 5411 801 5469 modis
819 5409 1091 5484 poteritis
1116 5407 1374 5479 adipisci
1393 5406 1506 5463 sub
1532 5407 1592 5463 B.
1628 5408 1776 5471 Petri
1884 5402 2112 5472 integra
2148 5398 2575 5453 conserventur
2606 5404 2839 5454 eorum,
2882 5402 2991 5459 pro
3024 5401 3282 5460 quorum
3322 5385 3535 5456 guber-

108 5511 167 5565 et
177 5509 382 5562 nostra
402 5500 765 5574 protectione
786 5499 1170 5573 suscipimus,
1207 5502 1265 5555 et
1295 5495 1603 5569 praesentis
1632 5493 1781 5554 scri-
1883 5490 2125 5549 natione
2148 5490 2204 5543 et
2228 5482 2652 5541 sustentatione
2677 5492 2961 5536 concessa
2981 5479 3143 5542 sunt,
3174 5474 3383 5532 usibus
3412 5490 3539 5531 om·

401 5628 632 5684 Parnoi..
675 5623 792 5682 CCI
799 5666 813 5683 .
3186 5598 3255 5656 39
