3784 6000
135 197 284 256 117⁷

1137 198 1640 278 ammom&
1676 197 2120 261 Μινωίου.
2157 230 2228 246 -
2264 201 2383 260 AN.
2424 201 2584 262 uss.

3413 203 3557 265 11⁷⁸

139 323 463 382 Dominicae
518 341 680 384 anno
724 326 883 394 1182,
934 326 1319 399 pontificatus
1374 341 1513 385 vero
1558 326 1789 385 domini
1816 327 1864 384 A
1899 328 2237 397 reservasti,
2269 344 2602 402 exposcens
2648 329 2783 389 illas
2828 328 2928 388 tibi
2968 345 3006 390 a
3041 329 3181 388 sede
3222 330 3558 405 apostolica

135 412 297 468 Lucii
329 430 504 488 papae
537 415 606 469 111
636 430 795 472 anno
822 416 1105 474 secundo.

889 507 1021 562 xCl.

134 591 460 648 Ecclesiam
487 593 550 648 S.
574 593 814 650 Eusebii
841 593 1263 652 Vere-eliensem
1290 594 1577 652 tuendum
1602 595 1790 652 susci-

202 663 312 730 pit,
398 667 939 738 canonicorumque
1007 668 1390 736 possessiones
1454 667 1784 736 confirmat.

206 733 726 809 (F'raq-mentum.)

668 823 942 896 (velletri,
975 826 1104 882 Jan.
1139 826 1254 897 16.)

448 913 732 983 [Ucnsun
768 914 946 971 Italia
965 929 1162 982 sacra,
1193 915 1282 978 lv.
1316 915 1472 985 7831.

205 1000 414 1056 Datum
440 1001 696 1068 velletri,
729 1018 837 1074 per
868 1018 1088 1059 manus
1128 1003 1370 1071 Alberti‚
1403 1002 1464 1059 S.
1498 1005 1782 1061 Romanae

132 1085 407 1143 Ecclesioe
443 1090 762 1147 cardinalis
795 1097 851 1148 et
890 1092 1248 1156 cancellarii,
1279 1108 1401 1149 xvn
1430 1090 1558 1150 Kal.
1590 1093 1779 1160 Febr„

129 1175 450 1243 indict.xv,
471 1179 903 1237 incarnationis
929 1180 1256 1238 Dominicis
1273 1196 1434 1238 anno
1456 1181 1612 1248 1182,
1638 1196 1782 1253 pon-

127 1262 382 1321 tificatus
409 1281 467 1322 ιι.

877 1358 1029 1416 xcn.

128 1441 308 1497 Petro
332 1443 590 1512 episcopo
619 1451 672 1502 et
700 1447 964 1516 capitulo
991 1447 1340 1505 Car-nolensi
1366 1447 1627 1505 concedit
1661 1467 1689 1500 (ι
1711 1453 1778 1505 ut

201 1513 451 1596 honores
481 1515 864 1574 Car-nolensis
883 1519 1163 1576 Ecclesiae
1181 1519 1318 1576 aliis
1344 1521 1416 1576 de
1436 1523 1644 1576 caetero
1673 1519 1778 1575 mi-

198 1599 352 1642 mme
362 1589 783 1654 concedantur,
794 1591 1026 1662 nisiqui
1038 1591 1421 1649 reuerentiam
1433 1608 1490 1648 se
1498 1591 1778 1662 promise-

199 1657 327 1713 rint
354 1657 688 1716 habituros.
717 1681 743 1711 ι

656 1747 937 1819 (Velletri,
968 1750 1099 1807 Jan.
1130 1751 1245 1823 17.)

325 1833 665 1907 [1)Ἀοιιειιῐ,
693 1837 904 1908 Spicil.
927 1839 1023 1895 ed.
1051 1838 1267 1906 in-l’ol.,
1302 1840 1391 1906 111,
1418 1840 1573 1915 5474

198 1922 398 1980 Luctus
423 1925 763 1997 episcopus,
797 1943 1008 1983 servus
1034 1944 1349 1985 servorum
1387 1929 1503 1998 Dei,
1535 1943 1780 1987 venera-

125 2010 229 2066 bili
259 2011 423 2068 fratri
444 2013 629 2070 Perno
651 2016 957 2088 episcopo,
985 2016 1284 2073 etdilectis
1306 2016 1446 2073 filiis
1462 2018 1524 2075 G.
1545 2017 1780 2075 decano

124 2104 185 2154 et
207 2100 472 2172 capitulo
500 2102 867 2170 carnotensi,
901 2104 1157 2163 salutem
1182 2111 1239 2163 et
1262 2105 1659 2179 apostolicam
1679 2107 1778 2165 be·

128 2189 550 2247 nedictionem.

201 2279 344 2334 Cum
376 2279 455 2336 ab
476 2295 544 2337 eo
570 2282 663 2337 cui
689 2283 826 2355 plus
848 2284 1258 2350 committitur,
1288 2285 1553 2358 amplius
1583 2285 1778 2357 exiga-

125 2371 244 2436 tur,
285 2368 535 2437 dignum
567 2375 653 2427 est
679 2377 736 2427 et
758 2388 1093 2429 consonum
1118 2373 1336 2430 rationi
1367 2379 1430 2430 ut
1457 2374 1562 2447 qui
1586 2374 1649 2431 in
1678 2377 1779 2430 Eo·

125 2455 313 2512 olesia
343 2464 538 2514 vestra
584 2475 699 2530 praa
739 2461 870 2516 aliis
910 2461 1300 2529 honorantur,
1335 2463 1662 2519 studiosius
1694 2463 1774 2519 illi

122 2543 465 2602 deserviant
489 2552 548 2603 et
578 2548 807 2605 utilitati
835 2550 1026 2621 ipsius
1050 2552 1380 2608 intendant.
1415 2554 1535 2608 Hac
1572 2553 1774 2624 itaque

119 2633 351 2689 ratione
365 2635 610 2706 inducti,
624 2640 970 2696 auctoritate
986 2641 1274 2697 duximus
1297 2641 1630 2711 apostolica
1647 2647 1770 2698 sta-

120 2722 436 2789 tuendum,
484 2730 542 2781 nt
593 2726 853 2783 honores
898 2729 1277 2786 carnotensis
1327 2729 1596 2786 Ecclesiae
1641 2728 1770 2786 aliis

116 2808 194 2862 de
218 2816 428 2867 stetero
457 2813 702 2870 minime
724 2817 1151 2887 concedantur,
1174 2819 1284 2874 nisi
1307 2820 1409 2891 qui
1432 2820 1766 2875 secundum

112 2898 425 2971 antiquam
457 2904 947 2961 etrationabilem
976 2906 1474 2964 consuetudinem
1499 2907 1768 2964 residen-

109 2987 257 3043 tiam
287 3005 348 3045 se
377 2991 775 3060 promiserunt
803 2993 1136 3053 habituros.
1155 2994 1215 3052 Si
1241 3000 1444 3055 autem
1467 3008 1602 3070 post
1632 3014 1763 3070 pro·
1795 3012 1839 3072 c

1810 1679 1857 1736 B

1897 417 2261 474 confirmari.
2305 420 2632 492 Eapropter
2671 420 2787 477 tuis
2833 420 3338 492 postulationibus
3380 427 3550 492 grato

1897 514 2321 565 concurrentes
2349 523 2619 576 assensu,
2647 508 2961 566 ecclesiam
2991 510 3050 566 S.
3084 510 3309 567 Genesii
3348 510 3424 566 de
3455 510 3547 567 Gi·

1898 610 2111 665 geano,
2147 597 2202 654 S.
2236 597 2487 654 Andreae
2512 598 2588 654 de
2614 598 2878 665 Cucullo,
2912 603 2969 655 S.
3007 598 3298 655 Michaelis
3328 598 3403 656 de
3432 602 3551 657 Mu-

1890 683 2124 756 julano,
2170 687 2227 743 S.
2274 686 2570 744 Michaelis
2617 688 2692 743 de
2720 687 3095 758 Aguzanicis,
3123 687 3440 746 ecclesiam
3474 687 3550 745 de

1897 773 2204 839 Cazillaeo,
2231 778 2290 831 et
2327 774 2390 832 S.
2426 776 2575 832 Petri
2607 775 2683 833 de
2719 776 3023 846 Agantieo.
3058 777 3208 833 sicut
3245 791 3346 832 eas
3373 776 3554 833 ratio·

1893 862 2174 919 nabiliter
2192 863 2387 921 etsine
2404 864 2809 921 controversia
2826 865 3124 937 possides,
3145 879 3415 936 personae
3433 868 3549 921 tuin

1890 953 2241 1009 auctoritate
2277 953 2609 1025 apostolica
2638 954 3096 1020 confirmamus,
3140 958 3198 1010 et
3238 954 3548 1026 praesentis

1891 1041 2092 1113 scripti
2120 1042 2451 1111 patrocinio
2477 1043 2948 1100 communimus.

1962 1129 2177 1186 Datum
2204 1129 2465 1198 velletri,
2496 1146 2552 1188 ix
2582 1130 3553 1204 Kalend.Februarii-..pontificatus

1887 1231 2051 1275 anno
2080 1219 2249 1277 tertio
2277 1220 2378 1294 (9).

2624 1308 2803 1366 XClv.

1885 1396 3550 1597 EQ}22ff52255.³552m†.222'5.²5¹30²2⁶33⁸,ssm‘ssss

1986 1554 2043 1595 es
2073 1554 2111 1597 a
2141 1554 2172 1597 e
2196 1557 2296 1610 pri
2304 1556 2376 1598 va
2409 1580 2422 1595 .

2412 1629 2691 1697 (velletri,
2731 1628 2901 1686 Febr.
2928 1628 3009 1699 4.)

2265 1716 2465 1792 [Pirum
2497 1717 2701 1775 Sicilia
2720 1732 2917 1785 sacra,
2950 1719 2991 1783 l,
3021 1716 3171 1791 532]

1960 1806 2159 1864 Lucius
2188 1807 2529 1879 episcopus,
2569 1822 2775 1862 servus
2805 1821 3116 1863 servorum
3144 1805 3266 1871 Dei,
3292 1817 3547 1864 venera·-

1887 1895 1991 1953 bili
2029 1894 2192 1953 fratri
2233 1895 2560 1952 Guiusnno
2592 1894 3046 1967 archiepiscopo
3094 1895 3544 1965 montisregalis,

1889 1984 2137 2057 eiusque
2183 1983 2631 2042 successoribus
2660 1985 2951 2041 canonice
2994 1981 3451 2048 substituendis,
3482 1983 3547 2039 in

1888 2078 2267 2146 perpetuum.

1959 2165 2040 2221 Ne
2070 2161 2387 2220 occasione
2421 2161 2608 2236 pallii,
2638 2163 2816 2235 cujus
2845 2177 3022 2218 usum
3053 2161 3128 2217 de
3157 2159 3546 2234 indulgentia

1889 2251 2048 2309 sedis
2077 2252 2421 2325 apostolica*
2461 2252 2810 2309 catanensis
2848 2254 3169 2322 episcopus
3204 2250 3413 2308 solitus
3456 2255 3546 2308 est

1884 2339 2131 2408 habere,
2144 2341 2297 2398 inter
2308 2340 2620 2397 ecclesiam
2635 2341 3134 2410 montisregaliset
3147 2340 3542 2396 catanensem

1883 2431 2236 2503 episcopum
2266 2429 2338 2486 lis
2364 2432 2611 2499 oriatur,
2639 2429 2970 2501 apostolica
2994 2429 3307 2485 sanctione
3337 2443 3540 2485 sanot-

1883 2535 2041 2585 mus,
2075 2523 2129 2574 et
2159 2523 2280 2574 tam
2311 2518 2418 2575 tibi
2443 2534 2627 2593 quam
2651 2517 3098 2575 successoribus
3121 2517 3238 2574 tuis
3258 2517 3536 2590 prasenti

1881 2608 2107 2679 pagina
2144 2607 2599 2676 confirmamus,
2642 2611 2705 2663 ut
2734 2612 2873 2680 post
2900 2607 3133 2663 obitum
3171 2605 3534 2663 venerabilis

1877 2694 2075 2753 fratris
2117 2696 2307 2753 nostri
2356 2695 2701 2753 catanensis
2748 2695 3037 2768 episcopi,
3078 2694 3179 2767 qui
3222 2710 3385 2751 nunc
3412 2700 3527 2762 est,

1875 2784 2006 2857 ejus
2037 2800 2347 2841 successor
2368 2800 2488 2841 non
2507 2786 2708 2840 utatur
2730 2783 2933 2856 pallio.

1945 2873 2160 2930 Datum
2190 2872 2435 2939 velletri,
2468 2889 2507 2929 ιι
2533 2876 2732 2930 Nonas
2760 2871 3080 2938 Februarii,
3108 2872 3268 2927 1184.

2621 2978 2777 3036 XCV.

109 3077 463 3136 missionem
494 3097 667 3137 suam
699 3084 811 3140 hoc
842 3100 1228 3157 nequaquam
1256 3086 1650 3159 impleverint,
1683 3087 1762 3145 ab
1871 3069 2303 3128 M⁰²²⁰⁸²⁶r²⁸²⁴m
2319 3069 2826 3137 M⁰²⁸²⁰²⁴39⁰l3²²³²
2850 3068 3042 3126 ‘edem
3062 3065 3524 3137 “rehi‘pf3m‘

105 3166 257 3237 ipsis
289 3170 612 3227 reddantur
641 3172 975 3230 honoribus
1001 3174 1197 3232 alieni.
1229 3175 1317 3232 Ad
1347 3176 1476 3233 hoec
1505 3179 1762 3235 auctori-

110 3260 230 3312 tate
265 3260 596 3329 apostolica
625 3261 966 3320 inhibemus
1002 3280 1074 3321 ne
1102 3265 1238 3338 quis
1272 3266 1333 3321 in
1364 3264 1483 3323 alia
1513 3266 1759 3324 eeclesia

105 3342 468 3404 beneficium
494 3349 748 3421 habens,
780 3351 840 3407 in
861 3346 1221 3409 canonicum
1251 3352 1516 3411 ecclesioe
1544 3361 1756 3413 vestrae

105 3439 209 3489 aut
236 3435 561 3506 plebanum
594 3440 1002 3512 presbyterum
1031 3442 1402 3509 admittatur,
1430 3442 1542 3499 nisi
1574 3443 1755 3515 priori

103 3526 348 3581 cesserit
394 3525 706 3595 benefici0,
761 3534 820 3586 et
864 3544 901 3586 a
953 3532 1194 3602 proprio
1241 3531 1414 3588 fuerit
1469 3531 1754 3604 episcopo

102 3611 430 3670 absolutus.

174 3701 556 3761 Decernimus
570 3721 712 3778 ergo
731 3712 794 3762 ut
815 3707 959 3765 nulli
973 3709 1221 3766 omnino
1239 3710 1558 3766 hominum
1578 3707 1752 3768 liceat

101 3788 258 3846 hanc
275 3794 559 3864 paginam
583 3802 806 3854 nostrae
830 3799 1272 3856 constitutionis
1296 3799 1640 3870 infringere,
1659 3799 1749 3857 vel

99 3879 149 3933 ei
183 3894 334 3936 ausu
359 3885 672 3942 temerario
697 3887 1007 3944 contraire.
1041 3889 1100 3945 Si
1130 3888 1268 3961 quis
1294 3893 1494 3946 autem
1520 3887 1637 3945 hoc
1666 3893 1748 3945 at·

97 3971 323 4026 tentare
350 3977 811 4045 praesumpserit,
835 3976 1304 4048 indignationem
1319 3978 1748 4050 omnipotentis

102 4053 202 4108 Dei
225 4062 280 4110 et
308 4058 624 4118 beatorum
648 4063 792 4119 Petri
825 4070 883 4121 et
899 4064 1061 4122 Pauli
1089 4064 1503 4138 apostolorum
1533 4065 1663 4136 ejus
1683 4081 1744 4123 se

93 4145 327 4201 noverit
353 4147 756 4208 incursurum.

168 4233 377 4290 Datum
411 4235 662 4306 velletri,
693 4254 787 4296 xvi
818 4241 1067 4298 Kalend.
1099 4241 1419 4299 Februarii.

829 4348 1009 4405 xclu.

128 4447 351 4504 loanni
378 4448 795 4510 Madalonensi
811 4456 1080 4524 episcopo
1110 4456 1385 4513 eeclesias
1413 4456 1704 4528 quasdam

746 4527 1080 4595 confirmat.

619 4613 893 4684 (velletri,
923 4617 1055 4672 Jan.
1096 4616 1214 4687 24.)

343 4697 515 4772 [Gall.
548 4702 763 4760 Christ.
795 4720 958 4773 nov„
984 4705 1080 4771 vt,
1115 4706 1310 4772 Instr.,
1342 4705 1491 4778 362.]

160 4787 358 4845 Lucius
383 4789 724 4862 episeopus,
767 4808 974 4849 servus
1004 4810 1313 4851 servorum
1345 4792 1467 4859 Dei.
1498 4810 1739 4853 venera·

89 4875 188 4931 bili
213 4876 376 4933 fratri
401 4880 597 4936 losum
638 4881 1042 4951 Magalonensi
1063 4884 1372 4955 episcopo,
1398 4883 1651 4940 salutem
1682 4888 1740 4941 et

89 4968 481 5036 apostolicam
512 4968 1011 5028 benedictionem.

159 5054 433 5110 Pervenit
462 5058 537 5113 ab
560 5074 670 5114 nos
700 5061 865 5132 quod
896 5062 1282 5134 episcopatus
1305 5068 1442 5118 tuus
1463 5077 1536 5119 ex
1568 5066 1735 5134 parte

88 5156 310 5212 magna
326 5144 396 5199 sit
410 5147 764 5217 praedonum
782 5150 1120 5205 incursione
1133 5150 1582 5218 vastatus,unde
1594 5166 1735 5208 cum

85 5232 486 5301 quarumdam
518 5236 903 5294 ecclesiarum
950 5238 1027 5295 ad
1052 5240 1151 5310 jus
1181 5240 1527 5312 episcopale
1559 5240 1736 5313 perti-

85 5318 356 5374 nentium
376 5322 701 5395 presbyteri
719 5326 834 5381 sint
852 5325 1138 5397 defuncti,
1162 5343 1263 5384 eas
1280 5327 1389 5384 tibi
1408 5327 1733 5401 specialius

1944 3142 2052 3198 lem
2075 3141 2402 3198 constituit.
2418 3143 2463 3196 Α
2477 3141 2706 3197 bbatem
2731 3140 3115 3197 Guillelmum
3127 3138 3524 3208 archiepisco-

1940 3229 2077 3284 pum
2091 3217 2420 3277 consecrat,
2434 3212 2743 3284 pallioque
2753 3220 2929 3269 omae
2955 3216 3134 3283 atque
3144 3213 3516 3282 episcopatus

1942 3285 2292 3342 catanensis
2319 3284 2756 3353 metropolitam
2786 3284 3081 3340 declarat.

2400 3370 2679 3443 (velletri,
2716 3370 2880 3426 Febr.
2906 3371 2985 3443 5.)

2500 3458 2696 3530 mid„
2719 3457 2887 3532 458]

1937 3552 2137 3607 Lucius
2167 3549 2509 3622 episcopus,
2542 3563 2750 3604 servus
2778 3562 3089 3604 servorum
3121 3546 3246 3617 Dei,
3271 3562 3515 3604 venera·

1860 3639 1966 3697 bili
2006 3639 2168 3697 tratri
2209 3641 2529 3696 Guiuenuo
2559 3636 3011 3708 archiepiscopo
3055 3633 3511 3708 montisregalis,

1859 3729 1910 3801 ej
1922 3743 2111 3803 usque
2128 3724 2580 3785 successoribus
2591 3724 2880 3782 canonice
2897 3723 3277 3781 instituendis
3295 3722 3356 3780 in
3373 3736 3508 3798 per·

1857 3825 2423 3964 peltiligessbominus
2453 3905 2623 3960 Jesus
2665 3901 2931 3959 Christus
2970 3901 3293 3959 Ecclesiam
3333 3916 3507 3959 suam

1856 3995 2172 4052 instituens
2201 3992 2514 4065 discipulis
2538 3992 2662 4048 suis
2683 3990 2961 4048 eamdem
2989 4004 3169 4061 super
3198 3991 3506 4048 credentes

1850 4082 2081 4155 ligandi
2095 4098 2168 4139 ac
2184 4081 2456 4139 solvendi
2469 4080 2699 4137 dederit
2712 4084 3283 4152 potestatem,unum
3296 4085 3505 4137 tamen

1851 4174 1915 4229 in
1935 4187 2027 4239 ea,
2061 4171 2124 4228 B.
2153 4170 2377 4228 scilicet
2399 4172 2633 4225 Petrum
2657 4168 2999 4241 apostolum
3025 4167 3209 4225 voluit
3231 4169 3506 4240 praeemi-

1852 4275 2015 4327 nere,
2037 4260 2271 4317 dicens:
2292 4260 2375 4315 Tu
2387 4273 2444 4316 es
2458 4258 2673 4315 Petrus
2684 4263 2741 4315 ec
2752 4272 2933 4327 super
2946 4258 3105 4316 lianc
3115 4263 3348 4328 petram
3363 4258 3504 4315 και·-

1773 4353 1819 4411 D
1845 4349 2039 4421 ficabo
2049 4348 2349 4408 ecclesiam
2358 4352 2626 4413 meamet
2643 4346 3018 4419 quodcunque
3037 4346 3319 4419 liqaveris
3328 4361 3505 4421 super

1850 4442 2070 4496 terram
2084 4440 2195 4496 erit
2209 4438 2454 4510 liyatum
2466 4435 2597 4493 etin
2608 4434 2770 4493 coelis
2782 4439 2835 4492 et
2847 4435 3241 4509 quodeunque
3251 4437 3499 4495 solveris

1846 4543 2029 4599 super
2048 4536 2273 4586 terram
2296 4528 2408 4585 erit
2428 4526 2681 4582 solutum
2703 4530 2757 4582 et
2785 4525 2850 4580 in
2878 4525 3034 4582 coelis
3059 4524 3301 4593 (Manli.
3325 4527 3451 4599 xvi)
3477 4542 3493 4580 ε

1847 4617 2300 4688 Intelligendum
2329 4632 2403 4673 ex
2438 4616 2555 4673 hoc
2577 4613 2845 4670 tribuens
2876 4612 3157 4670 fidelibus
3181 4612 3497 4684 universis,

1844 4705 2013 4780 quod
2026 4708 2179 4763 sicut
2193 4721 2349 4762 unus
2364 4707 2492 4762 erat
2506 4702 2805 4760 Mediator
2817 4700 2923 4757 Dei
2931 4707 2986 4758 et
3000 4701 3306 4758 hominum
3328 4700 3498 4759 homo

1848 4795 2126 4854 Christus
2147 4795 2316 4853 lesus
2357 4794 2411 4866 (I
2439 4792 2588 4849 Tim.
2622 4792 2705 4861 ιι),
2731 4791 3060 4859 pacificans
3088 4804 3222 4863 quae
3248 4792 3314 4846 in
3342 4790 3495 4847 coehs

1845 4890 2015 4941 erant
2033 4891 2087 4941 ee
2108 4898 2240 4955 qua
2266 4887 2690 4951 superterram
2717 4878 2964 4941 (Coloss.
2989 4879 3051 4950 ι),
3083 4884 3141 4936 et
3167 4879 3494 4938 dissolvens

1846 4971 2247 5030 maceriarum
2291 4972 2602 5041 parietem,
2638 4973 2696 5026 et
2727 4967 2951 5026 faciens
2996 4976 3251 5040 utraque
3302 4983 3491 5027 unum

1844 5061 2091 5135 (Ephes.
2107 5060 2190 5131 u),
2205 5060 2290 5117 sic
2311 5064 2405 5117 est
2421 5059 2482 5116 in
2500 5058 2762 5115 Ecclesia
2783 5073 2970 5114 unum
2982 5073 3054 5114 ex
3075 5057 3211 5131 ipso
3224 5061 3281 5114 et
3293 5056 3498 5132 perip-

1845 5167 1978 5207 sum
1990 5150 2263 5207 omnium
2275 5147 2771 5221 caputesse,nein
2787 5145 3075 5204 membris
3087 5145 3254 5203 fieret
3267 5145 3393 5204 ulla
3410 5146 3498 5203 di·

1842 5240 2254 5311 versitas,quae
2265 5253 2372 5309 per
2385 5237 2563 5293 unius
2576 5236 2981 5292 auctoritatem
2992 5240 3049 5293 et
3061 5234 3494 5307 providentiam

1842 5327 2052 5401 capitis
2070 5327 2150 5383 ad
2168 5341 2352 5384 unam
2365 5324 2508 5384 fidei
2534 5326 2866 5392 veritatem,
2879 5324 3159 5383 eamdem
3189 5324 3494 5397 religionis

152 5514 231 5589 (9]
272 5515 462 5576 Verba
482 5519 872 5593 pontificatus
899 5524 1073 5585 tertio
1096 5523 1298 5585 aliena
1319 5539 1543 5586 manus
1565 5523 1823 5587 addidit.
1852 5523 2002 5599 Leg-
2036 5522 2315 5584 semmae.
