3784 6000
15 1151 20 1158 ·
128 1156 270 1198 cum
299 1140 483 1207 silvis,
512 1142 718 1213 pratis,
751 1143 995 1214 pascuis
1033 1150 1091 1201 et
1119 1143 1314 1201 rivulo
1355 1146 1779 1216 praeterstante,

147 206 293 266 1105
1143 210 1500 295 EPISTOLAE
1535 208 1626 266 ET
1663 205 2097 270 PRIVILEGIA.
2136 244 2207 258 —
2244 214 2360 273 AN.
2401 213 2562 272 1¹82.
3422 215 3566 274 noe

146 332 478 392 venerabili
521 333 807 409 episcopo
838 335 1180 395 obtinuistis
1217 354 1358 395 cum
1392 336 1644 393 aliorum
1689 342 1797 391 ter·
1827 335 1876 389 A
1976 337 2097 408 Ego
2141 339 2507 398 Theodorus.
2556 339 2892 397 portuensis
2939 345 2998 397 et
3044 342 3278 399 Sanctoe
3332 341 3561 399 Ruflnoe

144 439 352 481 rarum
372 426 726 482 concambio
758 441 773 492 ;
805 426 1000 484 villam
1022 443 1267 501 quoque
1292 444 1429 500 quae
1450 426 1668 483 dicitur
1682 427 1797 483 Gu·
1905 425 2243 503 episcopus.

146 512 361 570 themoe
372 529 580 586 quam,
596 515 813 587 partim
829 514 1499 590 pialargitione,partim
1515 530 1796 573 concam-

142 601 245 659 bio
275 602 365 659 vel
402 603 777 673 coemptione
809 606 974 678 justo
1000 607 1168 664 titulo
1198 605 1498 671 obtinetis,
1537 610 1596 661 et
1625 618 1795 661 man·

142 692 356 749 sumin
380 693 792 751 wimmerleve
812 700 869 752 et
889 695 1091 753 villam
1122 712 1258 770 quae
1290 696 1507 753 dicitur
1525 694 1791 764 Slagosae

139 797 281 839 cum
306 782 549 855 reliquis
570 783 647 840 ad
664 783 828 841 illam
857 785 1290 858 pertinentibus
1324 786 1508 856 terris,
1532 790 1590 842 et
1618 782 1787 840 Okel·
1905 784 2086 857 phani
2117 786 2176 842 in
2207 786 2390 843 Coelio
2414 788 2623 845 Monte.

139 875 309 945 storp
333 877 389 928 et
412 873 726 944 grangiam
752 890 890 947 quae
912 881 999 931 est
1029 876 1086 931 in
1123 876 1348 947 Lungoe
1372 890 1511 931 cum
1542 872 1708 931 silvis
1733 876 1791 930 et
1972 876 2094 945 Ego
2120 877 2308 947 linge,
2351 874 2661 949 presbyter
2690 874 3013 932 cardinalis
3047 875 3247 933 Sancti
3274 875 3547 934 Clemen-

131 960 311 1034 aquis
360 966 418 1017 et
445 963 671 1019 caeteris
715 964 1094 1037 appenditiis,
1135 972 1192 1021 et
1228 964 1431 1021 viculis
1462 963 1786 1036 adjacenti·
1900 960 1991 1018 tis.

127 1049 247 1108 bus
266 1068 281 1120 ;
298 1050 872 1127 gringiamquoque,
900 1070 1035 1127 quoe
1049 1054 1264 1111 dicitur
1289 1053 1785 1111 Aswarthabothe
1966 1054 2088 1124 Ego
2108 1051 2428 1119 Arduinus,
2455 1053 2764 1125 presbyter
2802 1052 3124 1110 cardinalis
3152 1054 3383 1112 Sanctoe
3410 1057 3553 1112 Cru-

1892 1139 1977 1196 cis
2008 1140 2067 1196 in
2099 1140 2450 1198 Jerusalem.

1962 1230 2084 1300 Ego
2137 1229 2464 1295 LaboranS,
2531 1229 2841 1302 presbyter
2916 1229 3237 1287 cardinalis
3310 1232 3543 1288 Sanctae

1976 516 2097 589 Ego
2146 520 2368 586 Petrus,
2417 518 2566 577 tituli
2615 521 2845 579 Sanctae
2896 520 3183 578 Susannae
3233 521 3556 594 presbyter

1903 606 2246 664 cardinalis.

1975 696 2094 768 Ego
2126 696 2432 763 vivianus,
2469 695 2782 770 presbyter
2828 696 3151 754 cardinalis
3195 698 3395 756 Sancti
3434 700 3557 756 Ste-

127 1230 234 1303 qui
264 1230 480 1286 dicitur
501 1230 789 1297 Tovebec,
811 1249 997 1305 quam
1026 1232 1384 1289 concambio
1405 1232 1782 1289 diversarum

128 1325 424 1376 terrarum
454 1320 859 1393 apraescripto
899 1322 1184 1394 episcopo
1213 1320 1554 1378 obtinuistis
1582 1339 1601 1393 3
1634 1336 1781 1393 prae-
1888 1319 2082 1377 Marioe
2120 1325 2279 1376 trans
2318 1319 2596 1376 Tiberim.

125 1411 289 1465 terea
311 1408 548 1465 tertiam
575 1414 806 1481 partem
827 1409 1149 1467 oblationis
1169 1426 1356 1483 quam
1370 1411 1533 1483 apud
1552 1425 1777 1467 memo·
1959 1408 2085 1479 Ego
2145 1408 2534 1482 Hyacynthus
2594 1408 2919 1466 cardinalis
2967 1408 3262 1465 diaconus
3309 1411 3541 1466 Sanctoe

122 1497 279 1554 riam
292 1497 483 1554 beatoe
494 1500 835 1569 Margaretae
860 1500 920 1555 in
941 1500 1310 1557 monasterio
1327 1501 1559 1557 Sanctae
1581 1499 1775 1556 Μαι-ἰῶ
1886 1499 2103 1556 Mariae.

124 1586 531 1643 Boskildensis
578 1588 861 1661 praefatus
906 1589 1223 1661 episcopus
1272 1590 1411 1662 jure
1449 1586 1775 1661 episcopali
1958 1590 2078 1660 Ego
2098 1586 2406 1644 Ramerius
2431 1586 2726 1643 diaconus
2742 1586 2942 1642 Sancti
2963 1585 3195 1656 Georgii
3225 1584 3305 1642 ad
3335 1585 3544 1643 Velum

123 1675 390 1733 habebat
423 1680 479 1732 et
518 1692 657 1733 cum
694 1679 1169 1751 praememoratis
1216 1678 1497 1735 fratribus
1521 1679 1597 1735 de
1628 1679 1775 1736 Sora
1806 1688 1853 1747 Β
1885 1683 2146 1735 Aureum
2177 1677 2518 1734 cardinalis.

123 1767 228 1839 pia
255 1766 571 1838 largitione
597 1767 676 1824 ad
697 1784 853 1840 opus
885 1768 1264 1825 construendi
1291 1768 1641 1826 monasterii
1680 1767 1775 1825 vel
1956 1769 2076 1838 Ego
2123 1767 2456 1833 GratianuS,
2505 1768 2860 1823 Sanctorum
2888 1766 3119 1821 Cosmoe
3163 1770 3218 1822 et
3268 1765 3543 1824 Damiani

120 1856 199 1911 ad
231 1854 494 1929 reliquos
515 1873 661 1913 usus
689 1857 941 1914 contulit
965 1874 980 1926 ;
1008 1859 1336 1929 portionem
1354 1872 1597 1931 quoque
1618 1856 1776 1914 deci·
1882 1856 2176 1914 diaconus
2209 1853 2551 1913 cardinalis.

118 1960 235 2002 mee
254 1961 439 2019 quam
471 1946 629 2002 idem
660 1946 1108 2019 episcopussub
1138 1947 1514 2004 attestatione
1544 1946 1776 2018 privile·
1955 1948 2169 2003 Datum
2196 1945 2469 2002 Laterani
2493 1960 2602 2018 per
2627 1959 2878 2001 manum
2906 1942 3128 1999 Alberti
3158 1943 3389 2000 Sanctoe
3419 1944 3539 2002 Ro-

118 2033 199 2106 gii
226 2034 317 2090 sui
352 2034 540 2102 dedit,
566 2034 641 2091 de
671 2035 959 2107 parochia
980 2035 1248 2092 videlicet
1278 2036 1600 2108 Fumetorp
1622 2035 1772 2093 etde
1882 2050 2077 2092 manae
2104 2034 2378 2092 Ecclesioe
2422 2033 2754 2107 presbyteri
2782 2031 3108 2089 cardinalis
3144 2036 3203 2088 et
3232 2031 3533 2091 cancella-

117 2122 406 2195 parochia
445 2124 814 2196 Sundertorp
853 2130 911 2181 et
941 2124 1016 2181 de
1062 2125 1351 2197 parochia
1402 2124 1628 2191 Eleseu,
1659 2140 1770 2180 nec
1879 2124 1974 2190 rii,
1996 2140 2055 2180 ix
2086 2124 2389 2181 Kalendas
2416 2121 2739 2187 Februarii,
2758 2121 3081 2178 indictione
3110 2122 3537 2189 xiv,1ncarna-

116 2227 238 2268 non
269 2216 327 2269 et
354 2212 427 2268 de
453 2213 739 2284 parochia
769 2212 1138 2279 Arclstadhe‚
1168 2213 1243 2270 de
1274 2213 1559 2287 parochia
1585 2213 1768 2270 etiam
1881 2212 2057 2269 tionis
2112 2212 2430 2269 Dominicoe
2491 2225 2651 2268 anno
2704 2210 2862 2277 1181,
2921 2209 3303 2282 pontificatus
3368 2224 3532 2277 vero,

115 2301 392 2358 Geseleve
417 2318 557 2359 cum
581 2303 866 2359 attinente
892 2302 1120 2375 capella
1138 2303 1213 2360 de
1243 2305 1455 2374 Leoga‚
1497 2303 1572 2360 de
1594 2318 1768 2376 paro·
1878 2300 2090 2358 domni
2117 2300 2279 2357 Lucii
2310 2316 2482 2374 papae
2510 2302 2576 2356 lli
2606 2315 2767 2357 anno
2797 2298 3016 2372 primo.

116 2389 253 2449 chia
291 2406 533 2465 quoque
558 2392 633 2448 de
667 2393 1019 2464 swartatop,
1052 2397 1108 2448 et
1146 2390 1220 2448 de
1251 2392 1539 2464 parochia
1569 2392 1766 2450 Berbii
2601 2422 2799 2480 xxxa·

114 2495 253 2535 cum
280 2478 593 2551 adiacente
618 2480 848 2552 capella
863 2479 1163 2537 Georleve.
1190 2482 1345 2538 Sane
1373 2480 1649 2537 laborum
1674 2497 1769 2538 ve-

113 2572 557 2642 strorum,qu0s
577 2569 812 2643 propris
843 2570 1127 2626 manibus
1161 2569 1248 2626 vel
1271 2570 1614 2643 sumptibus
1629 2570 1764 2627 coli·
1876 2551 1974 2634 Al}
1994 2550 2283 2634 Sl]m⁰”0m
2319 2548 2675 2606 Meldemem
2697 2547 3070 2631 .31’²'³⁶.⁰p“m·
3098 2578 3165 2587 -
3199 2546 3532 2630 ΟΟΡῙῙΥΜΜ

1947 2637 2133 2691 tpszus
2161 2626 2451 2678 statutum
2491 2620 2564 2676 de
2590 2618 2913 2675 reszdentta
2943 2633 3145 2674 eorum
3180 2634 3284 2702 qm
3330 2633 3531 2691 perse·

114 2656 211 2723 tis,
234 2657 356 2713 sive
381 2657 455 2713 de
481 2657 860 2714 nutrimentis
890 2657 1241 2713 animalium
1259 2665 1610 2726 vestrorum,
1634 2658 1765 2715 nul·

113 2744 207 2801 lus
227 2761 264 2802 a
292 2745 464 2802 vobis
493 2746 760 2803 decimas
790 2748 1025 2817 exigere
1057 2746 1510 2821 velextorquere
1533 2761 1763 2821 praesu·

118 2839 264 2891 mat.
323 2835 515 2892 Liceat
559 2852 805 2909 quoque
855 2836 1029 2892 vobis
1076 2836 1324 2893 clericos
1379 2844 1436 2893 et
1478 2835 1685 2903 laicos,
1726 2852 1763 2893 a

114 2923 337 2981 soeculo
353 2923 880 2996 fugientesliberos
898 2931 952 2982 et
972 2924 1303 2992 absolutos,
1338 2925 1571 2999 absque
1584 2925 1761 2982 alicu-

1945 2699 2155 2752 natum
2193 2692 2457 2749 obtinent
2499 2691 2566 2747 in
2611 2691 2880 2747 Ecclesia
2902 2689 3216 2747 Meldensz.

2389 2797 2707 2869 (Laterani,
2737 2797 2870 2854 Jan.
2905 2795 3020 2869 29.)

2144 2905 2445 2979 [illu-ren..
2469 2905 2673 2975 Ampl.
2704 2903 2980 2974 Collect.,
3010 2905 3050 2970 1,
3084 2902 3236 2978 95¹]

104 3015 208 3088 jus
245 3015 714 3072 contradictione
744 3016 824 3072 ad
860 3016 1308 3074 conversionem
1336 3016 1596 3088 recipere
1617 3015 1763 3074 etin
1800 3051 1842 3107 C
1947 3017 2146 3071 Lucius
2193 3013 2540 3086 episcopus,
2582 3028 2790 3069 servus
2833 3026 3145 3069 servorum
3187 3012 3307 3078 Dei,
3352 3026 3525 3070 vene-

111 3109 305 3161 vestro
328 3105 694 3163 monasterio
723 3104 997 3161 retinere.

180 3219 573 3277 Prohibemus
604 3221 850 3291 insuper
873 3224 936 3276 ut
957 3219 1100 3276 nulli
1123 3219 1372 3277 fratrum
1400 3224 1758 3288 vestrorum,

105 3309 912 3384 postfactamineodemloco
926 3309 1760 3383 professionem‚sineabbatis

104 3404 197 3455 sui
223 3399 460 3456 licentia
489 3399 579 3457 fas
610 3399 683 3456 sit
711 3403 785 3456 de
805 3400 1018 3456 eodem
1042 3398 1170 3455 loco
1191 3398 1497 3456 discedere
1530 3399 1761 3466 ;disce-

104 3487 346 3544 dentem
375 3505 515 3546 vero
554 3488 785 3562 absque
815 3489 1232 3546 communium
1256 3487 1590 3544 litterarum
1621 3505 1759 3546 cau-

103 3577 262 3635 tione
293 3577 491 3634 nullus
528 3577 749 3634 audeat
785 3578 1058 3634 retinere.
1092 3578 1224 3633 Paci
1248 3593 1493 3651 quoque
1518 3581 1576 3633 et
1598 3581 1759 3635 tran-

99 3665 374 3740 quillitati
394 3672 601 3724 vestroe
623 3672 874 3740 paterna
904 3666 1299 3723 sollicitudine
1319 3666 1635 3740 providere
1659 3683 1758 3724 vo·

99 3754 312 3822 lentes,
338 3757 687 3813 auctoritate
713 3756 1048 3830 apostolica
1067 3756 1459 3829 prohibemus
1492 3761 1576 3824 ut,
1602 3755 1757 3814 infra

99 3845 443 3903 clausuram
468 3845 584 3903 loci
614 3847 791 3903 vestri
823 3862 932 3902 seu
960 3845 1349 3918 grangiarum
1395 3847 1753 3916 vestrarum,

103 3933 303 3991 nullus
353 3934 698 3993 violentiam
747 3935 840 3992 vel
891 3935 1193 4007 rapinam,
1252 3933 1478 3991 furtum
1517 3950 1623 3991 seu
1665 3934 1754 3992 in-

100 4023 382 4081 cendium
417 4024 809 4091 committere,
840 4023 1148 4081 hominem
1190 4038 1404 4096 capere
1442 4024 1535 4081 vel
1574 4024 1757 4080 inter-

100 4112 277 4170 ficere
306 4113 546 4170 audeat.

173 4229 559 4286 Decernimus
580 4245 723 4302 ergo
738 4229 954 4287 utnulli
976 4230 1224 4286 omnino
1237 4228 1557 4285 hominum
1583 4227 1755 4287 liceat

98 4316 418 4391 praefatum
432 4320 865 4376 monasterium
884 4324 1103 4376 temere
1119 4317 1489 4392 perturbare,
1503 4323 1607 4375 aut
1620 4318 1751 4390 ejus

98 4407 517 4479 possessiones
534 4407 789 4475 auferre,
803 4408 897 4465 vel
916 4408 1151 4465 ablatas
1164 4407 1435 4473 retinere,
1461 4408 1749 4476 minuere,
1784 4405 1832 4462 D

100 4511 209 4552 seu
236 4495 606 4569 quibuslibet
636 4497 1054 4555 vexationibus
1084 4496 1337 4570 fatigare
1371 4513 1386 4565 ;
1417 4495 1522 4553 sed
1544 4497 1754 4555 omnia

97 4583 329 4654 integra
357 4591 781 4643 conserventur
802 4601 1011 4644 eorum
1041 4601 1150 4659 pro
1169 4601 1430 4659 quorum
1452 4585 1752 4657 guberna:

94 4673 254 4731 tione
284 4688 355 4731 ac
385 4675 816 4732 sustentatione
845 4691 1132 4732 concessa
1151 4680 1290 4732 sunt
1317 4674 1527 4731 usibus
1557 4674 1749 4731 omni-

95 4762 294 4819 modis
335 4762 668 4836 profutura,
703 4764 868 4822 salva
907 4765 1065 4821 sedis
1096 4764 1435 4837 apostolicae
1486 4763 1749 4820 auctori-

96 4855 236 4910 tate.
266 4853 322 4909 Si
350 4869 475 4926 qua
500 4853 676 4924 igitur
700 4853 762 4911 in
784 4852 1051 4911 futurum
1073 4852 1485 4911 ecclesiastica
1506 4851 1749 4911 meula·

95 4943 253 4999 risve
265 4958 545 5016 persona,
561 4944 718 5000 banc
735 4948 959 5001 nostrae
977 4943 1448 5001 confirmationis
1460 4944 1748 5017 paginam

95 5031 310 5099 eciem,
339 5040 547 5090 contra
576 5048 713 5090 eam
756 5038 975 5090 temere
1033 5034 1235 5090 venire
1281 5034 1614 5101 tentaverit,
1655 5049 1751 5091 se-

96 5120 299 5177 cundo
347 5123 591 5179 tertiove
661 5123 1053 5194 commonita,
1103 5122 1219 5179 nisi
1277 5127 1510 5180 reatum
1568 5125 1749 5180 suum

95 5208 280 5280 digna
323 5210 721 5268 satisfactione
752 5211 1092 5279 correxerit,
1125 5212 1433 5285 potestatis
1462 5211 1746 5269 honoris·

93 5312 214 5370 que
252 5299 343 5354 sui
368 5299 656 5370 dignitate
686 5306 904 5367 careat,
939 5316 1226 5375 reamque
1256 5317 1319 5358 se
1358 5300 1566 5359 divino
1593 5299 1751 5374 judi·

96 5385 192 5443 cio
216 5386 292 5443 de
320 5395 658 5462 perpetrata
683 5390 998 5465 iniquitate
1023 5395 1368 5462 cognoscet.

173 5511 296 5581 Ego
325 5510 562 5581 Lucius,
595 5511 907 5573 Catholicae
936 5513 1213 5573 Ecclesioe
1240 5513 1586 5591 episcopus.

1873 3101 2048 3161 rabili
2072 3102 2233 3158 fratri
2265 3103 2322 3160 S.
2367 3101 2646 3159 Meldensi
2673 3101 2979 3175 episcopo,
3014 3100 3268 3161 salutem
3298 3106 3356 3159 et
3381 3117 3524 3175 apo-

1873 3192 2145 3250 stolicam
2178 3192 2678 3250 benedictionem.

1944 3283 2082 3348 Quae
2113 3297 2222 3354 pro
2257 3281 2655 3338 Ecclesiarum
2683 3279 3035 3338 utilitatibus
3078 3284 3137 3338 et
3176 3294 3388 3338 eorum
3416 3281 3524 3354 qui

1869 3369 2370 3427 noluntEcclesiis
2391 3386 2428 3427 a
2446 3370 2669 3443 quibus
2683 3370 2982 3443 stipendia
3012 3369 3524 3443 quotidianareci·

1869 3459 2043 3531 piuut
2071 3459 2391 3527 deservire,
2414 3458 2641 3516 malitia
2665 3458 3055 3531 reprimenda
3091 3458 3525 3517 rationabiliter

1869 3553 2229 3613 statuuntur,
2254 3548 2433 3605 firma
2452 3547 2674 3604 debent
2689 3546 2985 3604 etillibata
3004 3547 3340 3619 persistere,
3363 3552 3421 3604 et
3444 3562 3523 3604 ne

1868 3653 2194 3710 pravorum
2226 3637 2495 3711 nequitia
2512 3634 2950 3709 perturbentur,
2978 3634 3312 3708 apostolico
3330 3636 3524 3699 muni·

1865 3727 2030 3784 mine
2072 3726 2365 3785 roborari.
2409 3726 2763 3799 Accepimus
2810 3740 2956 3781 sane
2999 3723 3166 3798 quod
3210 3722 3272 3780 hi
3315 3723 3422 3797 qui
3456 3723 3522 3782 in

1866 3817 2123 3874 Ecclesia
2148 3820 2249 3874 tua
2268 3823 2655 3890 personatum
2685 3815 2909 3872 habere
2932 3817 3285 3881 noscuntur,
3308 3812 3524 3871 nolunt

1865 3906 1979 3980 ipsi
2010 3905 2283 3963 Ecclesioe
2310 3906 2370 3963 in
2394 3905 2652 3978 propriis
2682 3904 2959 3977 personis
2987 3902 3326 3960 deservire:
3359 3901 3522 3961 unde

1862 3996 2078 4054 eadem
2135 3994 2393 4051 Ecclesia
2437 3993 2501 4050 in
2550 3992 2801 4063 agendis
2857 3994 2981 4050 suis
3036 4008 3068 4049 e
3128 4006 3522 4065 personarum

1864 4084 2142 4143 absentia
2167 4099 2289 4142 non
2319 4083 2627 4141 modicum
2651 4082 2873 4155 patitur
2900 4082 3354 4141 detrimentum.
3392 4082 3525 4147 Qua

1864 4174 1940 4232 de
1996 4189 2181 4231 causa
2243 4178 2327 4241 tu,
2394 4171 2754 4230 venerabilis
2822 4171 3023 4237 frater,
3087 4171 3521 4229 canonicorum

1864 4262 2137 4335 ejusdem
2152 4261 2426 4319 Ecclesiae
2446 4261 2700 4318 consilio
2718 4265 2779 4318 et
2805 4275 3060 4318 assensu
3084 4258 3522 4317 rationabiliter

1865 4352 2142 4417 statuisti,
2172 4358 2235 4409 ut
2255 4351 2455 4409 nullus
2474 4350 2656 4424 quiin
2687 4349 2947 4408 Ecclesia
2974 4350 3110 4424 ipsa
3125 4354 3520 4423 personatum

1862 4440 2086 4500 amodo
2133 4441 2440 4514 receperit,
2479 4441 2541 4497 in
2589 4440 2844 4499 chorum
2891 4439 3238 4512 recipiatur,
3283 4438 3399 4495 nisi
3442 4436 3520 4496 de

1859 4530 2155 4605 obsequio
2198 4530 2469 4588 Ecclesiae
2496 4531 2557 4588 in
2588 4545 2850 4605 persona
2895 4528 3140 4602 propria
3175 4528 3345 4585 exhil
3359 4526 3520 4584 eudo

1858 4621 2324 4696 promissionem
2371 4619 2574 4677 feccrit
2609 4622 3066 4691 congruentem,
3099 4617 3263 4673 salva
3308 4621 3520 4674 tamen

1859 4716 1964 4768 tua
1994 4715 2050 4768 et
2074 4709 2319 4783 capituli
2350 4709 2433 4766 tui
2456 4709 2716 4775 licentia,
2749 4708 2871 4764 sive
2896 4706 3146 4779 majoris
3175 4712 3231 4763 et
3261 4702 3515 4762 sanioris

1859 4799 2064 4872 partis,
2085 4814 2272 4871 quam
2293 4797 2537 4871 quidem
2559 4796 3062 4862 constitutionem,
3081 4793 3236 4851 sicut
3258 4793 3521 4850 rationa-

1857 4887 2049 4945 biliter
2078 4887 2240 4944 facta
2278 4892 2390 4953 est,
2421 4884 2772 4943 auctoritate
2820 4883 3153 4956 apostolica
3196 4881 3518 4939 conflrma-

1857 4993 2040 5044 mus;
2082 4980 2407 5033 statuentes
2440 4978 2504 5031 ut
2541 4973 2685 5030 nulli
2714 4973 2963 5030 omnino
2990 4973 3309 5029 hominum
3337 4971 3517 5029 liceat

1858 5067 2017 5124 hanc
2031 5065 2319 5141 paginam
2340 5067 2557 5121 nostrae
2575 5061 3051 5120 confirmationis
3066 5061 3410 5132 intringere,
3422 5059 3519 5118 vel

1859 5155 1912 5215 ei
1957 5171 2108 5213 ausu
2145 5153 2455 5210 temerario
2493 5151 2809 5210 contraire.
2864 5150 2923 5209 Si
2970 5150 3107 5224 quis
3148 5155 3352 5207 autem
3400 5148 3517 5207 hoc

1858 5249 2149 5305 attentare
2163 5240 2631 5316 praesumpserit,
2649 5240 3127 5312 indignationem
3140 5237 3517 5310 omnipoten-

1861 5333 1935 5392 tis
1963 5334 2065 5391 Dei
2092 5341 2150 5389 et
2169 5331 2486 5389 beatorum
2513 5330 2666 5388 Petri
2685 5333 2745 5386 et
2764 5327 2923 5387 Pauli
2951 5327 3366 5402 apostolorum
3381 5327 3516 5400 ejus

1862 5438 1928 5482 se
1958 5419 2187 5480 noverit
2214 5420 2624 5476 incursurum.

1932 5512 2152 5571 Datum
2177 5509 2475 5581 Laterani,
2499 5514 2715 5583 quarto
2736 5507 3031 5569 kalendas
3058 5506 3387 5568 Februarii.
