3784 6000
32 5839 63 5952 ’τη

286 256 403 322 ’103
1344 247 1768 314 GUILLELMI
1815 243 2197 308 TYRENSIS
2241 240 2607 307 ARCHIEP.
3561 241 3696 308 “104

287 393 478 467 spolia
507 392 798 450 sufficere.
831 390 941 447 Sed
965 388 1036 445 de
1064 386 1263 445 vitiata
1304 387 1498 444 radice
1549 391 1605 444 et
1653 399 1925 459 perversa
1953 384 2006 452 Α
2036 383 2355 439 verendum
2385 399 2513 439 esse
2544 383 2732 439 adbuc
2753 383 2812 440 in
2846 383 3161 457 proposito,
3222 390 3281 441 et
3331 382 3403 443 de
3452 383 3692 443 Domini

288 483 612 541 intentione
639 498 785 555 epus
813 478 1104 553 prodienS,
1137 494 1331 535 rarum
1363 481 1451 535 est
1491 480 1555 533 ut
1600 478 1753 533 bono
1814 474 1930 531 fine

287 573 593 632 claudatur
621 572 792 643 quia:

488 662 605 717 Non
636 660 795 715 habet
816 662 1039 714 eventus
1068 657 1285 714 sordida
1306 657 1514 729 praeda
1539 657 1721 714 bonos.

286 751 435 807 Dum
467 764 603 820 ergo
625 746 935 819 cupiditate
967 747 1138 819 rapti,
1177 747 1248 803 ad
1307 746 1512 820 proedae
1544 744 1929 818 {participium

284 841 542 896 renuunt
572 836 782 893 habere
802 840 1123 904 consorteS,
1157 834 1216 890 in
1241 835 1446 892 mortis
1480 832 1755 907 periculo,
1807 846 1931 887 me·

284 928 393 984 rito
424 925 634 1000 reperti
669 928 808 982 sunt
837 924 968 982 soli.
1001 927 1302 997 Ingressos
1335 923 1514 996 igitur
1547 938 1615 979 ex
1645 922 1729 979 eis
1760 921 1932 978 circi-

284 1021 372 1074 ter
402 1015 811 1090 quadraginta,
844 1015 1066 1071 caeteris
1096 1013 1378 1086 subsequi
1408 1028 1525 1068 non
1579 1011 1931 1080 valentibuS,

288 1106 441 1163 cives
470 1104 633 1178 prius
662 1105 732 1160 de
754 1103 873 1160 vita
905 1102 1136 1159 solliciti
1189 1109 1243 1157 et
1296 1105 1558 1158 extrema
1613 1099 1807 1157 omnia
1839 1115 1933 1156 su-

289 1195 510 1252 stinere
562 1195 688 1250 sine
737 1192 1193 1249 contradictione
1248 1190 1456 1262 parati,
1525 1188 1790 1245 videntes
1831 1204 1929 1244 eos

285 1283 500 1356 gladiis
532 1282 832 1355 excipiunt
850 1286 906 1336 et
929 1281 1278 1352 interceptos
1311 1267 1680 1335 obtruncant.
1703 1276 1929 1333 Junctis

290 1369 473 1444 igitur
502 1372 713 1428 iterum
737 1370 1091 1441 agminibus,
1124 1370 1290 1441 quasi
1324 1367 1545 1424 viribus
1586 1368 1822 1434 renatis,
1872 1369 1931 1422 et

287 1462 469 1517 armis
490 1478 616 1533 quas
638 1460 807 1532 quasi
839 1459 972 1516 vieti
1005 1460 1414 1530 deposuerant,
1470 1455 1806 1528 resumptis,
1854 1455 1928 1511 ad

289 1566 417 1607 eam
450 1552 669 1621 partem
703 1547 1059 1605 unanimiter
1079 1546 1407 1612 convolant,
1432 1563 1542 1619 qua
1589 1562 1793 1601 murus
1823 1543 1933 1600 de·

293 1639 533 1696 uiderat.
565 1638 785 1694 Trabes
823 1638 1018 1708 itaque
1065 1636 1366 1691 immensae
1417 1632 1841 1703 magnitudinis
1871 1635 1931 1687 et

2040 471 2442 530 misericordia
2475 473 2851 546 sperandum,
2877 475 2978 547 qui
3003 491 3116 530 non
3142 472 3328 532 soleat
3361 475 3694 548 relinquere

2038 565 2343 636 sperantes
2372 563 2432 618 in
2465 579 2527 620 se
2583 566 2681 636 pia
2729 562 3197 637 longanimitate,
3258 564 3689 623 hortabantur:

2040 656 2427 724 proponentes
2451 669 2655 725 parum
2680 669 2826 718 esse,
2861 654 3091 727 negotia
3130 653 3403 728 quaelibet
3471 656 3692 712 bonum

2041 739 2250 797 babere
2276 740 2644 813 principium,
2671 742 2783 799 nisi
2814 747 2872 799 et
2900 743 3082 799 simili
3137 744 3251 800 fine
3300 742 3680 802 claudantur.

2027 825 2257 885 'Dicunt
2285 830 2459 886 etiam
2484 829 2736 887 multum
2761 830 3037 905 temporis
3067 835 3124 888 et
3148 848 3542 905 expensarum
3566 834 3694 907 plu·

2040 919 2245 976 rimum
2306 919 2686 990 impendisse,
2738 923 2839 976 sed
2890 938 2993 993 spe
3068 922 3291 978 fructus
3375 922 3690 996 uberioris,

2040 1024 2211 1080 quem
2245 1009 2549 1075 Dominus,
2581 1009 2695 1066 etsi
2745 1009 2998 1072 diss'erre.
3050 1026 3165 1067 non
3229 1015 3429 1068 tamen
3449 1012 3692 1080 (auferre

2038 1097 2371 1167 videbatur3
2401 1098 2681 1157 cecidisse
2711 1112 2848 1155 suos
2896 1099 3083 1168 aiunt,
3136 1100 3236 1155 sed
3297 1103 3496 1156 tamen
3555 1117 3689 1172 spes

2037 1192 2180 1255 erat,
2211 1191 2276 1243 ut
2307 1188 2610 1244 meliorem
2637 1189 2962 1244 invenirent
2982 1189 3471 1245 resurrectionem
3499 1206 3514 1245 τ
3543 1188 3688 1246 fide·

2037 1274 2336 1333 libusesse
2396 1277 2788 1350 premissum:
2851 1277 3051 1334 Tristia
3098 1282 3277 1335 vestra
3334 1285 3585 1334 vertetur
3632 1281 3687 1334 in

2036 1366 2299 1437 yaudium
2377 1369 2557 1438 (loon.
2616 1383 2734 1434 xv1,
2798 1365 2938 1439 20);
3026 1367 3388 1440 Quodcunque
3461 1368 3689 1439 petieri-

2037 1457 2129 1523 tis,
2162 1458 2253 1527 fiet
2274 1457 2425 1513 vobis
2452 1456 2663 1529 (Maelii.
2694 1473 2795 1526 vn,
2826 1456 2905 1528 8),
2932 1461 3290 1514 asserebant.
3323 1462 3457 1513 Haec
3505 1463 3565 1515 et
3612 1458 3687 1514 si-

2040 1545 2201 1601 milia
2232 1544 2571 1619 alleganteS,
2614 1545 2866 1604 reditum
2908 1545 3355 1613 dissuadebant3
3407 1549 3464 1603 et
3527 1549 3592 1602 ut
3630 1545 3685 1602 in

2040 1635 2337 1707 proposito
2356 1640 2638 1707 tanquam
2663 1635 2765 1690 viri
2797 1635 2973 1691 fortes
2997 1637 3455 1707 perseverarent,
3491 1650 3685 1693 mone·

289 1726 451 1801 ligna
471 1727 747 1798 ingentia,
781 1742 1030 1799 guorum
1061 1724 1176 1781 illis
1207 1740 1274 1780 ex
1308 1724 1555 1779 navibus
1597 1722 1781 1778 muita
1810 1724 1933 1777 erat
1960 1745 2008 1812 B
2041 1740 2101 1780 re
2136 1724 2494 1780 nitebantur.
2529 1723 2786 1781 Priorem
2808 1725 3158 1780 sententiam
3185 1740 3331 1796 pene
3352 1739 3560 1781 omnes
3589 1723 3684 1779 lai·

284 1816 473 1890 copia,
506 1822 892 1881 contexentes»,
926 1813 1148 1869 hiatum
1183 1812 1428 1885 replent,
1487 1812 1759 1868 obturant
1804 1808 1933 1866 adi-

282 1911 414 1961 tum
449 1908 506 1960 et
563 1903 758 1961 lecum
809 1903 1070 1960 certatim
1121 1902 1348 1958 faciunt
1401 1898 1931 1973 impermeabilem.

290 1992 597 2051 Commitis
646 1992 825 2048 etiam
882 1991 1166 2055 turribus,
1208 2007 1339 2062 quoe
1396 2007 1466 2048 ex
1523 1995 1775 2061 utroque
1832 1987 1927 2043 la-

288 2086 409 2138 tere
441 2082 641 2138 vicinae
673 2082 904 2137 fuerant
932 2079 1219 2146 incendio,
1240 2095 1388 2151 quas
1411 2077 1936 2134 incendiorumim·

288 2172 707 2244 portunitatem
733 2170 877 2226 ferre
897 2185 1011 2224 non
1033 2168 1314 2235 valentes,
1338 2167 1791 2239 dereliquerant,
1810 2163 1934 2220 bel-

292 2261 350 2318 la
372 2268 669 2332 renovant,
727 2260 799 2315 ad
849 2275 1201 2332 congressus
1250 2259 1456 2315 iterum
1514 2257 1930 2329 accinguntur3

289 2359 514 2408 nostros
544 2350 695 2406 ultro
726 2353 1041 2422 provocant
1069 2349 1140 2404 ad
1175 2346 1394 2418 praelia,
1436 2350 1720 2418 tanquam
1781 2344 1933 2401 nihil

293 2441 535 2498 omnino
567 2437 936 2494 adversitatis
969 2436 1250 2510 perpessi.
1276 2436 1382 2501 Qui
1405 2440 1600 2493 autem
1624 2436 1679 2490 in
1699 2432 1932 2490 castello

295 2535 482 2599 erant,
514 2529 764 2584 scientes
795 2543 856 2583 se
886 2528 1058 2583 bases
1089 2526 1304 2582 habere
1364 2527 1559 2582 minus
1617 2524 1857 2586 solidas.
1878 2527 1936 2578 et

293 2621 446 2693 quod
473 2619 545 2675 ab
576 2617 849 2674 interiore
881 2621 1040 2690 parte
1070 2616 1207 2672 lassa
1228 2624 1348 2672 erat
1389 2616 1448 2671 in
1498 2615 1741 2686 spondis
1797 2613 1938 2670 soli-

295 2707 557 2766 dioribus
586 2706 876 2770 machina,
910 2706 1105 2761 minus
1136 2713 1398 2778 proterve
1446 2704 1768 2768 instabant,
1818 2718 1935 2758 nen

303 2796 555 2854 multum
587 2796 657 2851 de
688 2793 1121 2866 ejussoliditate
1141 2797 1571 2850 eraesumentes.
1618 2791 1706 2848 nli
1739 2794 1933 2848 autem

290 2887 764 2957 interemptorum
806 2899 1048 2953 corpora
1095 2884 1150 2938 in
1202 2888 1456 2938 nostram
1511 2881 1933 2946 confusionem,

293 2990 470 3049 super
494 2989 727 3030 murum
752 2974 808 3030 in
834 2971 1288 3046 propugnaculis
1311 2971 1551 3028 funibus
1573 2970 1937 3044 suspenden-

295 3070 409 3134 tes,
443 3064 658 3120 nostris
685 3062 1071 3128 insultabant,
1098 3060 1358 3117 laetitiam
1384 3077 1560 3133 quam
1587 3065 1777 3116 mente
1799 3076 1939 3114 con-

295 3158 590 3226 ceperant,
617 3151 804 3207 verbis
826 3157 882 3207 et
903 3151 1149 3206 nutibus
1172 3150 1609 3220 experimentes.
1634 3149 1745 3205 Sed
1766 3149 1941 3218 hujus

299 3244 519 3313 qaudiis
548 3248 801 3296 extrema
833 3240 1010 3295 luctus
1045 3248 1310 3309 occupat,·
1342 3247 1399 3295 et
1426 3256 1551 3311 quae
1610 3242 1941 3309 sequuntur

300 3331 608 3388 manifeste
638 3329 916 3396 indicant,
951 3345 1123 3400 quam
1156 3344 1286 3384 vere
1310 3326 1941 3388 dicatur.anteruinam

296 3417 644 3476 exaltabitur
670 3433 762 3473 cor
791 3418 974 3487 (Prov.
1005 3433 1123 3484 xvi,
1149 3416 1256 3486 18).
1290 3415 1483 3471 Nostri
1533 3430 1667 3470 vero
1723 3430 1754 3471 e
1799 3431 1942 3470 con-

303 3523 487 3576 verse,
509 3510 706 3563 mente
726 3506 1081 3562 consternati
1113 3509 1170 3560 et
1199 3504 1421 3572 animo,
1456 3519 1697 3559 moerore
1754 3504 1941 3559 confe-

299 3598 399 3665 cti,
423 3604 476 3654 et
505 3597 698 3653 cordis
713 3594 1131 3661 amaritudine,
1155 3595 1224 3650 de
1239 3594 1479 3650 victoria
1509 3592 1804 3662 diffidunt,
1831 3610 1943 3665 pu-

297 3686 623 3744 sillanimes
654 3684 862 3743 effecti.

858 3826 1091 3884 CAPUT
1129 3825 1377 3883 XXVIII.

297 3977 501 4034 lterum
519 3978 899 4043 confortantur
917 3975 1118 4041 nostri,
1139 3972 1282 4029 etad
1317 3971 1749 4028 continuandam
1797 3968 1940 4026 obsi-

474 4048 688 4101 dionem
727 4046 1067 4113 animantur,
1091 4046 1405 4099 insistentes
1433 4042 1759 4098 animosius.

368 4137 594 4192 Interea
622 4134 896 4189 deminus
927 4147 1044 4197 rex,
1100 4148 1273 4187 casus
1318 4131 1629 4187 acerbitate
1672 4132 1940 4203 perterri-

299 4228 417 4289 tus,
453 4222 746 4293 principes
778 4224 1077 4286 convocat,
1110 4223 1166 4274 et
1222 4234 1417 4274 coram
1476 4219 1668 4290 posita
1716 4219 1943 4276 vivifica

299 4326 470 4366 eruce
499 4309 653 4378 (nam
686 4309 745 4362 in
779 4308 905 4378 ejus
931 4307 1305 4364 tabernaculo
1347 4310 1755 4380 convenerant)
1789 4325 1943 4380 prse-

299 4398 565 4454 sentibus
589 4394 1185 4467 dominapatriarcha,
1210 4396 1446 4452 demine
1469 4413 1700 4469 queque
1721 4397 1942 4470 Eyren-

2040 1813 2090 1868 ei
2134 1813 2427 1885 principes
2463 1814 2763 1882 fovebant;
2806 1829 2903 1869 rex
2954 1828 3182 1887 quoque
3213 1814 3384 1870 taedio
3442 1830 3681 1871 casuum

2042 1904 2412 1958 adversorum
2441 1904 2500 1959 in
2534 1919 2661 1959 eam
2695 1902 3005 1975 proclivior
3033 1902 3355 1960 videbatur.
3392 1903 3455 1959 In
3498 1920 3680 1975 oppo-

2040 1991 2148 2048 sita
2178 1992 2464 2048 sententia
2495 1991 2774 2048 nominus
2797 1991 3151 2065 patriarcba,
3209 1991 3489 2048 dominus
3539 2008 3682 2064 quo-

2043 2095 2154 2151 que
2192 2080 2472 2151 Tyrensis
2498 2085 2663 2135 erant
2691 2096 2824 2136 cum
2841 2080 3018 2148 clero,
3043 2088 3373 2136 consortem
3407 2081 3681 2138 habentes

2041 2169 2350 2224 dominum
2386 2169 2777 2225 Raimundum
2811 2171 3156 2241 magistrum
3190 2169 3525 2243 hospitalis,
3550 2186 3680 2226 cum

2045 2256 2323 2313 fratribus
2341 2259 2481 2314 suis.
2517 2258 2611 2315 Sie
2643 2257 2821 2331 igitur
2842 2258 2922 2314 eis
2946 2259 3017 2314 ab
3038 2258 3281 2314 invicem
3332 2258 3686 2315 dissentien-

2044 2347 2223 2418 tibus,
2255 2352 2312 2404 et
2332 2348 2485 2403 varia
2517 2364 2618 2419 pro
2651 2352 2897 2421 utraque
2929 2353 3087 2420 parte
3119 2347 3535 2421 allegantibus,
3591 2348 3683 2405 ad-

2041 2435 2154 2491 fuit
2186 2452 2440 2507 praesens
2458 2435 2657 2492 divina
2686 2437 3016 2504 clementia,
3038 2453 3167 2509 quae
3188 2437 3410 2493 domini
3438 2436 3682 2509 patriar-

2042 2525 2166 2581 choe
2199 2525 2560 2597 sententiam,
2595 2543 2726 2598 quae
2751 2527 3075 2597 maJOribus
3096 2527 3417 2597 juvabatur
3444 2526 3685 2593 meritis,

2046 2622 2100 2671 et
2156 2612 2430 2671 amoliore
2471 2615 2770 2671 nitebatur
2845 2616 3142 2671 honestate
3216 2615 3500 2671 omnibus
3559 2614 3689 2670 iecit

2045 2704 2427 2775 complacere.
2462 2704 2796 2777 Proponunt
2852 2705 3035 2777 igitur
3082 2705 3463 2773 unanimiter,
3497 2720 3688 2760 recur-

2045 2794 2290 2849 rendum
2329 2810 2457 2851 esse
2490 2793 2560 2849 ad
2594 2795 2929 2863 Dominum,
2971 2799 3026 2850 et
3067 2793 3375 2866 implorato
3415 2795 3489 2850 de
3531 2792 3688 2850 eoelis

2046 2882 2286 2952 auxilio,
2318 2883 2377 2939 in
2409 2900 2476 2939 ee
2503 2885 2655 2955 quod
2680 2888 2972 2956 coeperant
2994 2885 3480 2956 perseverandum
3503 2882 3686 2956 quoad

2048 2989 2232 3045 usque
2259 2973 2454 3031 visitet
2478 2990 2574 3031 eos
2604 2972 2797 3031 Oriens
2827 2990 2896 3031 ex
2926 2977 3036 3031 alto
3066 2975 3219 3043 (Luc.
3264 2973 3329 3046 ι),
3374 2978 3431 3030 et
3463 2972 3689 3031 labores

2048 3080 2248 3120 corum
2277 3064 2589 3120 clementer
2621 3064 2913 3137 respiciat.
2950 3064 3280 3120 Redeuntes
3304 3063 3578 3135 itaquein
3626 3063 3680 3118 id

2048 3151 2265 3224 ipsum,
2302 3153 2660 3208 unanimiter
2705 3169 2866 3207 arma
2924 3152 3267 3223 corripiunt,
3319 3157 3689 3225 perstrepunt

2048 3242 2229 3310 tubis;
2264 3241 2422 3299 lituis
2442 3248 2499 3298 et
2526 3257 2662 3298 voce
2695 3241 2983 3314 praeconia
3014 3242 3084 3297 ad
3117 3257 3372 3314 pugnam
3404 3242 3688 3314 populum

2048 3332 2296 3388 excitant
2326 3329 2792 3387 universum.llli
2815 3346 2946 3386 vero
2979 3333 3415 3404 peremptorum
3441 3329 3685 3386 fratrum

2050 3420 2251 3477 ulcisci
2282 3421 2621 3477 affectantes
2652 3421 2919 3491 injurias,
2969 3420 3140 3477 solito
3198 3420 3502 3476 ardentius
3557 3429 3690 3475 ente

2050 3510 2249 3567 urbem
2283 3511 2654 3577 conveniunt,
2685 3515 2743 3565 et
2765 3509 2962 3567 hostes
2992 3509 3065 3566 ad
3098 3508 3291 3579 praelia
3348 3508 3688 3566 avidissime

2049 3604 2381 3674 provocant.
2412 3601 2626 3657 Intueri
2658 3603 2781 3655 erat
2810 3604 3038 3656 nostras
3067 3599 3239 3665 acies,
3261 3606 3548 3671 tanquam
3600 3598 3690 3654 ni-

2049 3690 2135 3747 bil
2165 3691 2361 3746 damni
2395 3692 2796 3763 pertulissent.
2840 3694 2942 3747 aut
3000 3690 3331 3746 recentibus
3388 3691 3693 3745 uterentur

2049 3779 2290 3849 viribus,
2312 3780 2697 3836 exterminato
2719 3779 2966 3848 furores,
2991 3778 3050 3834 in
3065 3779 3257 3834 hostes
3279 3776 3502 3834 irruere
3515 3784 3569 3833 et
3587 3777 3689 3832 im·

2050 3875 2213 3941 petus
2244 3868 2454 3923 inferre
2483 3866 2653 3924 solito
2682 3866 3162 3934 vehementiores,
3186 3866 3261 3921 ita
3305 3874 3371 3922 ut
3391 3866 3686 3922 miraren-

2050 3962 2147 4013 tur
2165 3956 2418 4012 hostium
2442 3956 2645 4024 eunei;
2679 3960 2736 4011 et
2772 3955 2832 4010 in
2869 3955 3088 4011 nostris
3137 3954 3345 4010 virium
3401 3969 3689 4026 augmen-

2050 4050 2175 4101 tum
2205 4045 2620 4116 insuperabile,
2655 4048 2715 4100 et
2744 4044 3003 4100 instandi
3061 4046 3363 4115 stuperent
3420 4056 3692 4114 perseve-

2051 4135 2332 4203 rantiam3
2365 4151 2615 4206 cumque
2644 4133 2845 4205 stipsi
2898 4132 3019 4205 pari
3076 4135 3368 4188 tentarent
3415 4132 3690 4187 resistere

2049 4228 2284 4288 conatu,
2321 4224 2536 4280 frustra
2568 4224 2976 4292 nitentes,non
3029 4224 3292 4294 poterant
3348 4224 3689 4277 nostrorum

2050 4312 2650 4368 tolerareinstantiam
2681 4319 2779 4367 aut
2799 4311 3024 4384 gladios
3044 4310 3357 4367 declinare.
3388 4309 3686 4366 Certatum

2049 4406 2140 4457 est
2169 4417 2304 4474 ergo
2328 4401 2427 4459 illa
2454 4401 2569 4470 die,
2600 4400 2820 4457 viribus
2851 4403 3020 4472 longe
3062 4399 3431 4470 disparibus3
3464 4399 3560 4455 sed
3600 4403 3686 4454 ta·

297 4486 348 4543 si
371 4486 810 4556 archiepiscopo
831 4488 889 4540 et
910 4482 1045 4539 aliis
1064 4482 1453 4540 Ecclesiarum
1490 4486 1760 4555 praelatis,
1798 4486 1939 4557 quid
1969 4478 2018 4545 D
2049 4507 2181 4546 men
2209 4495 2332 4548 tam
2363 4491 2624 4562 equitum
2656 4505 2831 4562 quam
2874 4490 3134 4563 peditum
3169 4489 3365 4560 copias,
3397 4488 3470 4543 de
3502 4487 3696 4544 bosti-

294 4576 354 4632 in
385 4580 546 4632 tanta
577 4590 769 4630 rerum
800 4574 1079 4630 varietate
1096 4573 1171 4629 sit
1195 4590 1365 4645 opus,
1392 4576 1601 4646 quierit
1627 4574 1938 4633 sollicitus.

296 4665 418 4723 Illis
450 4680 581 4722 vero
604 4664 712 4720 sub
744 4663 841 4719 Dei
876 4663 1081 4719 timore
1114 4664 1466 4731 constitutis,
1499 4667 1557 4721 et
1586 4679 1717 4720 cum
1756 4665 1942 4723 multa

296 4756 585 4814 anxietate
605 4752 1088 4822 deliberantibus,
1120 4753 1268 4809 facta
1297 4758 1386 4809 est
1428 4758 1695 4809 votorum
1754 4752 1942 4811 disso-

296 4844 516 4912 nantia,
550 4848 608 4899 et
658 4841 1064 4900 deliberatium
1116 4842 1282 4914 quasi
1324 4841 1663 4915 bipertitum
1709 4842 1940 4900 deside-

295 4935 471 4994 rium.
495 4934 607 4989 Alii
638 4950 914 5006 namque,
947 4934 1017 4990 de
1046 4934 1362 4991 obtinenda
1401 4934 1543 4990 urbe
1585 4935 1937 5005 diffidentes,

293 5022 466 5097 lengo
490 5039 553 5079 se
574 5028 829 5095 tempore
858 5040 1092 5096 operam
1114 5022 1494 5080 ibiinutiliter
1507 5025 1941 5097 comsumpsis-

292 5129 354 5171 se
385 5112 744 5182 asserebant,
769 5112 1034 5169 militiam
1068 5129 1137 5168 ex
1167 5117 1329 5182 parte
1361 5114 1661 5181 cecidisse,
1718 5114 1939 5185 princi-

293 5219 395 5276 pes
426 5202 680 5267 seucios,
707 5207 806 5257 aut
839 5206 1186 5275 peremptos,
1210 5218 1494 5274 expensas
1528 5203 1795 5268 deiicere,
1855 5203 1938 5259 ci·

290 5293 526 5348 vitatem
564 5289 1074 5364 inexpugnabilem
1105 5307 1255 5358 esse,
1288 5291 1441 5348 cives
1472 5293 1598 5363 ejus
1623 5292 1791 5348 bonis
1809 5308 1941 5348 om-

291 5379 466 5436 nibus
486 5379 804 5447 abundare,
837 5396 1039 5436 eorum
1071 5379 1221 5436 vires
1248 5381 1500 5451 reparari
1531 5381 1770 5453 saepius‚
1831 5398 1936 5438 no-

294 5472 442 5524 stras
460 5483 593 5524 vero
634 5468 898 5531 deficere,
934 5470 1383 5541 proetenientes.
1418 5470 1667 5527 reditum
1695 5486 1938 5542 persua-

289 5553 524 5612 debant.
544 5556 651 5614 Alii
680 5573 813 5615 vero
844 5557 1060 5632 quibus
1091 5572 1262 5616 mens
1290 5562 1416 5616 eret
1463 5560 1682 5627 sanior,
1738 5575 1940 5632 perse-

2054 4582 2158 4636 bus
2174 4580 2391 4653 ubique
2420 4578 2873 4651 triumphantes,
2899 4577 3154 4651 palmam
3198 4577 3462 4650 undique
3485 4593 3685 4649 repor-

2048 4670 2271 4727 tabant.
2305 4669 2479 4725 Facta
2508 4673 2596 4724 est
2625 4668 2824 4740 itaque
2855 4673 3082 4740 strages
3113 4665 3375 4723 bostium
3417 4667 3696 4735 maxima,

2050 4760 2106 4812 et
2120 4760 2557 4827 recompensata
2588 4762 2675 4811 est
2704 4770 2985 4811 mensura
3013 4753 3491 4826 supereffluente,
3516 4769 3696 4827 quarn

2050 4846 2231 4902 nostri
2264 4844 2689 4901 nudiustertius
2720 4844 2878 4916 passi
2906 4848 3088 4912 erant,
3136 4843 3373 4914 injuria.
3404 4845 3534 4899 Non
3575 4846 3698 4900 erat

2050 4935 2109 4992 in
2150 4934 2377 4991 civitate
2408 4934 2650 5002 familia,
2683 4950 2860 5007 quam
2892 4934 3085 4992 luctus
3107 4932 3475 4990 domesticus
3505 4938 3566 4991 et
3616 4934 3698 4989 fa-

2049 5024 2293 5081 miliaria
2313 5040 2427 5081 non
2491 5028 2779 5097 premeret
2833 5024 3114 5080 anxietas.
3163 5022 3376 5079 Induta
3433 5025 3522 5079 est
3560 5038 3697 5095 ergo

2047 5115 2388 5173 confusione
2420 5115 2645 5187 civitas,
2668 5119 2724 5172 et
2752 5114 3187 5188 comparatione
3215 5114 3521 5186 proesentis
3549 5114 3700 5186 peri-

2048 5203 2162 5260 culi
2196 5203 2344 5260 levia
2363 5203 2634 5260 videntur
2657 5203 2946 5274 paaeteria.
2963 5204 3012 5258 A
3036 5203 3223 5274 prima
3244 5200 3402 5257 entm
3433 5200 3698 5259 obsidio·

2049 5293 2141 5349 nis
2161 5293 2253 5349 die
2284 5309 2464 5365 usque
2493 5293 2553 5348 in
2586 5298 2947 5365 praesentem,
2984 5305 3286 5363 nunquam
3319 5290 3488 5361 paria
3517 5291 3692 5349 dam-

2047 5399 2124 5438 na
2151 5385 2507 5454 receperant,
2540 5398 2647 5438 nec
2678 5379 2890 5438 similis
2920 5380 3036 5438 illis
3092 5379 3384 5436 acciderat
3437 5379 3693 5451 jactura.

2048 5474 2408 5545 Consumpto
2439 5472 2596 5527 enim
2635 5470 2852 5527 militiae
2874 5470 3079 5527 robore
3107 5473 3166 5527 et
3186 5466 3351 5525 urbis
3368 5468 3698 5528 moderato-

2045 5560 2209 5619 ribus
2224 5560 2620 5636 interemptis,
2643 5560 2932 5619 deiecerat
2964 5556 3298 5627 eonsilium,
3316 5557 3510 5618 virtue
3537 5558 3701 5617 elan-
