3784 6000
513 225 699 284 HIST.
732 226 991 287 RERUM
1025 229 1515 290 TRANSMARIN.
1556 259 1627 275 -·-
1664 228 1806 289 LIB.
1845 228 2026 289 xxn.
2068 230 2480 292 BALDUINUS
2520 233 2595 292 IV
2623 233 2791 295 REX.

3253 241 3363 300 874

137 348 263 405 icioe
290 355 478 422 parte,
494 353 588 409 cui
619 354 776 411 Suite
800 370 1021 413 nomen
1045 361 1155 424 est,
1179 357 1590 414 substiterunt.
1626 357 1676 412 A
1707 355 2157 431 templabantur
2179 359 2255 416 de
2267 360 2544 433 proximo
2573 379 2588 430 3
2613 361 2772 420 unde
2789 363 2875 421 eis
2898 365 3079 421 timor
3115 366 3360 424 incutie-

137 444 308 497 .utem
336 448 427 498 est
455 443 640 513 regio,
674 445 734 501 in
765 461 890 518 qua
918 447 1263 517 proesidium
1290 448 1470 505 situm
1484 451 1591 518 est,

137 544 172 585 a
197 530 415 587 nostris
446 533 628 603 paulo
649 539 807 601 ante,
839 541 903 593 ut
947 537 1359 609 praediximus,
1393 536 1594 594 hostes

137 633 174 673 n
202 618 372 691 Syria
404 621 585 678 Sobal
613 639 846 681 moram
883 624 1165 693 facerent,
1180 626 1597 684 fraudulenter

137 712 299 764 arant.
335 711 431 765 Est
457 718 659 769 autem
691 714 854 784 regio
885 715 1413 774 commoditatibus
1446 716 1590 780 vini,

136 796 216 852 nti
233 802 291 854 et
314 798 449 864 olei,
477 800 658 856 simul
678 807 736 859 et
766 803 1118 862 salubritate
1132 804 1586 862 commendabi-

137 886 463 944 imoenitate
492 892 797 962 praecipua
828 911 840 961 3
876 894 950 949 de
979 910 1101 967 qua
1114 894 1300 952 fuisse
1341 895 1593 952 traditur

137 973 273 1031 iius
293 976 408 1033 Job
434 979 686 1046 amicus,
707 981 906 1054 qniab
918 998 988 1040 ea
1004 985 1466 1055 cognominatus
1497 989 1588 1042 est

137 1103 145 1117 .
179 1063 268 1119 Ad
291 1063 443 1121 hanc
460 1080 603 1139 ergo
633 1069 1066 1139 pervenientes,
1090 1071 1407 1128 honestum
1431 1071 1586 1144 judi-

137 1157 182 1209 εἰ
205 1152 286 1209 ita
315 1151 439 1211 fieri
466 1161 742 1228 oportere
760 1157 1110 1225 decernunt,
1147 1165 1209 1217 ut
1232 1160 1584 1234 praedictum

138 1239 331 1315 >ipium
352 1243 670 1303 obsideant
701 1263 716 1312 ;
741 1251 798 1303 et
816 1263 1003 1320 quam
1034 1248 1213 1305 nobis
1239 1250 1582 1321 intulerant,

137 1329 299 1388 sdem
330 1334 603 1403 captione
634 1335 1030 1402 fraudulenta,
1048 1338 1252 1395 hostes
1281 1339 1582 1411 injuriam,

168 1420 534 1494 recipiendo,
568 1424 614 1480 si
641 1425 723 1481 eis
751 1426 1114 1484 concedatur
1155 1426 1460 1493 divinitae,
1491 1444 1581 1484 re·

137 1513 214 1565 nt.
241 1510 420 1568 Juxta
448 1527 591 1584 ergo
611 1514 973 1582 condictum,
1007 1521 1143 1573 ante
1172 1517 1371 1574 locum
1389 1523 1586 1574 castra

162 1614 347 1670 supra
372 1602 770 1670 nominatum,
798 1620 1040 1661 omnem
1065 1606 1416 1663 adhibentes
1446 1621 1586 1679 ope-

1705 445 1883 503 batur
1912 449 2187 520 amplior,
2220 453 2510 524 tanquam
2544 451 2646 525 qui
2670 453 2911 524 singulis
2929 456 3359 528 exspectabant

1703 535 1886 606 horis,
1929 539 2292 596 utincisione
2320 541 2583 613 perfecta
2619 541 2699 599 ad
2728 559 2832 600 eos
2856 543 3145 602 violenter
3175 546 3354 604 intro-

1702 625 1908 685 iretur.
1937 629 2144 685 Noster
2164 635 2365 685 autem
2378 628 2688 703 bipertitus
2716 635 3147 692 eratexercitus
3178 652 3353 703 ;nam

1702 730 1844 788 pars
1873 716 2026 787 ejus,
2055 721 2119 773 ut
2147 718 2556 789 praediximus,
2605 720 2667 777 in
2704 727 2907 780 monte
2944 740 3249 799 supremo,
3288 727 3350 783 in

1698 819 1822 876 quo
1849 805 2348 877 erautspelunca,
2396 812 2595 864 castra
2643 808 2962 881 locaverat,
3007 818 3070 868 ut.
3112 829 3216 870 eos
3246 813 3351 888 qui

1699 898 1868 949 erant
1890 893 1951 950 in
1976 909 2158 966 opere
2190 894 2441 965 solliciti,
2474 895 2552 951 ab
2590 896 2853 955 hostium
2869 906 3241 971 protegerent
3266 904 3354 960 in-

1698 981 1866 1037 sidiis
1896 997 2072 1055 ;pars
2096 983 2498 1040 veroinferius
2522 986 2822 1044 residebat
2838 988 3352 1064 inplano,quibus

1694 1069 1756 1126 id
1782 1070 2117 1144 specialiter
2144 1077 2269 1129 erat
2299 1074 2611 1146 propositi,
2659 1079 2723 1132 ut
2758 1076 3024 1134 obsessis
3044 1078 3350 1137 introitum

1692 1163 1985 1231 negarent
2012 1165 2071 1216 et
2108 1161 2355 1217 exitum.
2420 1164 2481 1218 Hi
2527 1163 2707 1220 etiam
2752 1178 3198 1239 nonnunquam
3243 1183 3350 1241 per

1693 1244 1858 1304 illam
1882 1253 2132 1316 arctam,
2149 1250 2309 1306 unde
2338 1252 2764 1321 praemisimus,
2789 1255 3086 1323 semitam,
3111 1256 3349 1314 adinfe·

1692 1336 1911 1393 riorem
1929 1338 2198 1409 ejusdem
2213 1340 2515 1411 speluncas
2527 1343 2848 1399 stationem
2867 1343 3348 1408 accedentes.eos

1693 1427 1791 1498 qui
1822 1426 1984 1483 intus
2034 1428 2227 1484 eranit
2261 1428 2399 1487 licet
2445 1445 2564 1486 non
2607 1431 2987 1504 proficerent,
3020 1433 3347 1490 assultibus

1693 1515 2015 1573 molestare
2045 1516 2404 1576 nitebantur.
2435 1521 2613 1576 Erant
2633 1527 2834 1578 autem
2859 1523 3018 1578 intus
3032 1522 3138 1578 viri
3163 1522 3347 1580 fortes

1694 1609 1752 1661 et
1781 1603 2067 1672 bellicosi,
2081 1611 2204 1662 tam
2218 1606 2564 1664 victualium
2592 1625 2777 1682 quam
2793 1626 3101 1668 armorum
3122 1611 3349 1668 haben-

137 1703 144 1743 ;
173 1687 459 1756 studium,
495 1694 559 1747 nt
589 1692 649 1758 ii,
675 1694 781 1765 qui
815 1695 974 1750 intus
1004 1700 1194 1762 erant,
1224 1695 1302 1752 ad
1337 1695 1586 1752 deditio·
1619 1710 1661 1765 B
1697 1696 1779 1750 tes
1822 1693 2077 1765 copiam,
2099 1696 2274 1767 quasi
2312 1696 2390 1752 ad
2421 1699 2835 1769 septuaginta;
2863 1716 3020 1773 quos
3055 1704 3348 1773 tanquam

137 1776 615 1850 ompellerentur.
650 1784 717 1840 Et
737 1783 1030 1855 quoniam
1060 1785 1228 1841 locus
1241 1790 1368 1841 erat
1393 1784 1586 1840 mnni-

137 1882 203 1922 us
220 1868 434 1924 etsitus
446 1870 573 1941 ejus
585 1871 687 1944 huj
700 1873 957 1939 usmodi,
971 1873 1136 1947 quod
1152 1873 1206 1930 ei
1225 1872 1583 1941 nullatenus,

141 1962 308 2028 parte
334 1960 645 2031 superiori,
682 1962 882 2018 noceri
937 1968 1164 2034 posset,
1219 1963 1420 2035 ibique
1465 1977 1587 2019 non

137 2061 295 2117 [uam
342 2047 391 2102 si
417 2063 595 2120 rupes
655 2065 848 2123 usque
897 2051 974 2108 ad
1032 2053 1227 2124 ipsam
1278 2052 1586 2109 habitatio·

137 2134 460 2192 adiceretur
487 2153 501 2202 ;
534 2137 863 2196 decernunt
893 2155 928 2196 a
958 2146 1126 2212 parte
1159 2140 1451 2213 superiori
1481 2157 1591 2198 coe-

137 2223 401 2296 apidum,
424 2226 624 2298 eisque
644 2232 939 2300 quotquot
970 2228 1262 2286 haberent
1288 2230 1591 2286 ministros

138 2313 321 2381 arios,
354 2314 535 2370 simul
560 2321 616 2371 et
669 2333 919 2390 operum
955 2319 1257 2386 custodes,
1291 2324 1355 2376 ut
1385 2325 1505 2376 tute
1534 2325 1593 2379 et

138 2403 441 2460 ruentium
477 2405 739 2476 periculo
768 2406 1043 2463 laborare
1095 2415 1363 2480 possent,
1415 2409 1591 2466 collo-

137 2492 270 2548 Erat
290 2491 452 2548 enim
466 2493 753 2566 spelunca
781 2496 841 2551 in
860 2496 1151 2553 altissimo
1173 2497 1393 2554 montis
1410 2500 1591 2554 latere

137 2620 155 2644 ,
184 2593 305 2636 non
334 2580 567 2636 habens
598 2581 714 2638 nisi
741 2599 880 2639 cum
900 2583 1088 2641 multa
1117 2584 1465 2643 difficultate
1495 2601 1589 2643 ac·

137 2684 191 2733 n,
224 2668 283 2725 in
305 2685 427 2742 quo
450 2671 548 2726 vix
581 2672 766 2744 pediti
815 2673 926 2729 iter
975 2690 1110 2730 esse
1156 2680 1387 2747 poterat
1416 2690 1591 2747 expe-

137 2773 255 2813 tam
285 2758 550 2825 inferius,
585 2776 780 2834 usque
807 2763 867 2817 in
899 2762 1272 2835 profundum
1305 2763 1589 2836 subjectat

164 2846 375 2919 ingens
414 2854 581 2907 estet
604 2850 889 2908 horribile
918 2853 1312 2926 praecipitium
1346 2869 1361 2920 ;
1395 2869 1469 2909 ex
1497 2852 1587 2909 la-

137 2941 300 3005 item,
319 2939 397 2995 ad
414 2953 551 2996 eam
568 2940 971 2998 accedebatur
997 2942 1205 2998 itinere
1220 2944 1397 3000 unius
1422 2942 1589 3015 pedis

1695 1781 1908 1838 virtute
1938 1782 2248 1854 probatos,
2262 1783 2337 1840 de
2353 1800 2613 1857 quorum
2627 1787 2744 1843 fide
2765 1794 2822 1844 et
2850 1791 3188 1846 constantia
3201 1804 3351 1860 proe-

1694 1869 1974 1928 sumebat
1985 1871 2312 1942 plurimum
2335 1873 2753 1941 salahadinus,
2775 1875 2984 1933 abiens
3006 1879 3164 1934 intus
3176 1877 3351 1934 dimi-

1697 1964 1873 2025 serat,
1891 1974 2101 2016 eorum
2123 1959 2448 2032 diligentias
2479 1963 2912 2021 commendans
2944 1965 3343 2038 municipium

1700 2050 1765 2103 Et
1776 2048 1910 2120 jam
1938 2063 2012 2106 eo
2034 2064 2219 2122 nsque
2252 2056 2493 2107 ventum
2506 2057 2650 2118 erat,
2668 2054 2832 2124 quod
2858 2053 2963 2127 qui
2989 2054 3048 2109 in
3064 2054 3351 2127 spelunca

1699 2143 1889 2206 erant,
1921 2154 2043 2211 prae
2075 2137 2366 2211 frequenti
2397 2143 2457 2195 et
2485 2155 2636 2213 pene
2667 2143 2953 2199 continua
2990 2143 3349 2199 malleorum

1700 2227 2108 2299 percussione,
2126 2227 2285 2284 intus
2296 2230 2604 2301 quiescere
2635 2246 2756 2287 non
2772 2236 3044 2303 poterant
3063 2248 3080 2299 ;
3108 2231 3353 2289 videba-

1699 2319 1796 2374 tur
1823 2315 2008 2381 enim,
2040 2316 2116 2373 ad
2130 2320 2612 2375 omnemictuum
2645 2318 3201 2389 ingeminationem,
3219 2336 3353 2392 spe·

1699 2403 1880 2462 lunca
1912 2406 2246 2461 tremiscere
2289 2410 2345 2462 et
2376 2407 2655 2463 universa
2710 2410 2945 2464 concuti
2976 2424 2989 2475 ;
3023 2409 3104 2465 ita
3136 2415 3198 2464 ut
3217 2409 3349 2480 jam

1699 2508 1820 2550 non
1852 2494 2146 2561 timerent,
2168 2494 2335 2567 quod
2361 2496 2544 2552 nostri
2575 2495 2652 2552 ad
2685 2511 2789 2552 eos
2821 2496 3218 2569 irrumperent
3235 2498 3353 2554 vio-

1700 2582 1906 2649 lenter,
1928 2583 2037 2639 sed
2066 2584 2232 2655 quod
2247 2588 2369 2641 tota
2391 2585 2697 2656 spelunca,
2727 2586 3075 2658 repetitione
3103 2585 3352 2643 malleo-

1697 2687 1833 2727 rum
1859 2671 2127 2742 fatigata,
2151 2671 2347 2730 subito
2373 2688 2679 2745 corruens,
2705 2676 3018 2731 universos
3048 2675 3353 2747 opprime-

1697 2766 1803 2817 ret.
1846 2761 2112 2833 Denique
2148 2761 2317 2833 quod
2346 2762 2432 2817 eis
2491 2763 2830 2819 subsidium
2891 2763 3347 2835 ministraretur,

1697 2848 1950 2906 omnino
1978 2863 2217 2921 sperare
2246 2865 2368 2906 non
2394 2848 2651 2917 licebat;
2682 2866 2824 2908 nam
2840 2852 3004 2924 prius
3035 2855 3351 2919 noverant,

1698 2938 1776 2995 ad
1804 2942 2006 3011 partes
2035 2939 2489 3008 remotissimas,
2523 2943 2577 2995 et
2605 2940 2765 2996 unde
2788 2939 2958 2997 facile
2997 2940 3188 2997 redire
3228 2955 3351 2998 non

138 3025 319 3084 bente
370 3027 768 3087 latitudinem.
816 3033 995 3087 Erant
1037 3037 1237 3088 autem
1277 3032 1336 3088 in
1373 3032 1586 3089 eadem
1627 3069 1668 3127 C
1698 3034 1954 3102 poterat,
1981 3029 2353 3099 demigrasse
2381 3029 2837 3095 Salahadinum,
2857 3036 2913 3087 et
2944 3031 3229 3089 militares
3261 3046 3355 3087 se-

137 3132 224 3174 ica
238 3118 585 3176 mansiones
600 3125 737 3185 tres,
763 3120 873 3176 sibi
889 3120 1142 3177 invicem
1169 3123 1586 3194 superpositas,

137 3222 233 3262 >us
275 3212 523 3264 mutuus
551 3224 659 3281 per
684 3209 986 3281 quasdam
1028 3209 1221 3266 scalas
1244 3210 1498 3282 ligneas,
1532 3216 1589 3268 et

137 3294 341 3352 aedam
373 3302 632 3367 angusta
658 3297 955 3355 foramina
996 3300 1243 3355 interius
1302 3316 1587 3358 ascensus

137 3424 142 3437 .
168 3386 520 3442 descensus.
555 3387 646 3444 Sic
673 3402 815 3458 ergo
845 3403 919 3444 ea
956 3388 1088 3445 sola
1119 3404 1244 3461 qua
1273 3390 1357 3445 eis
1386 3390 1587 3447 noceri

137 3477 167 3531 .t
189 3474 306 3540 via,
341 3476 606 3546 aggressi
634 3481 776 3533 sunt
805 3475 1161 3549 speluncam
1192 3477 1472 3550 desuper,
1524 3483 1587 3535 ut

137 3563 362 3630 isimus,
393 3564 676 3631 incidere,
724 3570 1017 3623 tentantes
1052 3567 1103 3623 si
1133 3567 1211 3623 ad
1242 3568 1501 3640 primam
1531 3572 1588 3624 et

137 3654 313 3710 iorem
336 3652 638 3726 speluncae
663 3655 1121 3722 habitationem,
1152 3656 1477 3714 incidendo
1502 3658 1588 3715 sic

136 3747 183 3798 it
211 3747 541 3814 penetrare.
577 3746 715 3801 Erat
742 3745 923 3816 igitur
952 3746 1011 3802 in
1033 3762 1104 3803 eo
1133 3748 1332 3803 omnis
1359 3751 1588 3804 nostro·

136 3833 366 3898 itentio,
399 3839 459 3890 et
487 3838 642 3890 totus
668 3835 728 3889 in
774 3850 845 3891 eo
887 3834 1058 3891 labor
1102 3836 1584 3909 impendebatur.

137 3921 234 3978 itis
258 3923 417 3979 enim
435 3923 516 3980 ad
541 3923 604 3979 id
625 3924 821 3997 operis
847 3926 1299 3997 exsequendum
1348 3927 1591 3983 artifici-

137 4016 394 4084 juotquot
420 4017 588 4068 erant
617 4014 956 4082 necessarii,
989 4019 1046 4070 et
1094 4016 1587 4087 cooperatoribus

141 4100 244 4168 ris,
265 4101 369 4174 qui
383 4101 614 4174 lapides
628 4102 846 4159 incisos
861 4103 1201 4174 etlapidnm
1225 4104 1583 4174 fragmenta,

137 4205 338 4262 aeceps
366 4191 427 4247 in
455 4191 672 4247 vallem
704 4191 1038 4263 subjectam
1089 4193 1493 4262 devolverent,
1522 4199 1586 4251 ut

137 4280 535 4337 »termissione
564 4297 718 4353 opus
772 4281 1137 4352 procederet,
1178 4282 1432 4339 vicarias
1464 4288 1586 4341 tam

137 4370 188 4425 iu
199 4385 388 4443 quam
401 4369 475 4426 de
503 4375 672 4426 nocte
691 4370 1135 4427 constituebant
1158 4372 1585 4441 successiones,

137 4458 346 4531 itigatis
359 4459 687 4531 prioribus,
721 4460 858 4515 novi
885 4464 1270 4533 recentesque
1295 4463 1585 4531 venirent,

137 4548 264 4603 >eris
293 4553 542 4620 possent
561 4554 617 4605 et
647 4549 868 4605 scirent
897 4551 1134 4621 portare
1156 4548 1414 4621 pondus.
1449 4554 1589 4607 Pro-

137 4639 177 4693 tt
205 4652 348 4711 ergo
371 4635 543 4694 labor
572 4637 902 4709 impendio,
936 4641 1143 4693 tumex
1176 4638 1509 4710 frequentia
1533 4643 1590 4695 et

137 4741 166 4782 e
186 4739 394 4783 eorum
414 4724 1138 4800 quiproedictoinstabant
1159 4726 1342 4799 operi,
1374 4732 1498 4783 tum
1517 4744 1591 4785 ex

143 4830 204 4871 m
227 4815 534 4872 habilitate
557 4831 742 4888 quam
757 4831 826 4871 ex
851 4831 911 4871 se
925 4815 1226 4888 praebebat
1252 4816 1400 4887 saxi,
1425 4817 1592 4889 quod

137 4902 331 4971 batur,
368 4905 639 4960 materia.
674 4907 806 4960 Erat
824 4905 981 4960 enim
1012 4904 1164 4977 lapis
1195 4911 1595 4976 cretaceus,et

137 4992 431 5061 agendum
454 4992 636 5049 facilis
652 5011 665 5061 ;
681 4993 795 5048 nisi
815 4992 978 5065 quod
995 5008 1178 5048 venas
1191 4992 1502 5050 durissimi
1518 4993 1589 5050 si-

137 5082 500 5154 tterpolatim
530 5081 1123 5149 habebatimmistas,
1142 5098 1278 5156 quoe
1304 5082 1595 5154 saepiuset

158 5170 444 5228 laederent
499 5172 895 5228 instrumenta
932 5177 1027 5238 ;et
1065 5172 1135 5227 iis
1171 5171 1360 5246 quiin
1414 5187 1594 5245 opere

140 5266 264 5327 ant,
297 5260 613 5333 aliquoties
629 5262 1036 5317 ministrarent
1057 5261 1556 5332 impedimentum
1571 5305 1586 5319 .

156 5349 453 5423 quidquid
475 5350 970 5420 fragmentorum,
1004 5354 1068 5405 ut
1093 5348 1263 5406 locus
1291 5349 1599 5422 expedire·

137 5488 141 5496 .
163 5439 380 5498 vallem
401 5439 762 5513 subjectam,
795 5445 861 5496 ut
884 5439 1294 5513 praediximus,
1325 5438 1599 5495 devolve·

158 5533 352 5589 totum
372 5529 437 5588 id
451 5530 559 5605 qui
577 5529 638 5586 in
656 5530 946 5604 spelunca
977 5532 1147 5588 erant
1173 5527 1426 5597 obsessi,
1454 5541 1600 5587 con-

229 5656 470 5714 ΡΑτιοι..
510 5653 645 5713 CCI.

1699 3134 1836 3174 cnm
1867 3117 2107 3174 duxisse
2138 3119 2364 3191 copias.
2399 3118 2564 3176 Unde
2587 3119 2812 3177 factum
2842 3124 2952 3190 est,
2999 3120 3163 3194 quod
3197 3125 3350 3194 post·

1698 3223 1886 3280 quam
1903 3206 2287 3265 obsidionem
2304 3208 2492 3264 tribus
2522 3208 2862 3266 velmodico
2895 3208 3157 3281 amplius
3179 3210 3357 3282 septi·

1698 3296 1898 3352 manis
1930 3296 2197 3369 perpessi
2229 3296 2486 3365 fuerant,
2520 3298 2705 3355 missa
2719 3297 3017 3368 legatione
3048 3298 3124 3354 ad
3154 3297 3355 3355 domi-

1698 3399 1847 3440 num
1911 3399 2137 3455 regem,
2196 3400 2304 3457 per
2355 3385 2754 3443 interventum
2809 3386 3038 3443 domini
3111 3387 3346 3445 comitis

1696 3472 2347 3546 Tripolitaniobtinent,
2368 3476 2748 3546 utresignato
2774 3476 3075 3548 proesidio,
3109 3492 3247 3532 cum
3260 3492 3352 3533 ar·

1698 3564 1976 3636 mis,quoe
1989 3561 2102 3636 ipsi
2120 3563 2461 3632 intulerant,
2477 3569 2532 3620 et
2554 3564 2799 3637 propria
2812 3563 3356 3637 supellectile‚liber

1696 3653 1782 3708 eis
1815 3667 2005 3725 usque
2021 3654 2289 3708 Rostrum
2313 3651 2724 3723 indulgeretur
2742 3651 3052 3709 transitus.
3087 3651 3180 3709 Sic
3210 3666 3355 3722 ergo

1696 3741 1810 3798 illis
1838 3740 2223 3807 abeuntibus,
2264 3747 2502 3814 recepto
2554 3741 2859 3813 proesidio,
2913 3740 3350 3807 confusionem,

1695 3848 1882 3905 quam
1905 3848 1979 3889 ex
2009 3832 2403 3905 eodemprius
2419 3833 2774 3890 videbantur
2800 3831 3093 3898 induisse,
3115 3836 3353 3889 auctore

1695 3921 1970 3989 Domino,
2003 3926 2060 3978 et
2092 3921 2335 3994 perejus
2349 3922 2944 3995 superabundantem
2971 3921 3353 3993 gratiam,di-

1695 4010 1948 4069 luimus.
1980 4013 2159 4067 Porro
2184 4014 2307 4067 tam
2339 4010 2589 4067 domino
2616 4010 2763 4082 regi,
2784 4026 2970 4084 quam
2986 4010 3118 4067 aliis
3141 4009 3355 4083 princi·

1697 4101 1875 4172 pibus
1905 4116 2063 4157 curae
2087 4099 2195 4156 fuit
2226 4115 2349 4156 non
2382 4100 2651 4167 modicae,
2695 4100 2917 4165 statim,
2976 4099 3132 4157 sicut
3174 4115 3353 4172 expe-

1695 4189 1869 4246 diens
1899 4188 2231 4255 videbatur,
2264 4193 2328 4243 ut
2392 4188 2587 4245 locum
2644 4190 3018 4263 resignatum
3068 4193 3125 4245 et
3171 4190 3356 4246 armis

1695 4278 2157 4344 communirent,
2189 4283 2246 4334 et
2276 4277 2633 4334 victualibus
2664 4283 2760 4347 ;et
2791 4279 2926 4334 viris
2954 4277 3259 4344 fidelibus,
3277 4277 3355 4333 de

1696 4382 1956 4440 quorum
1983 4366 2101 4423 fide
2133 4367 2711 4424 nondubitareturet
2736 4368 3053 4433 industria,
3083 4366 3356 4423 commit-

1700 4461 1905 4514 terent.
1935 4457 2065 4522 Quo
2095 4472 2233 4512 cum
2263 4456 2429 4513 omni
2456 4456 2763 4527 diligentia
2794 4456 3114 4528 completo,
3155 4460 3357 4511 noster

1698 4545 1775 4603 ad
1807 4546 2052 4618 propria
2080 4561 2354 4602 reversus
2376 4552 2464 4603 est
2492 4547 2808 4603 exercitus.
2843 4547 3087 4602 Factum
3125 4550 3216 4600 est
3245 4559 3355 4600 au-

1699 4638 1819 4692 tem
1840 4634 2155 4702 hoc,anno
2188 4634 2265 4692 ab
2307 4635 2721 4693 incarnatione
2762 4634 2999 4691 Domini
3047 4633 3204 4700 ¹182,
3258 4631 3356 4690 die

1700 4723 1931 4781 mensis
1959 4723 2254 4781 Octobris.

2333 4831 2558 4886 CAPUT
2585 4829 2737 4887 xxti.

1702 4921 1828 4977 Rex
1865 4917 2084 4975 iterum
2115 4918 2264 4990 fines
2287 4918 2792 4975 Damascenorum
2827 4933 2958 4975 cum
3013 4915 3136 4973 suis
3177 4929 3359 4988 expe-

2166 4988 2491 5046 ditionibus
2519 4989 2884 5061 ingreditur.

1773 5078 2004 5135 Modico
2024 5084 2246 5145 autem,
2270 5078 2563 5150 posthoc,
2598 5078 2902 5150 interjecto
2938 5078 3222 5152 temporis
3272 5077 3360 5134 in·

1706 5167 1973 5235 tervallo,
2005 5167 2065 5224 id
2096 5172 2184 5224 est
2216 5167 2539 5224 Decembre
2579 5168 2848 5240 proxime
2884 5168 3227 5235 subsecuto,
3272 5166 3356 5222 vi·

1705 5260 1914 5315 dentes
1969 5258 2153 5314 nostri
2180 5257 2347 5330 quod
2375 5257 2775 5315 salahadinus
2807 5272 2927 5314 non
2979 5257 3254 5325 redierat,
3305 5259 3362 5313 et

1706 5348 1907 5406 adhuc
1938 5346 2269 5417 majoribus
2297 5346 2551 5418 negotiis
2581 5345 2925 5420 impeditus,
2959 5345 3113 5401 circa
3160 5349 3361 5418 partes

1711 5435 1985 5494 Mussulae
2012 5435 2374 5493 detineretur
2387 5440 2717 5509 occupatus
2741 5452 2756 5504 ;
2790 5434 3060 5491 nolentes
3083 5438 3367 5507 opportu-

1711 5526 1960 5585 nitatem
1971 5524 2263 5594 amittere‚
2281 5524 2643 5600 quamidem
2667 5524 2743 5584 de
2776 5539 2888 5582 sua
2900 5522 3368 5582 absentiamini-

3011 5648 3083 5705 28
