3784 6000
972 228 1343 293 EPISTOLAE
1376 236 1464 294 ΕΤ
1499 236 1932 301 PRIVILEGIA.
1971 280 2039 290 —
2075 250 2193 308 AN.

140 343 1121 443 episcoporationabiliprovisione
1138 374 1448 429 concessa,
1472 363 1625 421 sicut
1651 367 1699 420 A
1731 371 2000 439 sterium,
2039 375 2096 431 in
2138 391 2259 448 quo
2297 373 2505 430 divino
2535 372 2860 445 mancipati
2900 375 3039 430 estis
3068 374 3383 448 obsequio,

136 431 416 491 ithentico
451 437 638 509 ipsius
668 444 1100 517 archiepiscopi
1131 449 1351 521 scripto
1391 451 1622 522 plenius
1733 461 2243 528 praedecessorum
2262 469 2601 519 nostrorum
2622 460 2799 518 bonte
2815 463 3117 519 memoriae
3132 463 3383 520 Pascha-

137 527 302 578 netur
331 525 631 585 devotioni
662 537 872 589 vestras
907 536 1257 593 auctoritate
1293 539 1623 612 apostolica
1731 530 1821 619 ¹is,
1854 549 2196 618 innocentii,
2225 551 2406 618 Lucii,
2433 551 2774 617 Alexandri,
2798 554 3205 610 Romanorum
3237 560 3385 625 poni

137 626 422 670 rmamus.

137 702 422 758 ternimus
449 720 610 778 ergo,
637 714 748 765 etc.

137 804 248 845 :um
276 793 539 863 Veronae,
573 811 631 853 ιιι
652 801 801 856 Νοιι.
831 800 990 859 Julii.

645 888 975 946 ccxxxvn.

137 967 322 1025 ntium
339 970 415 1027 ab
430 973 699 1046 episcopo
719 979 1071 1037 Torcellano
1095 989 1150 1038 et
1169 982 1374 1050 priore
1399 985 1613 1043 Chari-

137 1037 172 1092 's
216 1040 504 1125 deleqatis
545 1055 737 1113 apost.
792 1051 980 1108 latam
1005 1067 1119 1121 pro
1150 1057 1509 1115 monasterio
1549 1057 1609 1116 S.

140 1117 363 1168 valoris
394 1119 716 1185 approbat.

481 1210 773 1277 (Veronae,
812 1211 924 1267 Jul.
974 1213 1081 1284 13.)

137 1295 490 1368 [Conuenius,
512 1297 679 1355 Eccl.
717 1299 935 1368 Venet.,
961 1307 998 1357 t.
1021 1302 1155 1368 x1v,
1183 1318 1242 1376 p.
1266 1304 1292 1358 1
1308 1309 1327 1360 t
1344 1310 1360 1360 l
1376 1307 1432 1378 .]

140 1401 225 1442 ms
256 1385 596 1457 episcopus,
631 1403 836 1444 servus
876 1405 1185 1448 servorum
1229 1393 1349 1460 Dei,
1380 1394 1609 1452 dilectis

137 1474 189 1530 Β.
227 1475 407 1545 priori
448 1481 504 1530 et
540 1477 845 1532 canonicis
877 1480 932 1534 S.
969 1478 1290 1537 Salvatoris
1318 1482 1394 1539 de
1424 1485 1611 1540 Vene-

137 1560 340 1619 tlutem
375 1568 430 1619 et
461 1565 856 1636 apostolicam
888 1567 1392 1628 benedictionem.

137 1667 261 1725 1uoe
273 1652 501 1722 judicio
519 1653 610 1709 vel
630 1655 954 1713 concordia
975 1657 1286 1729 finiuntur,
1310 1660 1485 1718 firma
1504 1663 1605 1718 de·

137 1749 164 1796 ut
181 1741 409 1797 illibata
436 1758 700 1810 manere,
720 1752 774 1800 et
794 1760 868 1801 ne
892 1761 1174 1816 processu
1194 1751 1478 1821 temporis
1500 1767 1606 1824 per
1641 1735 1685 1790 Β

137 1845 204 1884 us
246 1829 534 1887 malitiam
579 1832 988 1900 immutentur,
1029 1834 1455 1895 litterarum...
1502 1856 1605 1896 no·

137 1933 190 1973 ie
214 1919 494 1992 praesidio
521 1922 903 1990 communiri,
927 1940 1066 1981 cum
1089 1933 1291 1982 autem
1324 1926 1479 1983 inter
1498 1946 1604 1988 vos

150 2008 561 2065 premarinum
591 2008 921 2081 plebanum
953 2013 1011 2069 S.
1060 2015 1472 2073 Bartholomaei
1500 2035 1603 2074 su-

137 2094 479 2168 [uibusdam
529 2099 911 2170 parochianis
969 2104 1376 2161 controversia
1431 2105 1605 2165 tuerit

137 2185 296 2240 andiu
316 2186 560 2255 agitata.
577 2188 820 2245 tandem
839 2190 1187 2247 venerabilis
1207 2192 1389 2249 irater
1402 2201 1602 2252 noster

137 2272 416 2330 [lanusm.
450 2275 771 2348 episcopus
800 2284 855 2333 et
881 2278 1133 2335 dilectus
1165 2279 1410 2338 filius....
1440 2286 1603 2356 prior

141 2361 241 2418 riae
275 2363 350 2419 de
399 2364 696 2421 Charitate
734 2367 956 2439 quibus
984 2384 1173 2426 causa
1201 2370 1338 2443 ipsa
1377 2371 1485 2428 t'uit
1525 2373 1600 2431 de

137 2451 272 2507 ›lico
306 2453 593 2510 mandato
633 2456 978 2521 commissa,
1011 2458 1233 2514 auditis
1266 2459 1600 2519 rationibus

137 2541 505 2609 egationibus
550 2543 685 2600 hinc
730 2544 867 2601 inde
901 2547 1242 2617 propositis,
1279 2548 1598 2608 diffinitam

137 2631 298 2686 itiam
335 2633 743 2689 terminarunt.
777 2637 894 2690 Nos
932 2636 1110 2705 igitur
1147 2638 1422 2695 eamdem
1464 2656 1595 2696 sen·

137 2735 187 2774 m
239 2720 387 2776 sicut
446 2722 885 2780 rationabiliter
927 2723 1051 2781 lata
1096 2732 1205 2792 est,
1250 2729 1596 2787 auctoritate

137 2808 269 2864 »lica
300 2811 732 2868 confirmamus
753 2817 809 2868 et
829 2815 1140 2886 praesentis
1170 2815 1370 2888 scripti
1402 2824 1592 2890 patro·

137 2913 595 2956 iommummus.

141 2988 158 3041 i
180 3003 320 3057 ergo
343 2990 593 3047 omnino
607 2990 923 3048 hominum
944 2991 1283 3050 liceathanc
1305 2996 1591 3067 paginam

137 3092 155 3130 ι
185 3076 658 3134 confirmationis
689 3079 1015 3151 infringere
1043 3082 1137 3138 vel
1165 3084 1215 3138 ei
1238 3099 1390 3140 ausu
1415 3091 1590 3142 teme·
1627 3095 1670 3152 c

137 3168 441 3223 contraire.
482 3167 539 3225 Si
570 3169 705 3241 quis
733 3174 934 3225 autem
964 3171 1077 3226 hoc
1121 3177 1410 3229 attentare
1442 3190 1587 3245 proe·

137 3256 277 3320 ierit,
331 3254 811 3327 indignationem
865 3260 1294 3331 omnipotentis
1350 3262 1474 3328 Dei,
1534 3271 1591 3321 et

144 3359 246 3399 um
269 3344 415 3400 Petri
440 3351 496 3401 et
527 3345 692 3402 Pauli
720 3363 782 3403 se
814 3350 1046 3404 noverit
1066 3350 1474 3408 incursurum.

137 3439 250 3489 :um
279 3436 542 3500 Veronae,
569 3452 627 3491 111
660 3435 796 3491 ldus
822 3436 978 3492 Julii.

576 3523 940 3582 ccxxxvm.

137 3616 173 3666 et
186 3612 505 3682 pr-iviceqia
530 3614 779 3671 caenobii
803 3614 1224 3672 Admonlensis
1240 3619 1581 3685 confirmat,

137 3699 232 3740 ›va
262 3685 335 3739 de
362 3685 744 3742 electionibus
770 3686 1210 3743 abbatissarum
1241 3695 1294 3745 et
1321 3690 1581 3748 aliorum

138 3756 495 3812 asteriorurn
521 3757 809 3827 reqimine
824 3758 1200 3827 superaddit.

449 3847 740 3914 (Veronae,
778 3845 892 3902 Jul.
931 3847 1046 3918 22.)

282 3932 434 4006 [Psz,
459 3934 817 4001 Thesaurus,
839 3934 933 4001 ill,
957 3951 1040 4003 ιιι,
1073 3937 1227 4013 67¹]

137 4036 196 4077 us
224 4023 568 4093 episcopus,
602 4039 810 4079 servus
840 4039 1153 4081 servorum
1197 4028 1318 4094 Dei,
1349 4027 1580 4087 dilectis

138 4124 367 4166 smnico
420 4111 625 4169 abbati
676 4113 1022 4170 monasterii
1069 4115 1128 4171 S.
1175 4115 1365 4181 Blasii,
1413 4117 1580 4190 quod

137 4202 188 4253 ιι
211 4198 445 4265 dicitur,
467 4201 718 4274 ejusque
735 4201 1017 4259 fratribus
1038 4208 1162 4261 tam
1184 4207 1580 4278 praesentibus

140 4286 371 4352 futuris,
404 4288 740 4360 regularem
764 4292 947 4348 vitam
977 4292 1257 4362 professis
1282 4295 1342 4351 in
1371 4311 1580 4368 perpe·

1730 637 1976 707 tificum,
2002 642 2261 713 vestigiis
2293 643 2668 707 inhaerentes,
2696 640 2809 697 sub
2835 642 2895 696 B.
2923 641 3072 697 Petri
3100 646 3158 698 et
3179 647 3385 701 nostra

1728 730 2094 798 protectione
2124 731 2488 803 suscipimus
2510 734 2569 786 et
2591 731 2902 802 praesentis
2929 729 3130 803 scripti
3151 729 3385 803 privile-

1728 817 1826 887 gio
1856 820 2330 886 communimus,
2361 824 2684 877 statuentes
2717 824 2784 874 ut
2804 835 3203 893 quascunque
3232 835 3380 892 pos-

1726 906 2045 978 sessiones,
2066 925 2444 983 quaecunque
2463 909 2628 966 bona
2647 908 2808 965 idem
2836 910 3270 966 monasterium
3293 910 3382 966 in-

1725 999 2183 1066 proesentiarum
2199 1000 2358 1071 juste
2378 1004 2437 1056 et
2463 999 2750 1056 canonice
2767 999 3056 1070 possidet,
3077 1004 3182 1055 aut
3204 999 3263 1055 in
3292 1000 3381 1056 iu·

1723 1089 1924 1142 turum
1936 1088 2322 1146 concessione
2342 1088 2715 1159 pontificum,
2729 1087 3039 1158 largitione
3054 1102 3266 1157 regum
3284 1088 3378 1144 vel

1722 1175 2081 1246 principum,
2113 1176 2415 1234 oblatione
2441 1176 2710 1233 fidelium
2741 1192 2847 1232 seu
2875 1176 3009 1233 aliis
3035 1176 3208 1246 justis
3254 1192 3380 1232 mo-

1719 1264 1831 1329 dis,
1850 1270 2170 1336 proestante
2189 1268 2462 1333 Domino,
2482 1265 2696 1338 poterit
2712 1264 2982 1337 adipisci,
3002 1264 3179 1320 firma
3200 1265 3376 1322 vobis

1719 1353 2047 1427 vestrisque
2097 1355 2548 1411 successoribus
2590 1359 2647 1410 et
2693 1352 2918 1410 illibata
2960 1357 3372 1425 permaneant.

1720 1443 1782 1497 ln
1801 1441 2019 1514 quibus
2041 1444 2169 1501 hoec
2194 1444 2453 1517 propriis
2472 1443 2757 1500 duximus
2786 1442 3183 1517 exprimenda
3198 1457 3374 1500 voca-

1716 1528 1873 1586 bulis
1898 1547 1909 1585 :
2424 1544 2429 1551 ·

1717 1620 1856 1688 (Hic
1882 1629 2318 1679 enumerantur
2337 1622 2490 1679 bona
2519 1628 2585 1676 ut
2604 1621 2669 1677 in
2696 1622 2863 1678 bulla
2886 1621 3229 1680 Alexandri
3251 1620 3370 1692 ΙΙΙ,

2070 1711 2216 1767 data
2244 1726 2343 1768 an.
2380 1711 2539 1776 1170,
2568 1709 2740 1767 Febr.
2774 1710 2810 1765 4
2832 1709 2970 1784 [37].
2996 1712 3013 1781 )

1789 1837 1899 1853 .....
1928 1799 2043 1855 Nec
2073 1799 2378 1872 episcop0,
2411 1815 2521 1855 nec
2552 1799 2755 1855 abbati
2789 1800 2921 1870 ipsi,
2950 1815 3058 1855 nec
3090 1813 3366 1870 personas

1714 1887 1895 1945 alicui
1917 1887 2170 1945 facultas
2197 1889 2273 1945 sit
2289 1888 2453 1944 bona
2471 1888 2747 1959 ejusdem
2762 1887 3019 1944 coenobii
3039 1887 3100 1944 in
3117 1887 3367 1943 feudum

1715 1976 1841 2032 sive
1855 1975 2216 2034 beneficium
2235 1977 2537 2051 aliquibus
2551 1977 2714 2043 dare.
2741 1993 2851 2033 nec
2868 1976 3067 2034 modis
3085 1976 3219 2033 aliis
3231 1976 3372 2034 alie-

1714 2080 1878 2122 nare.
1902 2067 2056 2123 Sane
2077 2067 2447 2140 sepulturam
2473 2066 2660 2139 ipsius
2680 2066 2793 2123 loci
2814 2064 3067 2123 liberam
3083 2082 3212 2122 esse
3232 2081 3368 2122 cen·

1713 2169 1938 2221 semus,
1970 2161 2033 2212 ut
2067 2155 2173 2229 qui
2213 2171 2275 2212 se
2314 2155 2429 2211 illic
2459 2154 2691 2228 sepeliri
2724 2154 3218 2223 desideraverint,
3250 2153 3367 2213 nisi

1711 2244 2216 2302 excommunicati
2247 2243 2366 2300 sint
2389 2243 2478 2301 vel
2502 2242 2817 2307 interdicti,
2843 2249 3122 2300 extremae
3157 2242 3367 2300 volun·

1711 2334 1813 2389 tati
1840 2348 2052 2389 eorum
2096 2333 2292 2390 nullus
2322 2332 2596 2397 obsistat,
2630 2332 2792 2389 salva
2828 2331 3062 2404 justitia
3103 2332 3367 2390 matricis

1713 2421 2003 2479 Erclesiae.
2034 2423 2234 2479 Laicos
2262 2423 2385 2478 sive
2406 2421 2651 2478 clericos
2681 2421 2997 2478 saeculares
3017 2419 3098 2478 ad
3118 2436 3363 2478 conver·

1710 2511 1942 2568 sionem
1973 2512 2295 2583 suscipere,
2328 2510 2420 2568 vel
2459 2510 2640 2566 etiam
2687 2510 2765 2567 ab
2808 2509 2938 2567 aliis
2985 2509 3364 2569 monasteriis

1709 2616 2000 2673 personas
2022 2600 2292 2657 arctioris
2316 2600 2450 2656 vitae
2476 2598 2800 2664 desiderio,
2831 2615 2937 2655 seu
2972 2599 3090 2655 alia
3118 2604 3279 2657 certa
3304 2604 3365 2659 et

1706 2689 2045 2747 rationabili
2066 2705 2252 2746 causa
2271 2688 2349 2746 ad
2377 2704 2482 2746 vos
2505 2688 2808 2745 venientes
2831 2688 3050 2745 nullius
3072 2688 3360 2761 episcopi,

1705 2779 1964 2846 abbatis,
2006 2778 2098 2835 vel
2134 2778 2440 2852 praepositi
2484 2794 2589 2834 vos
2638 2777 2906 2834 inhibeat
2945 2776 3358 2835 contradictio.

1706 2867 2095 2925 prohibemus
2132 2883 2376 2941 quoque
2404 2871 2465 2923 ut
2493 2866 2641 2923 nulli
2677 2865 2927 2923 fratrum
2957 2869 3098 2939 post
3134 2864 3360 2924 factam

1701 2957 2161 3030 professionem,
2184 2956 2415 3031 absque
2447 2956 2684 3014 abbatis
2705 2957 3003 3029 totiusque
3024 2970 3359 3029 congrega-

1702 3047 1884 3105 tionis
1916 3047 2331 3120 permissione,
2357 3047 2530 3103 liceat
2555 3062 2627 3103 ex
2649 3046 2861 3103 eodem
2883 3046 3140 3103 claustro
3163 3045 3361 3103 disce-

1700 3135 1840 3193 dere
1882 3152 1897 3203 ;
1953 3134 2379 3201 discedentem,
2446 3150 2585 3193 vero
2643 3134 2873 3207 absque
2939 3134 3356 3192 communium

1697 3225 2025 3282 litterarum
2067 3225 2343 3281 cautione
2372 3223 2573 3280 nullus
2611 3223 2831 3280 audeat
2866 3226 3137 3281 retinere.

1772 3315 1925 3370 Sane
1941 3313 2248 3370 novalium
2264 3321 2618 3373 vestrorum.
2637 3329 2774 3385 quas
2792 3313 3049 3386 propriis
3066 3313 3353 3371 manibus

1697 3410 1800 3461 aut
1830 3404 2171 3477 sumptibus
2202 3402 2412 3467 colitis,
2442 3404 2564 3458 sive
2593 3402 2668 3457 de
2706 3403 3089 3460 nutrimentis
3120 3408 3350 3459 vestro-

1695 3510 1830 3550 rum
1856 3492 2235 3558 animalium,
2259 3491 2462 3549 nullus
2479 3507 2516 3548 a
2542 3490 2716 3547 vobis
2733 3491 3001 3549 decimas
3025 3498 3354 3564 praesumat

1695 3584 1948 3653 exigere.
1978 3581 2130 3639 Nulli
2175 3596 2418 3654 quoque
2447 3580 2622 3637 liceat
2643 3579 3010 3637 monasterio
3045 3580 3349 3651 angarias,

1693 3671 1785 3729 vel
1816 3670 1964 3729 alias
1984 3686 2175 3726 novas
2189 3670 2529 3726 exactiones
2557 3668 2907 3725 monasticte
2935 3668 3117 3742 quieti
3137 3672 3195 3724 et
3215 3667 3352 3726 reli·

1693 3761 1855 3833 gioni
1886 3758 2216 3817 contrarias
2264 3759 2595 3830 imponere.
2630 3759 3015 3831 Quoecunque
3054 3757 3230 3815 etiam
3261 3758 3349 3816 di·

1691 3850 2047 3907 lectissimus
2099 3848 2253 3905 filius
2297 3853 2497 3904 noster
2555 3846 2883 3904 Fridericus
2935 3849 3347 3907 Romanorum

1690 3940 1838 4011 imp.
1858 3943 2184 4009 Augustus.
2197 3933 2523 4008 imperialis
2543 3934 2722 3993 edicti
2736 3934 2941 4005 vigore
2956 3934 3344 3994 vobisindul-

1692 4029 1766 4084 sit
1783 4033 1838 4084 et
1861 4026 2169 4101 privilegio
2196 4023 2595 4091 confirmavit,
2615 4029 2673 4080 et
2695 4040 2809 4080 nos
2824 4025 3176 4082 auctoritate
3193 4041 3345 4098 apo-

1690 4117 1896 4175 stolica
1923 4115 2378 4172 confirmamus.
2412 4117 2474 4170 ln
2504 4113 2951 4187 parochialibus
2981 4129 3121 4171 vero
3149 4115 3343 4173 eccle-

1690 4206 1812 4273 siis,
1841 4206 1966 4261 sive
1991 4203 2258 4276 capellis,
2297 4219 2454 4276 quas
2482 4203 2715 4270 tenetis,
2744 4203 2920 4259 liceat
2948 4204 3115 4260 vobis
3144 4220 3340 4262 sacer·

1689 4295 1858 4352 dotes
1872 4293 2089 4366 eligere
2115 4299 2170 4349 et
2188 4293 2475 4365 episcopo
2493 4297 2874 4364 prasentare,
2896 4292 3118 4366 quibus
3133 4294 3184 4350 si
3201 4293 3340 4353 ido-

1690 4383 2031 4447 neit'uerint,
2046 4382 2365 4455 episcopus
2381 4382 2721 4439 animarum
2746 4397 2959 4440 curam
2980 4383 3336 4451 committat,

137 4464 185 4519 =ii
226 4467 410 4521 nostri
449 4481 562 4522 nos
603 4468 890 4527 admonet
926 4473 985 4526 et
1015 4470 1224 4527 invitat
1246 4443 1579 4529 ³auctoritas
1613 4457 1657 4513 D
1690 4477 1754 4529 ut
1779 4472 1854 4529 de
1900 4471 2093 4546 plebis
2120 4487 2262 4528 cura
2309 4471 2555 4543 quidem
2594 4471 2898 4544 episcopo,
2925 4471 3097 4527 vobis
3135 4478 3339 4531 autem

137 4553 467 4612 clesiarum
489 4561 645 4613 statu
670 4563 964 4628 satagere,
989 4564 1270 4617 eteorum
1289 4560 1478 4634 quieti
1506 4577 1579 4619 ac

137 4641 336 4700 tillitati
362 4644 700 4716 salubriter,
730 4647 1051 4705 auxiliante
1085 4649 1356 4718 Domino,
1389 4651 1578 4721 provi·

137 4731 359 4803 tignum
377 4748 643 4806 namque
663 4740 720 4791 et
741 4736 1036 4793 honestati
1058 4737 1426 4794 conveniens
1447 4753 1577 4795 esse

141 4822 311 4889 citur,
360 4828 422 4879 ut
462 4822 567 4894 qui
610 4824 686 4879 ad
736 4840 943 4882 earum
983 4828 1272 4896 regimen,
1321 4828 1573 4884 Domino

140 4917 293 4976 ente,
324 4913 620 4983 assumpti
648 4928 883 4980 sumus,
911 4930 1016 4972 eas
1045 4931 1081 4972 a
1111 4931 1438 4988 pravorum
1467 4916 1572 4973 ho-

137 5015 152 5055 ι
176 4999 457 5073 nequitiis
473 5008 765 5067 tueamur,
789 5007 847 5058 et
879 5005 936 5058 Β.
962 5005 1110 5061 Petri
1133 5009 1313 5077 atque
1335 5012 1570 5078 aposto-

137 5088 237 5144 =dis
267 5090 594 5161 patrocinio
634 5092 1000 5148 muniamus.
1041 5092 1436 5167 Quapropter,
1472 5092 1567 5151 di-

1686 4561 1762 4618 de
1790 4559 2222 4633 temporalibus
2250 4558 2909 4629 debeantrespondere.

1757 4653 2043 4707 Praeterea
2069 4648 2401 4722 apostolica
2437 4648 2786 4705 auctoritate
2825 4649 3142 4704 statuimus
3179 4653 3244 4705 ut
3268 4648 3334 4706 in

1687 4740 2061 4797 monasteriis
2100 4736 2454 4795 monialium
2487 4754 2622 4812 quas
2644 4743 2839 4794 vestro
2866 4737 3144 4808 regimini
3163 4753 3331 4795 com·

1682 4832 1872 4887 missa
1883 4832 2238 4893 noscuntur,
2255 4826 2681 4883 decedentibus
2692 4826 3038 4893 abbatissis,
3051 4826 3169 4883 alia
3191 4842 3334 4884 cum

1682 4917 1931 4974 consilio
1959 4922 2016 4973 et
2044 4931 2295 4972 assensu
2321 4914 2559 4972 abbatis
2588 4920 2644 4971 et
2672 4914 2944 4982 fratrum,
2971 4915 3077 4987 qui
3103 4915 3191 4971 eis
3218 4931 3330 4973 ne·

1680 5007 1942 5064 cessaria
1959 5004 2291 5074 provident,
2309 5005 2711 5061 communiter
2729 5021 2765 5061 a
2782 5003 3091 5060 sororibus
3104 5002 3330 5075 eligan-

1678 5101 1790 5163 tur,
1821 5101 1927 5152 aut
1960 5093 2157 5152 electis
2194 5091 2491 5150 celebrata
2518 5092 2723 5150 abbati
2750 5096 3232 5163 reproesentetur,
3264 5099 3329 5153 ut

137 5193 151 5231 ι
181 5179 437 5235 Domino
464 5178 588 5247 filii,
629 5180 984 5238 venerabilis
1015 5181 1209 5239 fratris
1241 5182 1425 5239 nostri
1467 5181 1567 5239 Al-
1675 5200 1785 5241 suo
1809 5197 2066 5240 assensu
2097 5187 2153 5238 et
2179 5181 2379 5239 favore
2405 5181 2690 5254 episcopi,
2719 5182 2779 5237 in
2802 5196 3066 5254 quorum
3093 5182 3344 5253 episco-³

136 5266 527 5340 rchiepiscopi
547 5269 752 5336 vestri,
774 5284 846 5326 ac
873 5270 1084 5327 vestris
1100 5268 1278 5342 justis
1304 5270 1567 5342 postula·

1675 5271 1914 5345 patibus
1932 5274 2307 5345 permanent,
2320 5269 2708 5343 postmodum
2733 5268 2951 5327 debeat
2971 5271 3322 5342 praesentari

137 5370 174 5410 .s
201 5353 523 5414 clementer
546 5357 895 5425 annuimus,
926 5362 985 5416 et
1011 5357 1329 5431 praet'atum
1354 5374 1566 5418 mona-
1672 5359 2113 5426 confirmanda,
2143 5358 2239 5416 vel
2261 5356 2684 5432 improbanda.
2717 5358 2873 5417 Sane
2894 5358 2946 5415 si
2975 5358 3224 5418 consilio
3260 5364 3328 5421 et.

137 5518 275 5580 Vide
310 5521 677 5597 Patr-olom]-
703 5524 853 5586 tom.
873 5526 980 5586 CC.

3311 5769 3468 5969 s
