3784 6000
173 247 301 311 «tw

1068 254 1272 316 msT.
1318 254 1604 318 RERUM
1645 253 2184 319 TRANSMARIN.
2237 292 2310 304 —-
2351 258 2503 323 Lm.
2546 259 2706 324 v111.

3475 266 3594 331 tte

176 399 453 456 promum
504 385 628 455 iam
682 386 1034 444 devenerant
1091 387 1385 445 defectum
1442 388 1524 445 ita
1575 386 1832 460 utmagis
1859 389 1920 455 Α
1951 391 2014 444 ut
2069 390 2166 463 qui
2199 392 2702 464 subsequebantur
2743 396 3001 468 praa-licti
3058 399 3175 455 duo
3206 398 3429 457 nobiles
3462 399 3592 469 viri,

178 473 327 528 mori
358 478 629 544 optarent
644 475 734 531 ··in
784 475 1055 545 Domino,
1085 494 1259 548 quam
1283 477 1457 533 vitam
1492 477 1833 534 continuare

180 563 565 633 temporalem
593 580 610 632 3
640 564 757 621 vita
784 566 941 623 enim
962 583 1161 623 eorum
1196 566 1549 623 miserabilis
1582 567 1830 622 nimium

179 652 448 709 distabat
467 670 499 709 a
514 662 865 724 morte,cum
890 671 994 711 nec
1013 658 1313 711 sumenda·
1332 657 1627 713 refectioni
1652 656 1830 711 semel

179 742 239 797 in
274 743 371 799 die
402 754 634 816 tempus
666 745 1085 817 indulgeretur,
1120 762 1223 802 nec
1264 745 1457 817 sopori
1509 746 1832 802 necessario

178 831 267 889 vel
302 834 377 890 ad
416 832 709 890 modicum
737 836 971 908 requies
992 839 1406 907 praestamtur3
1437 834 1722 909 quidquid
1752 834 1835 892 si-

179 921 357 978 nistri
390 923 721 994 accedebat,
757 923 810 979 id
846 923 959 980 illis
1010 924 1409 996 imputabatur
1444 929 1633 982 totum
1666 942 1682 982 ε
1718 942 1832 983 non

177 1015 311 1069 erat
340 1010 459 1067 illis
490 1028 524 1068 a
554 1014 803 1086 propriis
854 1014 1156 1086 penatibus
1187 1015 1243 1071 in
1290 1014 1588 1086 publicum
1620 1015 1832 1085 exitus,

177 1106 285 1158 aut
314 1101 591 1159 introitus
614 1102 675 1159 in
727 1102 982 1176 propria,
1015 1121 1050 1160 a
1097 1104 1429 1175 suscipione
1469 1104 1630 1169 liber,
1691 1121 1834 1177 quo·

178 1190 465 1248 rumlibet
493 1191 769 1265 patebant
799 1191 1110 1250 calumniis
1141 1197 1196 1250 et
1215 1193 1454 1251 cuilibet
1488 1195 1732 1251 dabatur
1761 1195 1834 1251 ad

178 1296 392 1337 eorum
427 1281 855 1338 accusationem
885 1280 1069 1338 locus.

828 1388 1061 1445 CAPUT
1103 1389 1192 1446 IX.

178 1494 386 1551 Classis
441 1496 797 1553 Ianuensium
868 1496 1013 1566 apud
1060 1497 1265 1567 Joppen
1335 1497 1581 1567 applicat
1605 1513 1629 1560 ,-

251 1573 444 1622 centur
468 1565 535 1623 de
588 1569 858 1628 exercitu,
890 1569 989 1640 qui
1023 1583 1113 1624 eos
1155 1567 1225 1622 ad
1282 1567 1626 1625 obsidionem
1656 1569 1833 1626 dedu-

250 1648 393 1693 cant
422 1656 446 1702 ‚⁰
470 1641 762 1710 patiuntur
789 1641 849 1695 in
877 1640 1098 1707 itinere,
1130 1638 1229 1711 qui
1265 1642 1418 1696 missi
1451 1643 1698 1712 fuerant,
1731 1642 1832 1700 lto·

252 1711 428 1766 stium
459 1711 712 1767 iusidias.

1703 1500 1837 1554 mit-

258 1820 489 1874 lnterea
517 1819 649 1875 dum
697 1819 820 1876 haec
866 1819 1017 1875 circa
1057 1818 1516 1892 Hierosolymam
1556 1821 1618 1877 in
1677 1822 1836 1879 obsi-

176 1905 361 1963 dione
390 1910 692 1978 geruntur,
726 1908 911 1964 adt'uit
961 1907 1204 1963 nuntius
1238 1908 1332 1979 qui
1367 1926 1538 1966 naves
1577 1910 1840 1967 Januen-

176 1996 338 2052 sium
362 1997 422 2053 in
446 2002 617 2070 portu
637 1997 915 2070 Joppensi
929 1998 1283 2070 applicuisse
1302 1998 1617 2070 nuntiaret,
1635 2005 1838 2073 petens

178 2102 219 2142 a
248 2086 638 2159 principibus,
662 2091 728 2144 ut
755 2088 827 2144 de
857 2090 1108 2143 exercitu
1135 2088 1329 2160 aliqua
1353 2088 1702 2161 dirigeretur
1733 2092 1840 2146 mi·

181 2165 339 2243 litia,
370 2176 537 2248 cujus
566 2177 777 2233 ducatu
810 2180 869 2232 et
892 2175 1112 2232 viribus
1144 2175 1204 2243 ii,
1228 2178 1329 2248 qui
1362 2177 1729 2249 appulerant,
1765 2182 1837 2237 ad

184 2266 397 2322 urbem
432 2268 670 2336 possent
711 2266 1000 2322 accedere.
1036 2265 1140 2321 Est
1182 2270 1373 2321 autem
1416 2266 1602 2340 Joppe
1630 2268 1838 2326 civitas

184 2355 509 2425 maritima,
540 2359 599 2412 et
628 2372 741 2428 qua
768 2354 1004 2412 Solinus
1029 2355 1090 2411 in
1122 2371 1311 2413 xxxix.
1346 2359 1431 2411 De
1458 2360 1842 2415 neemorabili-

184 2443 291 2500 bus
348 2445 545 2501 mundi
568 2445 849 2518 capitulo,
899 2445 987 2502 sic
1026 2446 1106 2502 ait
1139 2463 1152 2502 ε
1182 2447 1349 2519 Joppe
1401 2447 1659 2519 oppidum
1688 2451 1844 2506 anti-

186 2533 525 2606 quissimum
560 2537 688 2592 orbe
716 2539 845 2603 toto,
875 2542 1060 2607 utpote
1104 2541 1235 2592 ante
1292 2542 1567 2593 terrarum
1596 2537 1841 2596 inunda-

190 2624 402 2679 tionem
439 2624 731 2681 conditum.
766 2624 825 2681 111
873 2624 1132 2697 oppidum
1176 2642 1377 2681 saxum
1405 2631 1666 2697 ostentat,
1698 2629 1843 2700 quod

190 2715 548 2772 vinculorum
577 2716 941 2773 Andromedae
966 2716 1195 2786 vestiqia
1226 2717 1406 2773 adhuc
1434 2720 1654 2786 retinet,
1677 2736 1844 2792 quam

187 2806 501 2877 expositam
565 2804 764 2862 bellue
819 2822 926 2863 uon
978 2807 1178 2862 irritus
1233 2823 1424 2863 rumor
1474 2810 1840 2868 circumtulit.

186 2896 418 2969 Quippe
444 2912 570 2954 ossa
596 2898 834 2954 monstri
861 2898 1014 2953 illias
1050 2897 1117 2954 Μ.
1151 2897 1389 2954 Scaurus
1408 2898 1554 2955 inter
1581 2900 1698 2956 alia
1727 2902 1843 2957 mi-

184 2986 413 3058 racula,
445 2989 503 3044 in
532 2987 801 3046 aedilitate
842 3004 940 3045 sua
972 2988 1151 3045 Romae
1185 2988 1504 3061 publicavit.
1531 2989 1840 3049 Annalibus

181 3086 323 3134 nota
353 3093 438 3135 res
464 3081 563 3135 est.
595 3077 856 3135 Mensurae
901 3093 1110 3150 quoque
1141 3079 1423 3135 veracibus
1472 3080 1627 3136 libris
1662 3080 1836 3137 conti-

1864 1766 1913 1833 B

1941 493 2075 534 cum
2110 483 2267 537 omni
2301 482 2591 541 celeritate
2621 487 2907 556 adessent,
2946 492 3004 544 et
3050 492 3360 562 antequam
3390 506 3591 546 eorum

1943 567 2352 627 dissolveretur
2398 588 2762 646 congressus,
2796 577 3059 646 predicto
3090 594 3149 636 se
3192 578 3477 637 inferrent
3505 596 3595 637 ne·

1943 658 2140 729 getio;
2177 662 2332 717 unde
2362 661 2576 721 factum
2606 669 2694 720 est
2717 673 2795 733 ut,
2816 667 3145 737 conjunctis
3176 670 3391 726 nostris
3419 670 3597 727 adin·

1943 748 2149 814 vicem,
2185 751 2435 807 adsuerit
2463 753 2649 810 virtus
2682 755 2904 824 divina,
2933 762 2988 813 et
3018 758 3284 816 hostibus
3313 759 3596 817 iusisten-

1942 841 2050 905 tes,
2085 841 2251 896 cresis
2283 858 2350 897 ex
2397 858 2594 898 eorum
2629 861 2874 902 numero
2923 847 3217 919 ducentis,
3249 849 3506 924 reliquos
3533 848 3595 907 in

1944 926 2138 999 lugam
2169 927 2508 1001 adegerunt.
2539 931 2888 990 Ceciderunt
2909 940 3100 993 tamen
3134 936 3190 993 in
3223 954 3288 994 eo
3319 938 3591 996 conflictu

1941 1014 2050 1069 viri
2082 1017 2307 1074 nobile-s
2367 1018 2718 1078 Gillebertus
2748 1023 2819 1079 de
2873 1024 3053 1082 Treva
3110 1034 3164 1083 et
3219 1026 3496 1083 Aicardus
3525 1029 3594 1084 de

1943 1103 2311 1176 Montmerla,
2345 1124 2596 1180 quorum
2628 1126 2824 1181 casus,
2858 1118 3170 1187 postquam
3204 1115 3451 1172 innotuit
3484 1132 3596 1173 no-

1943 1195 2082 1251 stris
2110 1196 2594 1268 expeditionibus.
2619 1216 2734 1257 non
2769 1202 3114 1259 mediocrem
3148 1204 3341 1261 intulit
3372 1204 3594 1261 moesti·

1941 1284 2107 1341 tiam.
2140 1284 2332 1343 Nostri
2363 1303 2494 1344 vero
2544 1288 2740 1361 palma
2788 1290 2899 1346 sibi
2958 1307 3235 1349 concessa
3290 1292 3592 1363 divinitus,

1942 1373 2189 1446 Joppen,
2201 1375 2373 1446 juxta
2402 1393 2603 1434 eorum
2630 1378 3417 1452 propositum,pervenerunt
3436 1381 3593 1439 inco·

1945 1461 2134 1519 lumes
2156 1480 2168 1518 :
2189 1463 2289 1519 ubi
2321 1483 2352 1520 a
2384 1466 2675 1539 praedictis
2709 1468 2900 1525 nautis
2931 1484 3065 1526 cum
3091 1469 3311 1542 ingenti
3335 1471 3594 1543 suscepti

1943 1550 2164 1621 laetitia,
2189 1558 2391 1610 mutua
2417 1554 2699 1612 charitate
2728 1564 2780 1613 et
2810 1558 2994 1630 gratis
3025 1558 3592 1617 confabulationibus

1944 1642 2182 1697 recreati
2215 1646 2352 1698 sunt
2381 1644 2450 1699 ad
2485 1644 2742 1701 invicem.
2781 1647 3046 1719 Dumque
3079 1647 3160 1703 ibi
3193 1635 3594 1705 moram'i'acc-

1943 1734 2072 1786 rent
2101 1729 2381 1802 aliquam,
2408 1749 2713 1805 quousque
2744 1734 2828 1791 illl
2851 1735 2949 1808 qui
2983 1736 3041 1791 in
3066 1737 3310 1794 navibus
3341 1738 3590 1794 advene·

1948 1828 2101 1883 rant,
2133 1819 2391 1877 sarcinas
2439 1822 2905 1893 composuissent
2943 1827 3000 1879 et
3049 1841 3108 1881 se
3161 1829 3457 1896 aptassent
3521 1824 3590 1880 ad

1949 1907 2076 1977 iter,
2111 1909 2304 1965 subito
2334 1914 2389 1965 et
2446 1911 2517 1966 de
2547 1920 2733 1979 nocte,
2765 1912 3160 1985 AEgyptiorum
3208 1912 3436 1980 classis,
3467 1928 3596 1984 qun

1949 1999 2103 2068 apud
2137 1997 2482 2055 Ascalonem
2514 1999 2913 2069 delitescebat,
2959 2002 3202 2057 nocendi
3233 2001 3422 2058 locum
3455 2016 3594 2074 ope-

1950 2087 2292 2156 riens,’circa
2308 2089 2569 2146 eamdem
2596 2089 2798 2145 urbem
2816 2089 3001 2146 adfuit
3022 2091 3203 2162 :quod
3227 2092 3595 2148 cumnostris

1950 2181 2309 2248 compertum
2360 2182 2469 2245 est,
2501 2178 2573 2235 ad
2617 2195 2774 2235 mare
2815 2179 3175 2249 accedentes,
3210 2196 3385 2237 naves
3431 2182 3595 2252 prius

1953 2267 2313 2320 tentaverunt
2337 2264 2408 2320 ab
2439 2264 2700 2322 hostium
2733 2265 2961 2322 insidiis
2993 2270 3323 2339 protegere3
3356 2268 3481 2336 sed,
3505 2284 3599 2325 co-

1952 2360 2297 2423 gnoscentes
2313 2355 2679 2426 postmodum
2698 2356 2851 2426 quod
2875 2370 3077 2411 eorum
3101 2355 3464 2414 multitudini
3482 2373 3596 2415 non

1951 2440 2207 2498 valerent
2236 2443 2531 2515 resistere,
2560 2444 2812 2517 sumptis
2832 2445 2975 2501 velis
2991 2449 3050 2500 et
3079 2445 3319 2502 funibus
3344 2448 3403 2502 et
3432 2454 3596 2504 ciete·

1955 2532 2036 2589 ris
2066 2548 2265 2590 earum
2287 2534 2682 2600 armamentis,
2709 2536 2767 2589 et
2792 2549 2923 2589 cum
2947 2533 3106 2590 omni
3128 2533 3473 2606 supellectili
3489 2551 3598 2592 sua

1951 2622 2189 2694 egressi,
2219 2622 2280 2677 in
2312 2622 2646 2694 presidium
2677 2621 2787 2678 loci
2819 2637 2881 2679 se
2910 2622 3302 2680 contulerunt.
3336 2623 3462 2681 Una
3492 2640 3593 2680 au-

1951 2716 2069 2768 tem
2098 2728 2166 2767 ex
2211 2710 2318 2779 eis,
2349 2728 2474 2783 quie
2532 2712 2851 2784 praedatum
2907 2711 3145 2780 abierat,
3191 2713 3333 2770 dum
3382 2718 3597 2771 onusta

1952 2801 2154 2875 spoliis
2175 2802 2446 2858 inlocum
2470 2801 2681 2858 rediret
2701 2801 2997 2869 eumdem,
3022 2809 3437 2875 cognoscentes
3458 2804 3597 2876 quia

1950 2888 2157 2946 classis
2180 2888 2434 2946 bostium
2457 2892 2688 2961 portum
2710 2889 3060 2960 Joppensem
3087 2893 3482 2960 occupaverat,
3499 2890 3598 2948 fla-

1952 2976 2112 3033 tibus
2134 2980 2261 3034 acta
2278 2976 2571 3051 prosperis
2594 2976 2915 3034 Laodiciam
2938 2978 3215 3050 pervenit.
3240 2978 3378 3035 Erat
3393 2981 3590 3036 autem

1948 3067 1980 3123 J
1987 3083 2134 3140 eppe
2158 3083 2256 3138 per
2276 3067 2430 3124 idem
2451 3070 2682 3138 tempus
2702 3083 2864 3124 versa
2882 3068 2941 3123 in
2963 3067 3340 3125 solitudinem
3353 3071 3411 3124 et
3427 3068 3592 3124 habi-

180 3171 414 3237 ΜΨ,
444 3167 669 3232 wilica,
718 3166 859 3239 βοά
909 3176 1185 3223 costarum
1224 3167 1507 3238 1on952m10
1548 3173 1837 3227 excusem-2
1868 3142 1912 3208 C
1951 3155 2239 3214 tatoribus
2266 3173 2483 3226 vacua3
2515 3157 2644 3228 ejus
2687 3156 2843 3214 enim
2877 3156 3028 3214 cives
3059 3157 3285 3215 modico
3315 3161 3450 3215 ante
3479 3173 3590 3215 no—

178 3259 351 3330 pedes
368 3257 760 3328 quadraginta,
775 3256 1089 3313 sublimitas
1108 3263 1295 3314 autem
1312 3259 1618 3331 elephantis
1636 3259 1838 3318 indicis

178 3347 521 3405 eminentior
546 3344 725 3416 fuerit
751 3362 773 3411 ,·
798 3361 960 3418 porro
990 3345 1252 3403 verticuli
1268 3350 1439 3420 spinae
1466 3351 1667 3422 ipsius,
1697 3350 1839 3408 lali-

177 3436 381 3495 iudine
408 3436 735 3509 semipedem
761 3442 894 3493 sunt
922 3438 1284 3511 superyressi.
1318 3438 1377 3495 Id
1411 3441 1606 3512 ipsum
1638 3446 1694 3497 et
1716 3443 1842 3499 Hie·

178 3543 475 3601 rouymus
503 3528 563 3584 in
592 3525 888 3600 epitaphio
941 3532 1153 3584 sanctas
1203 3528 1393 3585 Paulae
1449 3533 1695 3586 testatur
1751 3530 1844 3587 his

179 3615 423 3675 verbis:
458 3616 607 3674 Vidit
633 3626 685 3672 et
729 3618 962 3688 Joppen,
1001 3617 1249 3688 sapienti
1275 3621 1520 3689 sportum
1548 3620 1738 3686 Jonae,·
1767 3629 1841 3690 el,

178 3717 246 3765 ut
274 3707 490 3780 aliquid
515 3709 891 3779 perstrinqam
919 3711 985 3763 de
1011 3707 1218 3777 stabulis
1256 3713 1565 3780 poetarum,
1599 3711 1842 3782 reliyaioe

178 3799 255 3855 ad
280 3814 488 3855 saxum
533 3796 890 3853 Andromedae
919 3800 1326 3869 spectatricem.
1359 3798 1584 3855 Accidit
1643 3805 1839 3858 autem

182 3894 269 3954 ut,
284 3886 461 3958 juxta
480 3902 683 3943 eorum
708 3885 1182 3958 postulationem,
1206 3885 1277 3942 de
1308 3888 1611 3944 communi
1640 3890 1840 3946 consi—

178 3976 287 4044 lio,
312 3975 589 4032 dominus
619 3992 812 4033 comes
837 3975 1182 4041 Tolosanus,
1206 3974 1304 4047 qui
1337 3977 1560 4033 caeteris
1589 3977 1841 4050 amplius

178 4064 547 4135 abundabat,
569 4066 880 4138 quemdam
912 4064 1165 4121 nobilem
1197 4065 1267 4120 de
1297 4082 1402 4122 suo
1426 4068 1726 4137 comitatu,
1746 4069 1840 4125 cui

180 4171 405 4215 nomen
432 4155 839 4224 Galdemarus,
875 4162 1257 4225 cognomento
1287 4154 1836 4229 Carpinnelle,cum

179 4241 431 4317 triginta
458 4242 755 4315 equitibus
783 4246 842 4299 et
889 4242 1183 4314 peditibus
1235 4243 1655 4316 quinquaginta
1700 4245 1839 4302 illuc

182 4332 467 4405 dirigeret
497 4349 514 4402 3
563 4331 688 4403 qui,
744 4337 1049 4403 postquam
1102 4330 1336 4402 proiecti
1385 4336 1545 4400 sunt,
1577 4333 1840 4392 videntes

182 4421 488 4496 principes
537 4420 695 4494 quod
727 4421 829 4492 qui
879 4419 1038 4477 missi
1088 4428 1274 4493 erant,
1327 4423 1398 4478 ad
1433 4426 1658 4480 tantum
1690 4441 1840 4482 onus

1946 3254 2203 3306 strorum
2225 3249 2538 3306 adventum
2558 3252 2838 3320 tempore,
2855 3247 2925 3303 de
2945 3249 3070 3320 ejus
3090 3247 3416 3305 munimine
3435 3247 3591 3305 diffl-

1947 3340 2173 3409 dentes,
2237 3338 2426 3395 locum
2484 3338 2860 3395 deseruerant
2886 3354 2901 3407 3
2952 3337 3134 3394 nostri
3189 3354 3320 3395 vero
3350 3337 3585 3394 nonnisi

1950 3443 2137 3483 arcem
2169 3431 2396 3483 tantum
2427 3425 3079 3484 conservabant.Rebus
3113 3425 3287 3498 igitur
3306 3423 3588 3498 composi·

1948 3518 2028 3573 tis
2083 3518 2151 3573 ad
2183 3517 2296 3572 iter
2339 3515 2638 3581 succincti,
2673 3515 2884 3586 praevia
2931 3514 3139 3570 militia
3179 3531 3305 3586 quas
3353 3515 3424 3571 ad
3456 3529 3590 3570 cum

1951 3623 2125 3663 usum
2183 3607 2579 3671 descenderat,
2606 3609 2669 3660 nt
2707 3604 2831 3675 ejus
2878 3604 3153 3659 ducatum
3205 3603 3592 3675 impenderet,

1949 3711 2084 3753 cum
2126 3696 2284 3752 omni
2325 3692 2658 3750 substantia
2713 3707 2819 3748 sua
2861 3691 3314 3764 Hierosolymam
3355 3691 3594 3763 profecti

1952 3789 2129 3841 sunt:
2159 3784 2258 3840 ubi
2290 3800 2323 3838 a
2343 3781 2671 3854 legionibus
2691 3782 3007 3853 gaudenter
3021 3779 3261 3851 excepti,
3286 3779 3596 3836 maximam

1952 3874 2161 3932 castris
2209 3872 2666 3929 consolationem
2717 3870 3063 3927 attulerunt.
3094 3869 3273 3926 Erant
3301 3868 3455 3926 enim
3489 3868 3597 3926 viri

1955 3963 2265 4036 prudentes
2287 3965 2344 4018 et
2366 3965 2676 4017 nautarum
2701 3974 2858 4016 more
2878 3958 3293 4015 architectoriae
3316 3957 3598 4016 habentes

1954 4056 2106 4109 artes
2122 4051 2406 4124 peritiam,
2438 4049 2497 4105 in
2532 4048 2840 4117 caedendis,
2871 4046 3138 4104 dolandis
3168 4054 3223 4104 et
3253 4045 3598 4120 copulandis

1953 4142 2241 4208 trabibus,
2259 4139 2666 4213 erigendisque
2687 4137 2997 4206 machinis,
3017 4135 3463 4209 expeditissimi.
3477 4135 3596 4192 Sed

1953 4236 2010 4288 et
2039 4231 2153 4289 alia
2185 4231 2389 4302 multa,
2421 4229 2513 4286 his
2545 4229 2644 4301 qui
2676 4227 2733 4284 ln
2784 4225 3153 4300 expeditione
3204 4228 3373 4283 erant
3403 4223 3596 4282 modis

1953 4321 2232 4378 omnibus
2271 4319 2591 4393 profutura,
2625 4332 2825 4375 secum
2858 4315 3176 4373 attulerant
3205 4316 3551 4387 argumenta
3580 4328 3595 4371 ε

1954 4415 2037 4472 ita
2066 4417 2130 4470 ut
2159 4412 2312 4486 quod
2344 4414 2479 4469 ante
2510 4425 2707 4467 eorum
2742 4406 3186 4472 adventum,vix
3208 4408 3265 4461 et
3294 4420 3429 4461 cum
3451 4401 3601 4460 diffi-

186 4527 313 4570 non
340 4510 695 4580 sufficerent,
725 4509 938 4567 iterum
989 4510 1261 4568 eumdem
1301 4511 1574 4569 comitem
1608 4529 1842 4586 rogave·
1873 4525 1923 4591 D
1954 4506 2172 4562 cultate
2224 4502 2566 4573 sperabatur
2620 4496 2846 4555 effectui
2896 4511 3067 4568 posse
3128 4493 3465 4566 mancipari,
3498 4506 3601 4565 per

184 4607 353 4671 runt,
381 4606 446 4659 ut
469 4598 613 4658 illuc
644 4599 917 4673 dirigeret
944 4600 1146 4673 plures
1172 4619 1189 4672 ;
1219 4600 1321 4673 qui
1350 4617 1552 4657 eorum
1600 4604 1836 4661 monitis
1953 4608 2157 4651 eorum
2189 4606 2426 4663 opernm
2462 4587 2628 4645 facile
2659 4583 3068 4657 compleretur·

183 4689 589 4765 acquiescens,
621 4689 776 4747 viros
819 4690 1081 4763 egregios
1110 4694 1166 4747 et
1204 4690 1484 4764 insignes,
1543 4690 1837 4765 Raymun·

181 4782 331 4839 dum
362 4779 521 4837 Pelet
548 4787 600 4837 et
629 4779 991 4836 willelmum
1023 4780 1094 4835 de
1122 4779 1366 4848 Sabran,
1389 4796 1521 4838 cum
1551 4783 1842 4855 quinqua·

184 4869 349 4942 ginta
377 4868 675 4942 equitibus
709 4872 838 4939 post
868 4884 988 4936 eos,
1020 4869 1118 4940 qui
1151 4868 1311 4941 prius
1338 4871 1553 4940 egressi
1588 4870 1842 4945 fuerant,

186 4958 403 5015 iterum
433 4958 505 5014 ad
552 4974 699 5030 opus
730 4957 1070 5030 praedictum
1125 4958 1460 5015 destinavit.
1493 4957 1840 5019 Galdemaro

184 5061 347 5117 vero,
378 5046 481 5119 qui
510 5046 675 5118 prius
705 5062 979 5119 egressus
1010 5045 1218 5114 luerat,
1254 5052 1562 5120 postquam
1586 5048 1643 5104 in
1678 5066 1838 5107 cam·

179 5135 429 5211 pestria,
462 5153 591 5210 quae
619 5135 777 5195 circa
825 5136 1066 5193 Liddam
1095 5140 1152 5194 et
1203 5136 1511 5194 Ramulam
1542 5143 1700 5202 sunt.
1736 5140 1837 5195 de·

184 5226 516 5295 scanderat,
544 5230 915 5284 occurrerent
936 5227 1190 5284 bostium
1214 5226 1467 5283 sexcenti
1489 5243 1503 5294 ;
1529 5226 1629 5299 qui
1656 5226 1714 5283 in
1737 5243 1839 5285 eos

182 5314 451 5385 protinus
480 5313 789 5384 irruentes,
821 5316 893 5375 de
923 5319 1051 5389 ejus
1091 5315 1386 5390 equitibus
1416 5316 1838 5375 interemerunt

180 5406 440 5477 quatuor
462 5406 616 5463 etde
646 5406 938 5479 peditibus
962 5407 1142 5464 multo
1176 5407 1370 5478 plures
1396 5423 1409 5471 ;
1444 5405 1702 5479 dumque
1732 5422 1834 5463 no-

179 5493 293 5552 stri
324 5508 678 5570 quocunque
720 5497 893 5553 modo
920 5496 1275 5564 resisterent,
1308 5499 1364 5552 et
1395 5511 1477 5562 se,
1502 5494 1637 5552 licet
1656 5496 1829 5569 pauci

176 5586 408 5654 emat,
438 5585 514 5643 ad
560 5583 903 5646 conflictum
931 5585 1307 5645 hortarentur
1350 5587 1578 5655 mutuo,
1622 5583 1837 5644 accidit

2608 4710 2838 4769 CAPUT
2875 4712 2950 4766 X.

1948 4811 2052 4880 Qui
2082 4810 2143 4865 in
2172 4806 2344 4863 classe
2370 4803 2735 4861 advenerant.
2771 4799 2840 4856 ad
2860 4797 3169 4854 exercitum
3196 4810 3254 4851 se
3280 4795 3594 4866 conserunt,

2018 4879 2153 4938 etin
2193 4875 2474 4948 eriyendis
2521 4871 2791 4929 machinis
2815 4870 3089 4943 plurimas
3137 4870 3402 4939 praestant
3443 4879 3596 4924 com-

2017 4950 2326 5007 moditates.
2367 4944 2745 5016 Pacificantur
2800 4940 2870 4997 acl
2925 4941 3158 4995 invicem
3211 4938 3503 4996 Tolosanus
3545 4940 3598 4994 et

2019 5020 2350 5078 Tancrectus.

2019 5131 2090 5186 At
2119 5144 2250 5185 vero
2272 5128 2373 5199 qui
2405 5122 2766 5195 expeditione
2787 5121 3210 5188 remanserant,
3242 5121 3429 5191 coepto
3459 5117 3602 5174 flde-

1947 5221 2081 5279 liter
2107 5219 2392 5276 instantes
2423 5216 2605 5288 operi,
2637 5217 2694 5272 et
2723 5214 2782 5269 in
2814 5212 3223 5286 erigendarum
3250 5209 3442 5266 studia
3472 5223 3601 5266 ma-

1946 5311 2255 5368 chinarum
2287 5325 2350 5364 se
2379 5310 2498 5363 tota
2525 5303 2824 5377 diligentia
2856 5301 3284 5370 continuantes,
3306 5297 3600 5371 opusJam

1945 5417 2014 5458 ex
2041 5403 2200 5473 parte
2228 5397 2485 5455 maxima
2525 5396 2885 5468 peregerant.
2923 5392 3051 5447 Dux
3079 5389 3232 5446 enim
3261 5391 3320 5444 et
3348 5387 3463 5445 duo
3491 5402 3589 5446 co-

1945 5490 2137 5560 mites,
2219 5487 2684 5546 Normannorum
2744 5481 3011 5540 videlicet
3071 5482 3128 5535 et
3192 5477 3593 5546 Flandrensis,

1942 5578 2258 5654 quemdam
2273 5576 2570 5652 egregium
2586 5578 2644 5634 et
2659 5571 3041 5648 magnificum
3057 5569 3273 5639 virum,
3289 5568 3599 5627 dominnm
