3784 6000
335 154 478 215 1359

314 351 452 409 ‘dias
468 351 802 421 confirmat.

856 419 1145 491 (Veronoe,
1179 418 1315 476 Jun.
1346 418 1460 492 13.)

532 527 815 602 [Histoire
835 527 919 583 du
949 525 1289 595 Βααρήίηέ,
1315 525 1361 594 1,
1391 528 1624 594 Preuv„
1658 527 1802 599 182]

401 638 600 695 Lucius
628 635 971 707 episcopus.
1001 648 1211 689 servus
1243 648 1552 690 servorum
1583 633 1707 701 Dei,
1733 648 1985 690 venera-

330 726 434 785 bili
483 725 643 783 t'ratri
688 722 1242 796 Gratianopolitano
1281 722 1586 795 episcope,
1630 722 1887 779 salutem
1925 727 1983 780 et

327 813 724 889 apostolicam
754 810 1251 868 benedictionem.

400 903 668 960 Relatum
684 906 772 958 est
800 900 976 957 nobis
990 915 1061 957 ex
1092 900 1578 974 partetua‚quod
1605 916 1743 956 cum
1758 899 1978 957 nobilis

323 992 416 1050 vir
443 993 565 1049 dux
598 991 953 1061 Burgundiae
982 994 1188 1045 contra
1212 996 1264 1045 te
1295 1005 1477 1063 super
1505 994 1659 1046 terra
1690 990 1764 1046 de
1795 989 1981 1046 Plana

326 1084 385 1140 'et
413 1080 780 1156 quibusdam
816 1077 1175 1135 molendinis
1193 1083 1248 1133 et
1264 1078 1471 1135 multis
1488 1078 1617 1136 aliis
1642 1084 1976 1136 controver-

326 1173 480 1229 siam
505 1169 872 1234 suscitasset,
903 1168 1054 1223 inter
1083 1182 1186 1223 vos
1206 1167 1448 1224 tandem
1487 1183 1667 1239 super
1691 1167 1977 1223 omnibus

319 1255 1545 1330 ‘amicabiliscompositiointercessit,quae
1571 1255 1855 1327 religione
1878 1256 1977 1327 ju-

325 1347 656 1421 risjurandi
696 1352 754 1402 et
794 1346 1014 1418 scripto
1045 1343 1287 1417 publico
1312 1345 1530 1401 dicitur
1565 1345 1869 1402 roborata.
1905 1347 1974 1402 Ut

326 1440 504 1511 igitur
524 1438 943 1493 inconcussam
964 1434 1183 1490 habeat
1200 1435 1591 1506 imposterum
1606 1434 1971 1533 firmitatem,

325 1528 602 1587 eamdem
620 1524 1146 1597 compositionem,
1175 1523 1415 1579 sicutde
1441 1539 1687 1579 assensu
1711 1528 1971 1594 partium

322 1594 483 1675 iacta
507 1619 595 1672 est
617 1621 673 1669 et
700 1618 960 1684 recepta,
1003 1616 1061 1667 et
1086 1611 1146 1667 in
1189 1613 1412 1684 scripto
1437 1612 1680 1685 publico
1711 1613 1973 1668 eontine—
2006 1654 2049 1710 Β

322 1710 438 1773 tur,
457 1703 806 1761 auctoritate
818 1698 1147 1773 apostolica
1160 1700 1615 1766 confirmamus,
1643 1707 1698 1757 et
1713 1717 1972 1773 prensen-

323 1796 398 1852 tis
427 1792 634 1866 scripti
661 1791 996 1865 patrocinio
1026 1790 1494 1846 communimus,

390 1878 1975 1951 Nulliergoomninohominumliceathancnostroecon-

316 1972 670 2029 firmationis
683 1968 970 2043 paginam
985 1967 1302 2039 infringere
1315 1967 1479 2025 autei
1495 1984 1640 2025 ausu
1655 1967 1973 2025 temerario

318 2061 632 2119 contraire.
649 2060 703 2116 Si
715 2058 851 2132 quis
862 2062 1063 2114 autem
1075 2057 1189 2114 hoc
1202 2061 1491 2141 attentare
1505 2057 1967 2130 praesumpserit.

316 2150 793 2221 indignationem
821 2146 1246 2219 omnipotentis
1279 2147 1376 2202 Dei
1403 2153 1461 2204 et
1481 2147 1797 2204 beatorum
1819 2145 1968 2203 Petri

318 2245 375 2297 et
403 2238 569 2296 Pauli
595 2235 1003 2309 apostolorum
1034 2235 1164 2306 ejus
1203 2251 1264 2290 se
1293 2236 1522 2292 noverit
1551 2235 1958 2292 incursurum.

389 2331 602 2386 Datum
633 2327 899 2390 Veronoe,
930 2322 1067 2379 Idus
1088 2323 1272 2380 lunii.

994 2468 1303 2525 ccxxxiv.

319 2593 821 2654 Hebdomadariis
831 2592 1113 2650 Ecclesiae
1123 2591 1492 2663 Spinalensis
1513 2592 1783 2650 redditus
1793 2607 1966 2664 quos·

942 2665 1082 2721 dam
1113 2664 1346 2721 asserit.

834 2791 1123 2861 (veronae,
1154 2787 1295 2843 Jun.
1340 2788 1447 2859 ¹8.)

386 2918 476 2991 [D.
508 2916 752 2980 Cabur,
771 2911 1034 2970 Histoire
1052 2913 1126 2970 de
1152 2913 1541 3074 lgLfrmme’
1564 2913 1626 2976 11.
1652 2911 1888 2978 Preuv.‚

973 3018 1112 3076 pag.
1141 3007 1172 3059 3
1210 3004 1268 3059 9.

382 3133 581 3189 Lucius
611 3130 950 3202 episcopus.
983 3143 1191 3184 servus
1234 3141 1541 3184 servorum
1582 3126 1704 3194 Dei,
1731 3127 1959 3184 dilectis

308 3220 444 3278 filiis
485 3222 788 3285 Srsruauo,
825 3218 1108 3283 Batnae,
1143 3218 1433 3280 Douuuco,
1463 3218 1699 3284 Gaamo,
1726 3214 1959 3274 hebdo-

307 3308 596 3367 madariis
642 3304 1009 3379 spinalensis
1040 3303 1333 3371 Ecclesiae,
1357 3303 1612 3362 salutem
1638 3309 1696 3360 et
1714 3310 1956 3375 aposto·

304 3396 487 3456 licam
516 3394 1017 3452 benedictionem.

373 3486 556 3543 Justis
576 3484 906 3558 petentium
932 3482 1241 3539 desideriis
1274 3482 1525 3555 dignum
1556 3488 1645 3539 est
1669 3498 1782 3539 nos
1808 3481 1950 3540 faci·

305 3575 424 3633 lem
466 3576 734 3648 praebere
764 3588 1150 3638 consensum,
1190 3579 1247 3627 et
1286 3578 1423 3629 vota
1461 3588 1598 3645 quoe
1638 3589 1674 3628 a
1702 3571 1954 3629 rationis

307 3666 542 3723 tramite
567 3678 685 3719 non
718 3660 1085 3728 discordant,
1118 3659 1329 3716 effectu
1371 3666 1769 3732 prosequente
1792 3678 1955 3719 com-

305 3755 488 3827 plere.
523 3754 915 3823 Quapropter,
955 3748 1151 3805 dilecti
1183 3748 1241 3804 in
1284 3748 1539 3805 Domino
1569 3750 1693 3819 filii,
1744 3752 1953 3807 vestris

305 3842 476 3915 justis
507 3838 1011 3914 postulationibus
1034 3845 1206 3907 grato
1237 3845 1657 3894 concurrentes
1677 3855 1949 3907 assensu,

301 3930 571 3989 redditus
614 3928 692 3986 ad
737 3927 1228 3985 sustentationem
1271 3932 1530 3983 vestram
1576 3943 1613 3983 a
1641 3927 1860 3985 dilecta
1889 3928 1949 3984 in

303 4020 531 4077 Christo
562 4018 682 4074 filia
714 4021 918 4073 nostra
947 4015 1255 4072 abbatissa
1282 4015 1617 4088 Spinalensi
1657 4017 1826 4074 vobis
1854 4034 1949 4074 ca-

300 4110 515 4166 nonice
545 4113 601 4163 et
651 4108 877 4179 integre
907 4104 1263 4178 assignatos,
1304 4110 1362 4160 et
1391 4119 1428 4160 a
1473 4104 1645 4161 Petro
1694 4105 1949 4164 Tullensi

301 4198 588 4270 episeopo
600 4195 1007 4262 confirmatos,
1021 4194 1288 4249 sicuteos
1305 4193 1462 4264 juste
1474 4193 1789 4266 etpacifice
1815 4210 1949 4268 pos·

294 4284 524 4348 sidetis,
545 4285 678 4340 etin
704 4283 936 4355 scriptis
965 4282 1141 4338 bonae
1163 4282 1462 4339 memoriae
1490 4282 1800 4354 quondam
1830 4286 1949 4342 Ste-

1997 3013 2039 3069 C

1522 228 1533 239 ·
1778 150 1973 210 LUCII
2004 142 2082 210 m
2120 151 2326 213 PAPAE

331 280 677 354 politanum
693 275 1023 350 episcopm
1043 280 1100 333 et
1114 273 1475 349 [Huqonem]
1488 276 1692 334 ducem
1707 278 1991 350 Burgun-
2020 280 2068 334 Α

3614 172 3749 231 1³60

2256 370 2647 446 Privileqium
2678 391 2791 447 pro
2815 381 3193 450 parthenone
3218 381 3587 454 Spinalensi.

2616 465 2908 538 (veronae,
2938 470 3076 527 Jun.
3106 473 3221 544 19.)

2825 557 3024 631 [leid]

2161 635 2365 697 Lucius
2421 642 2766 717 episcopus,
2827 661 3037 704 servus
3085 665 3397 710 servorum
3426 652 3557 719 Dei.
3593 653 3752 713 dile·

2091 724 2199 781 ctis
2222 726 2282 782 in
2323 728 2552 787 Christo
2586 732 2826 791 filiabus
2856 737 3112 794 Siarum
3149 740 3467 799 abbatisam
3502 747 3565 801 et
3596 759 3748 801 con-

2090 813 2294 871 ventui
2322 817 2677 888 Spinalensi,
2707 822 2962 880 salutem
2982 831 3040 882 et
3069 827 3461 899 apostolicam
3495 829 3749 890 benedi-

2088 903 2363 960 ctionem.

2160 990 2239 1048 Ea
2262 1008 2400 1065 quae
2420 995 2495 1052 ad
2523 996 2705 1073 divini
2733 999 2925 1056 cultus
2944 1002 3390 1063 observantiam
3418 1009 3742 1081 pertinent.

2086 1079 2161 1136 de
2177 1083 2524 1151 pontificum
2540 1087 2819 1145 rationali
2834 1090 3210 1162 providentia
3223 1098 3741 1168 constituta,nulla

2085 1167 2307 1226 debent
2337 1178 2804 1248 praesumptione
2837 1183 3075 1250 mutari,
3105 1188 3164 1239 et
3211 1191 3274 1241 ut
3313 1186 3615 1259 majorem
3641 1189 3741 1246 ha-

2083 1258 2267 1315 beant
2281 1261 2642 1332 firmitatem,
2663 1267 2992 1337 apostolico
3010 1277 3152 1329 sunt
3169 1275 3508 1333 munimine
3526 1279 3739 1336 confir·

2085 1349 2331 1407 manda.
2365 1352 2741 1426 Quapropter
2782 1359 2993 1414 vestris
3015 1361 3193 1432 justis
3223 1365 3736 1436 postulationibus

2084 1447 2442 1507 annuentes,
2474 1444 2957 1503 constitutionem
3001 1465 3187 1522 quam
3213 1452 3392 1511 bonae
3424 1458 3734 1514 memorio

2086 1528 2426 1600 Stephanus
2464 1533 2732 1589 metensis
2778 1536 3099 1610 episcopus
3148 1539 3359 1599 fecisse
3387 1543 3633 1612 dicitur,
3681 1551 3735 1604 et

2082 1618 2298 1690 scripto
2320 1621 2561 1692 proprio
2581 1622 2990 1691 confirmasse,
3019 1628 3293 1687 videlicet
3320 1634 3465 1689 utin
3482 1634 3733 1693 ccclesia

2082 1713 2276 1764 vestra
2302 1714 2563 1781 quatuor
2602 1710 3060 1772 hebdomadarii
3119 1724 3367 1778 maturae
3416 1725 3638 1795 oetatis,
3680 1731 3733 1782 et

2082 1809 2194 1851 con
2203 1798 2552 1855 versationis
2566 1800 2856 1869 honestas,
2866 1804 3086 1877 jugiter
3100 1824 3211 1864 sua
3225 1810 3347 1866 vice
3358 1809 3730 1881 deserviant,

2081 1885 2414 1956 apostolica
2456 1891 2799 1946 auctoritate
2848 1894 3281 1954 confirmamus
3306 1921 3319 1966 ς
3346 1900 3558 1957 litteris
3583 1919 3733 1975 pm-

2081 1974 2349 2033 sentibus
2378 1981 2703 2035 statuentes
2734 1985 2798 2035 ut
2834 1983 2999 2055 quod
3049 1984 3124 2041 de
3149 1988 3491 2058 proebendis
3519 2006 3728 2051 eorum

2080 2063 2332 2135 provida
2350 2063 2480 2135 iam
2506 2067 2737 2139 pridem
2763 2070 2871 2127 l'uit
2888 2070 3317 2133 deliberatione
3342 2079 3730 2154 dispositum,

2078 2157 2136 2208 et
2163 2151 2452 2209 hactenus
2480 2154 2884 2225 observatum,
2916 2160 3334 2223 inviolabiliter
3354 2167 3731 2228 observetur.

2146 2243 2188 2296 N
2200 2241 2298 2297 ulli
2310 2257 2452 2314 ergo
2471 2245 2721 2302 omnino
2737 2247 3053 2308 hominum
3076 2250 3420 2313 liceathanc
3438 2259 3728 2329 paginam

2076 2335 2297 2387 nostras
2324 2332 2796 2392 confirmationis
2826 2343 2884 2394 et
2912 2340 3352 2400 constitutionis
3377 2345 3727 2420 infringere,

2073 2417 2163 2474 vel
2192 2434 2345 2475 ausu
2362 2423 2675 2480 temerario
2691 2428 3007 2484 contraire.
3034 2430 3092 2487 Si
3114 2432 3253 2504 quis
3282 2441 3487 2492 autem
3510 2434 3630 2494 hoe
3644 2444 3726 2495 at·

2073 2511 2301 2564 tentare
2318 2512 2783 2584 praesumpserit,
2801 2514 3279 2588 indignationem
3297 2526 3727 2598 omnipotentis

2073 2597 2195 2663 Dei,
2236 2604 2291 2653 et
2318 2597 2634 2657 beatorum
2672 2602 2826 2660 Petri
2855 2610 2914 2662 et
2956 2606 3117 2665 Pauli
3147 2610 3569 2683 apostolorum
3597 2617 3724 2688 ejus

2074 2701 2140 2743 se
2170 2688 2397 2744 noverit
2430 2687 2836 2750 incursurum.

2144 2775 2359 2832 Datum
2384 2778 2646 2851 Vei-onai,
2676 2796 2770 2838 xm
2800 2781 2929 2840 Kal.
2956 2783 3113 2841 Julii.

2737 2891 3051 2951 ccxxxvl.

2069 2973 2466 3058 Privileoium
2484 2975 2557 3034 de
2578 2976 2848 3038 libertate
2864 2980 3041 3055 burm·
3061 2982 3127 3042 S.
3150 2985 3403 3059 Remiqii
3421 2989 3497 3048 ab
3510 2991 3722 3051 arehi-

2138 3061 2410 3116 episcopo
2433 3063 2711 3109 concessa
2729 3058 2787 3109 et
2809 3055 2970 3124 quod
2989 3057 3254 3115 homines
3264 3060 3525 3129 ejusaem
3548 3064 3727 3138 bur-qi

2140 3118 2280 3189 capi
2307 3134 2426 3176 non
2450 3119 2663 3179 debent
2702 3124 2891 3182 Remis
2921 3130 2976 3183 et
3003 3128 3077 3185 de
3112 3132 3415 3189 mercatis.

2608 3211 2900 3285 (Veronoe,
2942 3214 3060 3272 Jul.
3098 3217 3175 3290 5.)

2155 3300 2369 3372 [Vnam
2399 3299 2687 3359 Archives
2718 3302 2942 3362 admira.
2984 3304 3059 3363 de
3083 3307 3300 3375 Reims‚
3337 3313 3380 3376 l,
3410 3325 3451 3379 ι,
3477 3314 3633 3386 mla]

2132 3388 2337 3446 Lucius
2376 3389 2714 3463 episcopus,
2743 3408 2947 3449 servus
2974 3410 3282 3454 servorum
3326 3399 3453 3467 Dei,
3489 3401 3721 3461 dilectis

2065 3475 2201 3534 filiis
2249 3477 2445 3535 Sinoni
2474 3479 2680 3536 abbati
2725 3486 2783 3537 et
2810 3484 3131 3540 conventui
3161 3486 3222 3541 S.
3263 3487 3543 3561 Remigii,
3567 3491 3720 3549 salu-

2063 3570 2180 3623 tem
2195 3571 2253 3623 et
2271 3567 2664 3639 apostolicam
2679 3569 3183 3630 benedictionem.

2134 3658 2211 3711 Ex
2248 3660 2449 3713 tenore
2478 3658 2798 3714 authentici
2831 3659 3036 3733 scripti
3064 3662 3185 3735 (36)
3215 3667 3586 3725 venerabilis
3607 3668 3717 3729 sta·

2065 3745 2168 3801 tris
2201 3746 2385 3802 nostri
2428 3746 2514 3802 W.
2548 3748 2856 3804 Remensis
2899 3750 3355 3826 archiepiscopi,
3392 3757 3719 3817 cardinalis

2064 3834 2120 3890 S.
2157 3834 2393 3891 Sabinae
2422 3840 2481 3891 et
2504 3835 2848 3908 apostolicoe
2896 3838 3055 3895 sedis
3089 3839 3292 3912 legati,
3349 3844 3525 3902 nobis
3553 3848 3720 3905 inno-

2062 3922 2173 3981 tuit
2198 3924 2366 3996 quod
2398 3925 2545 3996 ipse,
2579 3926 2830 3983 Domino
2855 3928 3211 4001 inspirante,
3243 3941 3455 3992 vestrm
3490 3943 3551 3994 et
3588 3952 3718 3995 om-

2062 4013 2227 4068 nium
2255 4018 2581 4069 vestrorum
2615 4016 3019 4089 tranquillitati
3067 4023 3124 4076 et
3171 4022 3308 4092 paci
3338 4026 3714 4099 prospiciens

2059 4100 2118 4158 in
2138 4100 2402 4158 futurum
2420 4102 2724 4160 libertates
2751 4110 2810 4161 et
2832 4108 3295 4166 consuetudines
3316 4119 3570 4183 vestras,
3588 4132 3719 4173 cen·
3783 4181 3784 4190 χ

2060 4206 2089 4244 s
2099 4206 2164 4244 us
2176 4190 2377 4256 etiam,
2393 4190 2659 4248 bannum
2669 4192 2714 4265 ,j
2725 4193 3443 4273 ustitiam,sextellarium,
3454 4212 3714 4263 mereata

2058 4284 2241 4336 sextoe
2269 4278 2434 4337 ferioe
2465 4287 2522 4336 et
2550 4281 2665 4337 dici
2698 4283 3010 4352 Dominici,
3043 4285 3252 4345 furnos
3276 4295 3463 4363 atque
3487 4293 3714 4352 molen·

3781 4351 3784 4379 l

294 4375 480 4449 phuni
508 4379 565 4429 et
590 4373 738 4428 Petri
759 4372 1179 4444 episcoporum
1205 4375 1263 4426 et
1286 4371 1472 4444 ipsius
1492 4371 1819 4429 abbatissas
1841 4390 1946 4430 au·
1979 4370 2025 4425 D
2055 4367 2220 4435 dina,
2248 4377 2306 4425 et
2327 4369 2445 4426 alia
2479 4385 2617 4443 quas
2646 4371 2937 4429 hactenus
2977 4374 3299 4477 habuistis,
3325 4380 3557 4454 scripto
3584 4400 3712 4457 pro·
3781 4387 3784 4403 ⁴

294 4464 566 4522 ‘henneis
596 4462 949 4526 continetur,
997 4461 1166 4515 vohis
1197 4464 1459 4533 quatuor
1487 4465 1544 4515 et
1583 4464 1946 4520 successori-
2056 4458 2189 4530 prio
2228 4457 2625 4526 confirmavit,
2668 4461 2986 4519 instituens
3017 4473 3083 4521 ut
3102 4465 3381 4567 homines
3412 4474 3598 4529 vestri
3628 4472 3708 4531 vel

287 4553 404 4612 b'us
430 4552 635 4608 vestris
665 4550 1015 4608 auctoritate
1045 4549 1381 4620 apostolica
1410 4549 1860 4624 confirmamus,
1885 4558 1944 4609 et
2050 4547 2150 4604 alii
2180 4548 2239 4603 in
2269 4548 2462 4619 burgo
2511 4553 2707 4606 vestro
2751 4558 3082 4650 manentes,
3132 4555 3330 4611 Remis
3355 4571 3471 4629 pro
3507 4562 3704 4618 causis

286 4642 595 4716 praesentis
625 4639 827 4712 scripti
855 4636 1188 4711 patrocinio
1209 4638 1683 4694 communimus.
2049 4635 2141 4692 vel
2167 4636 2299 4692 aliis
2329 4637 2697 4709 quibuslibet
2721 4645 2974 4710 negotiis
2996 4648 3208 4742 euntes
3223 4643 3329 4745 ‘vel
3358 4645 3700 4715 redeuntes,

355 4735 398 4787 N
407 4730 665 4800 nlliergo
678 4728 927 4785 omnino
940 4726 1439 4784 hominumliceat
1460 4726 1616 4782 hanc
1645 4728 1934 4799 paginam
2048 4726 2337 4782 continua
2352 4725 2663 4783 securitate
2682 4726 2973 4795 loetentur,
2991 4745 3102 4787 nec
3122 4746 3239 4804 ipsi
3263 4733 3356 4790 vel
3374 4749 3473 4792 res
3491 4753 3699 4797 eorum

2046 4830 2083 4871 a
2111 4814 2448 4888 proepositis
2474 4815 2564 4873 vel
2590 4815 2947 4874 officialibus
2976 4818 3130 4891 ejus,
3169 4821 3264 4878 vel
3294 4821 3375 4880 ab
3407 4824 3549 4882 aliis
3572 4828 3699 4901 qni·

2040 4902 2320 4967 buslibet,
2339 4906 2474 4976 capi
2499 4904 2759 4962 debeant
2779 4914 2884 4963 aut
2903 4909 3111 4976 teneri,
3132 4910 3408 4983 quandiu
3430 4915 3556 4972 sub
3571 4932 3696 4975 exa·

2036 4993 2197 5050 mine
2230 5001 2422 5050 vestro
2447 4992 2745 5052 voluerint
2769 4995 3061 5067 justitiam
3092 4998 3352 5067 exibere,
3387 5004 3510 5061 nisi
3554 5005 3695 5064 torte

2034 5083 2095 5140 in
2126 5082 2401 5155 praesenti
2432 5081 2700 5141 forifacto
2734 5086 2950 5143 fuerint
2973 5088 3351 5159 deprehensi.
3386 5092 3561 5151 Unde
3589 5110 3695 5154 nos

2031 5171 2256 5229 tactum
2274 5171 2545 5245 ejusdem
2560 5174 2991 5248 archiepiscopi
3011 5182 3208 5235 ratum
3220 5178 3694 5259 habentesfflro·

2030 5262 2313 5335 scriptam
2327 5261 2664 5320 libertatem
2676 5269 2734 5320 et
2752 5264 2870 5322 alia
2881 5281 3018 5338 quai
3036 5266 3208 5325 vobis
3219 5270 3459 5328 suntab
3475 5275 3692 5334 eodem
3759 5355 3766 5364 “

279 4824 498 4877 nostroe
510 4818 981 4876 confirmationis
994 4815 1335 4885 infringere,
1350 4814 1443 4870 vel
1453 4815 1505 4871 ei
1519 4831 1672 4872 ausu
1685 4823 1935 4875 temera-

276 4911 365 4967 rio
383 4908 695 4966 contraire.
727 4906 938 4978 Siquis
958 4911 1158 4962 autem
1188 4905 1305 4961 hoc
1321 4910 1608 4961 attentare
1639 4921 1931 4977 proesum-

275 5000 475 5072 pserit,
510 4997 987 5067 indignationem
1020 4993 1448 5066 omnipotentis
1487 4993 1611 5059 Dei,
1639 4998 1699 5049 et
1724 4994 1929 5052 beato-

271 5104 407 5146 rum
441 5088 585 5144 Petri
612 5092 667 5142 et
700 5083 859 5141 Pauli
890 5083 1299 5157 apostolorum
1329 5082 1460 5155 ejus
1491 5098 1551 5138 se
1584 5084 1814 5141 noverit
1836 5084 1923 5141 in-

268 5192 609 5235 cursurum.

339 5267 552 5325 Datum
588 5267 851 5330 veroum,
885 5280 986 5319 xiv
1016 5262 1144 5319 Kal.
1182 5263 1210 5317 J
1221 5262 1340 5318 ulii.

335 5392 445 5463 (36)
477 5392 632 5448 Cette
654 5389 878 5453 charte,
911 5387 1082 5445 datee
1105 5386 1180 5470 de
1216 5387 1375 5454 1182,
1396 5401 1458 5443 se
1481 5391 1692 5445 trouve
1722 5392 1868 5445 cart.
1907 5387 1973 5445 Β.
1997 5387 2074 5446 de
2117 5387 2497 5459 saint-Remi,
2526 5403 2588 5461 p.
2621 5392 2707 5446 87.
2742 5388 2859 5448 Elle
2888 5405 2963 5448 ne
2981 5392 3249 5451 contient
3286 5394 3416 5454 rien
3444 5414 3584 5473 que
3615 5416 3689 5461 ne

259 5463 615 5536 reproduise
644 5461 701 5519 la
730 5460 893 5518 hulle
920 5459 996 5517 de
1025 5460 1242 5517 Lucius
1269 5459 1370 5516 111.
