3784 6000
84 187 234 247 {845

785 308 1050 367 ccxxw.

90 419 350 479 Romani
357 416 706 474 monasterii
716 417 1133 486 protectionem
1144 415 1746 488 suscipit‚immunita·

167 497 390 563 temque
419 489 739 546 talliarum
749 503 848 545 seu
861 488 1130 544 aliarum
1143 503 1438 545 novarum
1453 487 1743 545 etindcbi-

169 568 368 620 tarum
406 558 771 618 exactionem
821 560 1160 629 confirmat.

595 651 885 720 (Veronae,
924 649 1088 705 Mart.
1137 648 1253 720 23.)

95 737 300 815 [Mem.
332 745 387 797 et
415 739 661 795 Ducum.
691 736 858 881 (ξειὶιιῐι
891 736 1098 898 ΐσὶὀέξ
1121 736 1205 899 ]ἀε
1234 736 1297 794 la
1329 735 1530 796 Suissa
1556 737 1748 802 Rom„

173 937 374 992 Luctus
403 932 748 1005 episcopus,
779 946 990 988 servus
1019 946 1330 989 servorum
1367 931 1490 997 Dei,
1521 930 1751 988 dilectis

100 1023 265 1090 filiis,
296 1020 478 1097 priori
519 1024 579 1077 et
614 1019 930 1077 conventui
970 1021 1216 1078 Romani
1264 1018 1631 1086 monasterii,
1663 1036 1755 1077 sa·

100 1113 289 1169 lutem
319 1116 374 1168 et
400 1108 792 1183 apostolicam
832 1108 1336 1166 benedictionem.

167 1198 357 1258 Officii
385 1199 573 1257 nostri
604 1213 718 1255 nos
740 1198 1011 1256 hortatur
1033 1198 1362 1258 auctoritas
1387 1213 1495 1271 pro
1524 1197 1757 1268 religio-

104 1304 312 1346 sorum
344 1287 615 1344 locorum
660 1291 819 1344 statu
864 1290 1136 1358 satagere
1164 1292 1222 1345 et
1263 1301 1470 1343 eorum
1522 1286 1655 1358 paci
1701 1289 1759 1343 et

103 1375 518 1451 tranquillitati
570 1374 891 1433 salubriter
924 1376 986 1433 iu
1046 1380 1379 1449 posterum,
1431 1374 1758 1435 auxiliante

105 1465 386 1530 Domino,
408 1463 740 1539 providere.
772 1466 1116 1537 Eapropter,
1147 1463 1347 1521 dilecti
1388 1464 1449 1521 in
1502 1463 1758 1521 Domino

104 1554 234 1619 filii,
262 1552 474 1611 vestris
491 1552 667 1626 justis
680 1552 1190 1626 postulationibus
1217 1559 1388 1626 grato
1405 1568 1758 1611 concurren-

1088 172 1459 241 EPISTOLAE
1496 181 1585 239 ET
1624 176 2064 240 valLEfflA.
2104 209 2176 225 —
2211 179 2329 236 AN.
2370 177 2529 236 ¹¹85.

1773 310 1822 363 Α
1852 307 2090 380 tuisque
2142 307 2619 371 successoribus,
2646 310 2704 363 et
2743 307 2973 367 illibata
3025 316 3422 383 permaneant
3493 326 3508 378 ;

3376 183 3520 241 185

1852 395 1910 450 in
1943 395 2169 468 quibus
2189 395 2319 452 hoec
2345 395 2601 468 propriis
2620 395 2900 453 duximus
2918 399 3312 471 exprimenda
3335 415 3511 456 voca-

1853 483 2059 541 bufis:

1928 573 2149 629 Locum
2180 573 2375 645 ipsum
2409 572 2470 629 in
2500 589 2623 646 quo
2646 581 2978 632 memorata
3007 576 3258 634 ecclesia
3282 578 3396 634 sita
3426 580 3514 634 est

1855 676 1997 719 cum
2026 660 2310 718 omnibus
2339 661 2697 733 adjacentiis
2725 671 2782 719 et
2807 665 3176 736 pertinentiis
3203 666 3330 723 suis
3371 682 3387 733 3
3419 681 3517 723 ec-

1858 749 2101 806 clesiam
2135 750 2332 806 Sancti
2374 751 2595 807 Nicolai
2638 767 2775 807 cum
2830 753 3145 827 adjacente
3199 754 3512 828 parochia,

1858 841 2012 896 sicut
2036 853 2172 895 eam
2185 837 2348 911 juste
2371 845 2426 896 et
2453 841 2580 896 sine
2631 843 3036 899 controversia
3086 844 3431 916 possidetis,
3476 858 3513 901 a

1859 928 1989 984 rivo
2020 927 2245 985 scilicet
2263 926 2501 985 Corbuli
2538 944 2843 1002 usque.....
2875 949 3056 1005 super
3108 938 3334 989 Arnum
3376 949 3392 999 ;
3423 946 3519 989 ec·

1861 1015 2104 1073 ciceiam
2135 1015 2334 1073 Sancti
2365 1017 2512 1073 Petri
2538 1017 2711 1088 juxta
2730 1018 2923 1076 Imam
2954 1037 3089 1076 cum
3113 1027 3278 1079 curte
3299 1026 3354 1078 et
3383 1036 3514 1094 per·

1863 1103 2124 1160 tinentiis
2180 1103 2302 1159 suis
2309 1142 2417 1159 .....
2468 1103 2544 1160 de
2597 1106 2903 1164 musciano
2957 1124 3096 1166 cum
3150 1108 3519 1183 pertinentiis

1864 1191 1989 1250 suis
1993 1230 2127 1251 ......
2151 1191 2613 1250 decimationem
2621 1234 2753 1252 ......
2783 1211 2972 1269 quam
2999 1199 3231 1256 habetis
3260 1200 3321 1255 in

1864 1281 1940 1339 de
1971 1279 2271 1337 lntinnula
2299 1322 2431 1339 ......
2461 1286 2518 1338 et
2537 1298 2698 1339 nunc
2730 1285 2974 1356 pacifice
3006 1288 3354 1359 possidetis;
3380 1307 3520 1351 eam

1787 1431 1797 1438 ,
1865 1371 2042 1428 etiam
2074 1386 2260 1444 quam
2283 1370 2518 1427 habetis
2545 1372 2605 1428 in
2631 1372 2806 1444 plebe
2832 1375 3033 1432 Sancti
3064 1376 3214 1434 Petri
3221 1419 3331 1435 .....
3366 1386 3427 1438 to
3458 1382 3521 1440 in

1867 1458 2158 1517 territorio
2189 1458 2381 1531 plebis
2412 1460 2645 1518 Sanctae
2675 1462 2869 1518 Marias
2918 1463 2994 1520 de
3046 1467 3243 1524 Pineta
3284 1484 3298 1534 ;
3331 1471 3521 1528 eccle—

1867 1549 2021 1606 siam
2054 1550 2284 1605 Sanctae
2309 1549 2499 1606 Maria
2524 1549 2601 1605 de
2630 1550 2848 1616 Quinto
2876 1567 3013 1609 cum
3046 1560 3210 1612 curte
3252 1562 3312 1613 et
3349 1559 3525 1632 perti-

106 1646 197 1702 tes
214 1658 490 1715 assensu,
512 1641 859 1700 coenobium
878 1647 1141 1700 vestrum
1162 1658 1303 1699 cum
1324 1642 1760 1715 omnibusque
1791 1646 1834 1702 Β
1870 1638 2085 1694 nentiis
2112 1637 2258 1702 suis,
2284 1635 2748 1695 decimationem
2777 1655 2965 1711 quam
2993 1641 3228 1700 habetis
3254 1646 3316 1701 in
3347 1647 3524 1719 plebe

108 1731 175 1791 in
203 1731 659 1806 praesentiarum
689 1730 1119 1789 rationabiliter
1141 1731 1432 1804 possidet,
1462 1730 1553 1788 vel
1584 1731 1644 1788 in
1673 1730 1764 1787 tu-

109 1827 316 1880 turum
367 1820 548 1892 iustis
593 1820 812 1887 modis,
864 1825 1183 1893 praestante
1234 1821 1504 1888 Domino,
1549 1820 1764 1893 poterit

108 1910 380 1984 adipisci.
416 1910 530 1966 sub
549 1909 706 1967 beati
733 1908 881 1967 Petri
906 1914 964 1966 et
1006 1914 1212 1966 nostra
1258 1910 1622 1983 protectione
1669 1926 1766 1967 su·

113 2000 404 2075 scipimus
427 2004 486 2056 et
504 1998 813 2072 praesentis
838 1999 1036 2072 scripti
1070 1997 1403 2071 patrocinio
1431 1999 1766 2056 communi·

115 2106 277 2155 mus,
291 2087 613 2146 districtius
625 2086 964 2144 inhibentes
988 2103 1063 2144 ne
1093 2087 1242 2145 tales
1264 2102 1371 2144 seu
1401 2085 1554 2148 alias
1577 2103 1765 2147 novas

115 2186 174 2237 et
201 2177 504 2236 indebitas
525 2176 866 2234 exactiones
888 2176 1340 2250 archiepiscopi,
1367 2176 1654 2250 episcopi,
1678 2192 1767 2234 ar-

116 2266 453 2325 chidiaconi
475 2265 567 2322 vel
585 2264 717 2322 aliae
738 2264 1017 2337 quaelibet
1035 2265 1454 2323 ecclesiasticas
1473 2280 1764 2338 personas,

118 2372 157 2415 a
173 2355 346 2413 vobis
366 2353 459 2411 vel
472 2370 510 2411 a
523 2353 741 2427 presby
749 2354 884 2410 teris
897 2353 1107 2411 vestris
1123 2369 1235 2412 con
1243 2358 1332 2411 tra
1354 2353 1767 2411 Lateranensis

118 2449 337 2504 statuta
385 2442 620 2501 concilii
677 2442 919 2500 ulterius
967 2447 1321 2516 extorquere
1381 2447 1765 2516 pmsumant.

115 2532 268 2592 Nulli
288 2547 430 2605 ergo
459 2530 712 2590 omnino
741 2530 1056 2587 hominum
1096 2530 1275 2588 liceat
1300 2530 1461 2589 hanc
1482 2531 1770 2604 paginam

118 2628 343 2680 nostras
372 2619 760 2695 protectionis
791 2623 848 2677 et
875 2620 1314 2677 constitutionis
1339 2619 1662 2691 intringere
1679 2616 1772 2677 vel

121 2710 177 2770 ei
201 2726 357 2768 ausu
401 2709 720 2766 temerario
762 2709 1079 2765 contraire.
1113 2707 1170 2765 Si
1222 2709 1359 2781 quis
1411 2714 1614 2766 autem
1655 2708 1772 2766 hoc

122 2804 414 2860 attentare
439 2797 891 2872 praesumpserit
918 2796 1328 2869 indignatione
1347 2797 1774 2870 omnipotentis

122 2889 223 2946 Dei
254 2893 310 2944 et
332 2887 646 2945 beatorum
671 2886 817 2943 Petri
846 2891 905 2943 et
930 2885 1091 2943 Pauli
1117 2886 1535 2959 apostolorum
1555 2886 1683 2960 ejus
1711 2901 1774 2943 se

122 2977 358 3037 noverit
382 2976 784 3034 incursurum.

202 3070 412 3125 Datum
429 3065 700 3132 Veronae,
731 3080 771 3122 x
795 3063 1097 3122 Kalendas
1129 3064 1366 3137 Aprilis.

831 3171 1068 3228 CCXXV.

127 3260 523 3333 Privilem'um
549 3273 664 3331 pro
688 3258 1131 3387 ηιοηβὲςὲἳῖἑοωδ.
1161 3257 1428 3318 Minicius
1443 3261 1635 3331 juxta
1652 3259 1780 3317 Flo·

706 3420 998 3488 (veronae,
1023 3419 1215 3491 Mart.)

487 3509 736 3583 [Annal-
770 3507 1132 3575 camaldul„
1157 3509 1247 3575 lv,
1281 3505 1429 3582 ¹26.]

198 3599 396 3657 Lucius
424 3598 767 3671 episcopus,
801 3612 1013 3653 servus
1047 3611 1361 3654 servorum
1400 3596 1524 3665 Dei,
1554 3596 1784 3654 dilectis

128 3687 268 3744 filiis
295 3691 554 3745 Ausa-ro
583 3685 784 3744 Sancti
804 3684 1056 3743 Miniatis
1075 3684 1327 3759 ejusque
1356 3684 1635 3743 fratribus
1661 3691 1783 3743 tam

130 3774 533 3850 praesentibus
551 3789 737 3847 quam
759 3772 971 3830 tuturis
990 3772 1327 3844 regularem
1351 3772 1538 3830 vitam
1564 3772 1787 3846 profes-

130 3866 236 3934 sis,
272 3865 335 3921 in
367 3868 746 3937 perpetuum.

203 3954 565 4025 Religiosam
596 3952 782 4009 vitam
813 3950 1169 4022 eligentibus
1212 3950 1612 4024 apostolicum
1649 3966 1789 4008 con·

131 4044 295 4101 venit
319 4041 534 4098 adesse
563 4040 929 4115 praesidium,
949 4055 1025 4096 ne
1053 4039 1203 4098 torte
1223 4040 1541 4112 cujuslibet
1561 4041 1788 4098 temeri-

137 4132 272 4190 tatis
295 4130 570 4187 incursus
593 4136 698 4186 aut
722 4143 826 4185 eos
855 4145 891 4186 a
915 4128 1224 4202 proposito
1253 4135 1512 4197 revocet,
1545 4134 1652 4186 aut
1695 4145 1792 4187 rc-

136 4221 273 4286 bur,
305 4218 471 4293 quod
495 4218 653 4275 absit
681 4217 695 4273 l
719 4232 905 4275 sacra!
920 4217 1221 4288 religionis
1244 4217 1551 4289 infringat.
1575 4220 1794 4291 Eapro-

1872 1726 2072 1784 Sancti
2095 1725 2323 1783 Martini
2351 1724 2428 1782 de
2450 1728 2625 1783 Sexto
2656 1742 2673 1793 3
2718 1727 3033 1787 ecclesiam
3074 1732 3306 1791 Sancto
3333 1736 3527 1794 Μαι-ἰῶ

1870 1813 1947 1871 de
1967 1813 2191 1871 Novule
2220 1829 2359 1870 cum
2387 1821 2553 1870 curte
2578 1821 2634 1871 et
2663 1815 3031 1888 pertinentiis
3057 1821 3179 1877 suis
3203 1840 3221 1894 3
3255 1822 3517 1883 decima·

1870 1903 2095 1961 tionem
2114 1918 2299 1976 quam
2319 1902 2555 1960 habetis
2576 1904 2637 1961 in
2661 1910 2780 1962 toto
2811 1905 3052 1978 plebatu
3079 1911 3278 1968 Sancti
3291 1912 3525 1971 Martini

1872 1992 1949 2050 de
1978 1991 2205 2051 corella
2232 2007 2371 2048 cum
2401 1998 2568 2049 curte
2587 1993 2939 2051 etomnibus
2950 1996 3450 2059 decimationibus
3470 2006 3529 2059 et

1873 2079 2245 2156 pertinentiis
2291 2080 2451 2146 suis;
2480 2080 2793 2139 ecclesiam
2838 2084 3068 2142 Sanctae
3109 2088 3304 2145 Barim
3332 2090 3410 2147 de
3438 2090 3531 2147 al-

1872 2171 2061 2228 buino
2087 2185 2225 2227 cum
2251 2170 2622 2244 pertinentiis
2649 2172 2772 2229 suis
2796 2188 2812 2240 ;
2836 2174 3156 2235 ecclesiam
3191 2180 3392 2237 Sancti
3417 2182 3534 2238 Do-

1874 2261 2000 2317 nati
2023 2259 2084 2316 in
2110 2259 2291 2333 plano
2323 2260 2588 2333 majore3
2630 2267 2897 2320 castrum
2927 2265 3343 2325 Montis—Acuti
3384 2283 3525 2327 cum

1875 2347 2125 2406 ecclesia
2165 2354 2222 2404 et
2271 2349 2637 2421 pertinentiis
2675 2351 2798 2406 suis
2825 2369 2839 2420 ;
2864 2358 3125 2411 castrum
3177 2356 3531 2414 Montis-Atti

1876 2453 2017 2495 cum
2046 2436 2319 2503 ecclesia,
2350 2445 2514 2494 curte
2548 2444 2604 2496 et
2640 2440 3010 2513 pertinentiis
3050 2446 3176 2499 suis
3196 2463 3214 2517 3
3250 2452 3531 2519 patrona·

1879 2531 2008 2585 tum
2036 2540 2219 2599 quem
2243 2526 2480 2582 habetis
2520 2526 2580 2582 in
2624 2526 2874 2586 ecclesia
2923 2531 3122 2589 Sancti
3164 2535 3414 2591 Andreae
3457 2535 3534 2592 de

1883 2616 2095 2672 Doccia
2120 2631 2137 2681 ;
2170 2615 2624 2688 possessionem
2650 2615 2727 2672 de
2744 2618 2951 2690 Campi
2984 2642 2997 2685 ς
3023 2619 3325 2681 decimam
3347 2639 3533 2698 quam

1879 2703 2117 2760 habetis
2145 2705 2205 2759 in
2232 2703 2475 2775 plebatu
2493 2705 2691 2762 Sancti
2710 2707 2992 2779 Stephani
3017 2710 3092 2766 de
3114 2714 3324 2786 Campi
3344 2732 3362 2785 ;
3380 2713 3542 2772 deci-

1882 2808 2050 2849 mam
2080 2808 2265 2866 quam
2290 2793 2526 2850 habetis
2545 2794 2605 2850 in
2637 2794 2809 2866 plebe
2838 2795 2913 2851 de
2952 2799 3187 2870 Empuli
3216 2816 3231 2868 ;
3262 2800 3535 2861 decimas

1880 2882 1959 2939 de
2010 2887 2215 2939 monte
2262 2880 2463 2940 Crucis
2493 2888 2550 2939 et
2600 2884 2677 2940 de
2729 2891 2931 2942 monte
2982 2887 3196 2955 Fesuli,
3219 2889 3531 2948 ecclesiam

1806 2997 1849 3057 c
1886 2970 2088 3029 Sancti
2118 2971 2355 3028 Petride
2379 2971 2628 3031 Camilia
2647 2988 2787 3030 cum
2810 2975 3175 3048 pertinentiis
3203 2979 3326 3036 suis
3356 2997 3372 3049 ;
3400 2994 3536 3038 om·

1888 3075 2028 3117 nem
2052 3059 2513 3119 decimationem
2542 3078 2729 3136 quam
2753 3064 2985 3120 habetis
3015 3067 3073 3122 in
3110 3067 3297 3140 podio
3339 3070 3541 3127 Sancti

1886 3148 2139 3206 Uiuiatis
2162 3153 2220 3205 et
2241 3149 2302 3205 in
2339 3148 2513 3222 plebe
2542 3152 2774 3208 Sanctae
2805 3154 3134 3225 Reparatoe,
3156 3158 3309 3214 sicut
3340 3157 3539 3216 hacte-

1886 3252 2006 3294 nus
2027 3253 2162 3295 eam
2201 3240 2489 3296 canonice
2520 3241 2806 3307 tenuistis,
2834 3248 2892 3298 et
2925 3258 3087 3301 nunc
3133 3246 3260 3303 sine
3301 3252 3541 3304 contro—

1889 3328 2088 3384 versia
2111 3325 2454 3399 possidetis.
2484 3327 2679 3385 Liceat
2710 3329 2880 3387 vobis
2907 3346 3153 3406 quoque
3203 3335 3450 3392 clericos
3491 3340 3551 3392 et

1887 3416 2078 3474 laicos
2085 3453 2193 3473 .....
2230 3415 2451 3472 liberos
2506 3420 2565 3472 et
2614 3416 2922 3475 absolutos
2964 3420 3044 3477 ad
3093 3424 3548 3483 conversionem

1888 3505 2178 3579 recipere,
2207 3509 2268 3562 et
2289 3519 2393 3562 eos
2424 3505 2552 3561 sine
2585 3505 3055 3565 contradictione
3093 3511 3366 3568 retinere.
3397 3514 3547 3570 Cum

1891 3598 2096 3653 autem
2123 3593 2399 3665 generale
2425 3593 2809 3651 interdictum
2836 3601 3004 3653 terroe
3034 3597 3209 3657 tuerit
3243 3598 3421 3658 liceat
3446 3615 3549 3657 vo-

1890 3683 1988 3741 bis
2009 3697 2131 3740 non
2161 3681 2411 3756 pulsatis
2439 3684 2772 3756 campanis,
2801 3684 3019 3741 clausis
3042 3686 3265 3757 januis,
3287 3687 3550 3746 exclusis
3585 3715 3600 3734 ·

1893 3771 2420 3829 excommunicatis
2431 3775 2488 3829 et
2498 3772 2917 3841 interdictis,su
2925 3789 2964 3846 p
2969 3790 3177 3847 pressa
3191 3792 3336 3834 voce
3347 3776 3554 3835 divina

1895 3859 2093 3920 officia
2107 3860 2428 3918 celebrare.
2454 3862 2628 3933 Antiq
2636 3878 2743 3919 uas
2758 3869 2816 3919 et
2826 3863 3211 3922 rationabiles
3234 3872 3555 3923 consuetu-

1896 3950 2070 4006 dines
2100 3949 2365 4007 ecclesiae
2394 3956 2603 4006 vestrae
2634 3952 2916 4023 usquead
2938 3955 3259 4025 praesentia
3281 3962 3554 4028 tempora

1898 4040 2248 4097 observatas
2270 4043 2327 4094 et
2349 4039 2617 4096 decimas
2640 4054 2794 4112 quas
2838 4055 2875 4096 a
2913 4042 3319 4113 quadraginta
3375 4043 3557 4100 annis

1903 4142 2096 4201 usque
2120 4142 2281 4183 nunc
2329 4126 2576 4200 pacifice
2624 4128 2967 4201 possidetis,
2992 4130 3161 4187 vobis
3206 4132 3558 4189 auctoritate

1902 4216 2235 4290 apostolica
2253 4216 2612 4274 roboramus
2625 4223 2682 4274 et
2696 4217 3151 4277 confirmamus.
3176 4221 3555 4294 sepulturam

137 4314 290 4385 pter,
317 4306 516 4364 dilecti
544 4306 606 4363 in
635 4306 886 4363 Domino
915 4306 1037 4373 filii,
1065 4306 1281 4363 vestris
1304 4307 1484 4378 justis
1529 4306 1791 4381 postula·
1827 4347 1873 4404 D
1901 4322 2045 4365 vero
2070 4306 2261 4379 ipsius
2282 4305 2399 4362 loci
2411 4305 2661 4363 liberam
2680 4321 2810 4365 esse
2829 4310 3242 4377 concedimus,
3266 4317 3557 4369 uteorum

141 4397 407 4458 tionibus
431 4396 755 4453 clementer
779 4395 1129 4461 annuimus,
1153 4401 1213 4454 et
1234 4394 1546 4466 abbatiam
1594 4397 1796 4454 Sancti
1904 4396 2225 4462 devotioni,
2252 4394 2555 4469 quiscillic
2584 4397 2817 4469 sepeliri
2833 4397 3359 4468 deliberavenrint,
3382 4406 3440 4458 et
3456 4415 3559 4458 ex-

143 4486 420 4552 Miniatis,
434 4486 493 4542 in
518 4499 642 4558 quo
655 4483 857 4542 divino
872 4483 1198 4557 mancipati
1210 4484 1351 4541 estis
1363 4482 1657 4559 obsequio
1679 4486 1795 4542 sub

145 4575 305 4635 beati
359 4574 510 4631 Petri
561 4578 618 4630 et
662 4579 865 4631 nostra
907 4574 1274 4645 protectione
1321 4572 1702 4646 suscipimus,
1740 4577 1797 4631 et

146 4663 458 4739 proesentis
516 4661 720 4733 scripti
770 4660 1081 4735 privilegio
1149 4662 1457 4717 communi
1507 4676 1523 4729 ;
1583 4661 1798 4734 impri-

146 4752 262 4811 mis
292 4750 590 4825 siquidem
615 4754 963 4819 statuentes,
996 4752 1062 4805 ut
1084 4748 1236 4807 ordo
1272 4748 1666 4817 monasticus,
1693 4750 1798 4823 qui

147 4840 483 4900 secundum
516 4842 699 4896 Deum
728 4844 785 4895 et
807 4838 966 4896 beati
982 4837 1286 4895 Benedicti
1303 4837 1591 4909 Regulam
1617 4838 1680 4894 in
1705 4853 1802 4895 eo·

147 4931 287 4989 dem
300 4930 431 4988 loco
447 4929 751 4986 institutus
770 4943 899 4984 esse
920 4926 1309 5000 dignoscitur,
1324 4925 1630 5002 perpetuis
1651 4926 1712 4984 in
1728 4943 1802 4985 eo

147 5015 1805 5093 temporibusinviolabiliterobservetur.Praetereaquas-

148 5123 386 5182 cunque
412 5108 846 5181 possessiones,
876 5120 1256 5179 quascunque
1274 5104 1442 5162 bona
1460 5105 1807 5178 improesen-

150 5199 368 5256 tiarum
403 5196 564 5268 juste
619 5201 678 5252 et
734 5194 1024 5252 canonice
1080 5191 1369 5268 possidet.
1399 5197 1505 5251 aut
1554 5193 1616 5250 in
1652 5192 1808 5251 tutu-

150 5302 288 5344 rum
317 5285 704 5342 concessione
736 5282 1108 5357 pontificum,
1133 5280 1447 5354 largitione
1480 5295 1693 5353 regum
1713 5281 1808 5340 vel

151 5373 517 5450 principum,
537 5371 842 5432 oblatione
866 5372 1161 5432 fidelium.
1193 5387 1302 5429 seu
1330 5370 1462 5429 aliis
1483 5370 1665 5444 justis
1685 5386 1812 5430 mo·

153 5463 271 5535 dis,
316 5459 435 5521 Deo
479 5466 818 5538 praestante,
864 5464 1078 5539 poterit
1133 5459 1409 5536 adipisci,
1455 5459 1635 5520 firma
1679 5460 1805 5530 tibi,

1906 4489 2109 4543 tremas
2135 4483 2446 4554 voluntati,
2475 4485 2591 4541 nisi
2616 4487 3123 4544 excommunicati
3147 4488 3235 4546 vel
3261 4488 3562 4546 interdicti

1906 4575 2044 4640 sint,
2082 4572 2280 4630 nullus
2312 4574 2582 4639 obsistat,
2616 4573 2783 4631 salva
2805 4581 3003 4632 tamen
3045 4577 3280 4649 justitia
3324 4577 3561 4634 illarum

1906 4662 2297 4720 ecclesiarum
2327 4677 2364 4719 a
2401 4662 2623 4735 quibus
2670 4669 3041 4721 mortuorum
3099 4680 3353 4738 corpora
3393 4679 3562 4721 assu·

1909 4756 2177 4807 muntur.

1982 4839 2367 4895 Decernimus
2386 4855 2529 4911 crgo
2542 4845 2607 4897 ut
2621 4839 2766 4897 nulli
2785 4842 3036 4899 omnino
3048 4842 3362 4899 hominum
3385 4840 3563 4899 liceat

1912 4926 2229 5001 proetatum
2248 4928 2678 4985 monasterium
2691 4932 2913 4985 temere
2926 4930 3295 5003 perturbare,
3317 4936 3422 4987 aut
3436 4928 3569 5001 ejus

1916 5014 2324 5087 possessiones
2348 5014 2601 5081 auterre,
2620 5014 2714 5073 vel
2729 5014 2963 5074 ablatas
2983 5017 3257 5086 retinere,
3276 5020 3567 5085 minuere,

1917 5118 2022 5160 seu
2053 5102 2423 5176 quibuslibet
2451 5105 2867 5162 vexationibus
2906 5106 3173 5179 fatigare,
3203 5108 3307 5165 sed
3362 5107 3569 5165 omnia

1916 5192 2150 5263 integra
2172 5197 2600 5250 conserventur
2626 5207 2859 5260 eorum,
2888 5211 2997 5268 pro
3048 5213 3311 5269 quorum
3356 5195 3575 5270 guber·

1917 5280 2160 5339 natione
2170 5296 2243 5339 ac
2259 5286 2460 5338 susten
2468 5282 2688 5339 tatione
2705 5297 2996 5342 concessa
3007 5292 3147 5342 sunt
3158 5286 3370 5344 usibus
3382 5284 3570 5343 omni·

1919 5370 2118 5428 modis
2149 5369 2482 5445 protutura,
2512 5369 2683 5427 salva
2721 5369 2881 5427 sedis
2935 5374 3281 5443 apostolico
3317 5374 3576 5433 auctori-

1919 5461 2043 5519 tate
2083 5463 2142 5518 et
2194 5459 2522 5520 dioeeesani
2566 5458 2836 5533 episcopi
2894 5461 3190 5520 canonica
3227 5462 3480 5537 iustitia.
3515 5462 3578 5535 Si
