3784 6000
274 242 393 304 675

1348 227 1773 294 GUlLLELMI
1816 226 2200 293 TYRENSIS
2239 220 2610 293 AucmmP.

3555 212 3682 283 675

275 391 435 443 num,
466 374 538 432 ab
571 372 713 430 urbe
743 375 995 443 quatuor
1014 363 1391 439 autquinque
1411 363 1690 421 distantes
1705 363 1912 420 millia·
1944 369 2001 437 Α
2028 363 2317 422 exercitus
2371 362 2758 431 introducere,
2789 365 2847 419 et
2876 360 2948 419 ad
2997 362 3200 419 urbem
3260 359 3525 435 patefieri
3586 377 3679 418 ac-

278 467 442 524 ribus
477 480 491 521 :
526 465 680 521 unde
710 465 767 518 et
796 464 977 516 totam
1011 455 1300 513 civitatem
1334 471 1468 512 cum
1502 454 1805 526 adjacente
1835 469 1927 509 re-

276 556 468 628 gione,
500 555 569 610 de
601 553 772 625 plano
792 549 1041 605 dabatur
1082 545 1318 603 intueri.

918 635 1153 693 CAPUT
1186 634 1283 692 111.
1637 687 1641 690 .

577 728 913 786 Describitur
930 727 1068 782 situs
1095 726 1452 782 Damascena?
1480 723 1650 781 urbis.

347 822 444 879 Est
490 823 684 877 autem
744 823 1055 873 Damascus
1110 814 1316 872 civitas
1369 813 1623 870 maxima
1679 810 1926 869 minoris

278 911 477 981 Syriis,
512 926 639 983 ques
671 907 784 965 alio
816 905 1052 965 nomine
1080 903 1366 961 Phaenicis
1401 902 1670 960 Libanica
1700 917 1928 959 nuncu-

276 1006 449 1074 patur
475 997 837 1070 metropolis,
869 996 1022 1053 sicut
1068 993 1145 1049 ibi
1211 993 1423 1064 legitur
1465 1007 1481 1048 ε
1541 991 1714 1063 Caput
1744 991 1930 1062 Syriae

276 1091 576 1147 Damascus
612 1088 740 1159 (isa.
799 1102 900 1154 vn,
926 1086 1029 1153 8);
1078 1100 1114 1141 a
1169 1083 1421 1153 quodam
1467 1080 1716 1137 Abrabae
1764 1095 1928 1137 servo

275 1180 679 1244 denominata,
718 1175 819 1248 qui
850 1191 977 1231 eam
1000 1171 1260 1230 creditur
1290 1171 1591 1229 fundasse.
1644 1169 1928 1240 Interpre-

284 1272 439 1325 tatur
466 1271 662 1323 autem
695 1265 1008 1337 sanquinea
1032 1261 1117 1318 vel
1148 1261 1590 1333 sanguinolenta.
1616 1258 1713 1315 Est
1733 1263 1928 1314 autem

274 1357 334 1415 in
366 1354 794 1429 campestribus
826 1354 958 1419 sita,
993 1352 1052 1409 in
1086 1367 1227 1424 agro
1275 1350 1461 1408 sterili
1490 1354 1547 1407 et
1594 1350 1778 1416 arido,
1814 1348 1929 1404 nisi

285 1452 571 1520 quantum
605 1458 887 1515 aquarum
920 1441 1180 1513 antiquis
1208 1440 1499 1496 meatibus
1546 1439 1925 1495 deductarum

271 1535 549 1607 irrigatur
604 1532 884 1590 beneficio
941 1529 1172 1587 Fluvius
1219 1529 1376 1585 enim
1435 1546 1467 1583 a
1524 1526 1928 1600 promuntorio

270 1624 630 1682 descendens
660 1621 872 1688 vicino,
903 1620 963 1676 in
995 1618 1395 1691 superioribus
1457 1616 1623 1683 ,illius
1679 1616 1933 1687 regionis

274 1714 564 1789 partibus.
598 1712 902 1771 canalibus
932 1715 1233 1782 exceptus,
1275 1712 1339 1765 ut
1366 1708 1503 1765 inde
1547 1707 1789 1764 liberius
1823 1723 1977 1815 perB

272 1806 451 1877 plana
480 1803 663 1877 possit
691 1802 921 1869 deduci,
946 1817 1049 1874 per
1079 1800 1338 1857 diversas
1366 1797 1642 1869 subjectis
1665 1797 1923 1871 regionis

275 1900 469 1970 partes
499 1895 566 1951 ad
596 1908 871 1966 agrorum
906 1890 1273 1948 sterilitatem
1325 1888 1756 1945 fecundandam
1780 1886 1925 1943 diri-

278 1986 473 2059 gitur3
506 1984 661 2057 quod
692 1998 825 2039 vero
847 1981 1149 2038 assiduum
1180 1982 1290 2040 est.
1322 1977 1737 2051 quiacopiosas
1752 1977 1931 2033 babet

275 2092 477 2147 aquas,
501 2090 570 2130 ex
602 2081 844 2144 utraque
873 2071 999 2142 ripa
1068 2068 1322 2140 pomeria
1382 2067 1587 2134 nutrit,
1619 2066 1927 2124 arboribus

284 2166 513 2224 consita
542 2162 880 2232 fructiferis,
904 2162 1186 2233 juxtaque
1217 2159 1722 2217 civitatismurum
1745 2156 1920 2214 Orien

285 2263 394 2312 tem
426 2270 626 2311 versus
674 2252 913 2308 labitur.
971 2249 1377 2307 pervenientes
1429 2248 1613 2321 igitur
1670 2246 1928 2319 praedicti

280 2361 444 2416 reges
475 2345 545 2400 ad
580 2344 770 2399 locum
803 2339 1316 2413 praenominatum,
1362 2337 1630 2394 videlicet
1668 2336 1925 2406 nariam,

282 2433 485 2491 urbem
512 2431 793 2488 babentes
844 2430 969 2500 ,iam
1025 2429 1305 2494 vicinam,
1346 2426 1647 2483 instruunt
1678 2425 1849 2492 acies,
1872 2429 1930 2482 et

282 2523 549 2581 ordinem
609 2518 915 2575 incedendi
975 2517 1278 2589 assignant
1326 2515 1668 2587 legionibus,
1701 2532 1774 2571 ne
1797 2531 1926 2584 pro-

289 2612 509 2670 miscue
538 2610 883 2678 incedentes,
936 2606 1335 2664 contentiones
1366 2606 1647 2663 suscitent
1677 2606 1749 2662 ad
1780 2604 1930 2661 invi·

276 2718 405 2761 cem
438 2706 495 2757 et
523 2699 682 2772 operi
717 2698 910 2752 futuro
926 2693 1774 2766 ministrentimpedimentum.
1818 2693 1932 2748 Pri-

279 2809 416 2851 mus
452 2791 649 2862 itaque
679 2803 813 2845 cum
845 2785 969 2843 suis
1005 2783 1523 2857 Hierosolymorum
1557 2800 1674 2851 rex,
1705 2800 1771 2840 eo
1805 2799 1927 2852 ma·

269 2883 426 2938 xime
472 2879 624 2953 quod
682 2877 943 2935 locorum
997 2874 1264 2947 peritiam
1297 2874 1424 2945 ejus
1473 2874 1740 2929 cobortes
1771 2874 1927 2929 dice-

281 2970 497 3028 bantur
526 2967 763 3035 habere,
789 2967 860 3024 de
890 2963 1190 3024 communi
1220 2963 1549 3035 principum
1607 2967 1826 3020 statuto
1848 2962 1929 3019 ire

286 3059 642 3134 praecipitur,
675 3061 732 3115 et
761 3057 981 3114 caeteris
1004 3053 1500 3126 subsequentibus
1531 3054 1639 3110 iter
1684 3053 1929 3125 aperire.

2033 470 2263 514 cessum
2290 471 2304 524 ;
2327 470 2397 510 ex
2427 468 2601 509 causa
2629 452 2877 525 gemina,
2910 454 3035 508 tum
3066 456 3131 508 ut
3162 449 3462 524 occupatis
3487 451 3686 507 muni·

2032 546 2280 605 tioribus
2307 542 2477 610 locis,
2501 545 2559 599 et
2591 541 2649 599 in
2679 543 2893 615 quibus
2922 541 3133 613 populo
3175 542 3537 598 Damascene
3571 556 3696 598 ma-

2029 636 2126 710 j0r
2155 638 2281 692 erat
2317 630 2547 701 fiducia,
2581 632 2736 703 quod
2772 636 3125 704 superesset,
3152 631 3276 688 leve
3312 631 3616 688 videretur
3643 638 3693 687 et

1969 732 1974 737 '
2036 724 2419 796 compleretur
2449 721 2677 783 facilius
2705 740 2720 792 ;
2744 727 2867 780 tum
2922 726 2987 778 ut
3041 720 3532 793 expeditionibus,
3570 721 3692 777 sru-

2036 820 2238 872 ctuum
2271 819 2328 872 et
2357 833 2519 889 aquas
2553 832 2667 883 non
2701 815 2930 872 deesset
2956 812 3360 871 commoditas.
3413 810 3695 868 Immittit

2039 919 2178 978 ergo
2209 905 2433 976 primus
2462 903 2995 977 Hierosolymorum
3027 917 3148 963 rex,
3198 916 3303 975 per
3332 899 3467 957 illas
3497 916 3693 974 pome-

2042 995 2263 1052 riorum
2296 996 2664 1068 angustiores
2695 994 2954 1062 semitas,
2988 1007 3130 1049 suas
3162 990 3318 1073 acics
3343 1014 3359 1060 ς
3381 990 3486 1047 sed
3508 990 3609 1047 vix
3637 993 3694 1047 et

2041 1101 2174 1142 cum
2208 1086 2392 1143 multa
2422 1085 2766 1141 difficultate
2797 1083 3106 1156 procedere
3120 1085 3346 1154 poterat
3372 1081 3688 1147 exercitus,

2043 1181 2170 1234 turn
2202 1179 2426 1235 viarum
2458 1173 3077 1251 impeditusangustiis
3105 1199 3119 1241 3
3154 1177 3498 1231 tumeorum
3513 1172 3693 1247 quiin

2041 1267 2308 1337 virgultis
2335 1266 2609 1335 latebant,
2654 1264 2880 1323 insidiis
2937 1263 3291 1333 lacessitus3
3350 1272 3472 1320 tum
3513 1264 3693 1321 etiam

2040 1357 2348 1413 manifesto
2369 1356 2634 1414 hostium
2665 1355 2762 1429 qui
2787 1355 2980 1411 aditus
2999 1353 3368 1420 obsederant,
3391 1352 3691 1410 etviarum

2046 1453 2588 1520 praeoccupaverant
2644 1447 2959 1513 anfractus,
3029 1441 3320 1499 conflictu.
3409 1441 3697 1514 Egressus

2040 1535 2198 1592 enim
2228 1539 2353 1592 erat
2381 1534 2738 1591 unanimiter
2767 1531 3019 1591 civitatis
3052 1532 3319 1605 populus,
3368 1534 3427 1589 et
3455 1530 3517 1587 in
3549 1547 3698 1601 prte-

2040 1626 2195 1682 dicta
2224 1623 2609 1683 descenderat
2635 1621 2918 1697 pomeria,
2951 1626 3018 1679 ut
3048 1625 3169 1679 tam
3225 1619 3476 1678 occultis
3507 1636 3690 1692 quam

2045 1714 2368 1772 manifestis
2388 1712 2901 1785 congressionibus
2929 1709 3243 1770 exercitum
3276 1709 3532 1767 transire
3556 1726 3694 1781 pro-

2041 1804 2278 1861 hiberet.
2312 1804 2487 1860 Erant
2546 1808 2842 1875 praeterea,
2901 1800 3057 1857 iutra
3112 1799 3244 1873 ipsa
3290 1798 3692 1871 pomeriorum

2039 1901 2224 1967 septa,
2256 1895 2469 1951 domus
2498 1893 2823 1951 eminentes
2851 1896 2909 1949 et
2936 1889 3198 1957 excelsas,
3232 1906 3382 1962 quas
3401 1889 3544 1947 viris
3575 1905 3688 1960 pu-

2040 1983 2443 2056 gnaturiscom
2457 1984 2808 2051 munierant,
2835 1998 3082 2055 quorum
3100 1978 3500 2053 possessiones
3521 1983 3692 2037 erant

2037 2074 2240 2131 vicinae
2275 2090 2290 2131 z
2324 2076 2474 2131 unde
2503 2075 2728 2145 sagittis
2760 2078 2817 2131 et
2845 2073 3089 2130 aliorum
3125 2071 3492 2129 immissione
3549 2072 3695 2129 telo·

2037 2179 2197 2228 rum,
2227 2162 2533 2221 hortorum
2559 2171 2725 2235 septa
2752 2163 3091 2227 tuebantur,
3107 2161 3401 2219 neminem
3421 2162 3698 2219 accedere

2038 2253 2437 2325 permittentes
2462 2274 2476 2323 ;
2501 2255 2601 2311 scd
2636 2258 2694 2310 et
2737 2252 3030 2326 publicam
3081 2250 3410 2308 volentibus
3442 2250 3691 2307 transire

2035 2344 2189 2400 viam
2222 2343 2543 2400 reddebant
2569 2343 2803 2400 eminus
2829 2341 3061 2413 sagittis
3080 2340 3242 2397 valde
3267 2339 3680 2412 periculosam.

2035 2432 2150 2489 Nec
2180 2437 2347 2490 erant
2370 2436 2562 2489 tamen
2594 2449 2664 2489 ex
2694 2449 2813 2489 una
2841 2436 3068 2488 tantum
3102 2440 3261 2502 parte
3284 2429 3504 2487 nostris
3537 2446 3676 2501 prae-

2038 2520 2328 2577 dictorum
2361 2521 2756 2577 formidabiles
2784 2520 3049 2588 insidiae3
3082 2519 3183 2575 sed
3219 2534 3289 2575 ex
3317 2518 3479 2575 omni
3511 2517 3688 2575 latere

2039 2627 2142 2683 par
2170 2617 2292 2667 erat
2321 2610 2574 2667 incautis
2598 2609 2947 2682 periculum,
3005 2612 3062 2665 et
3119 2613 3458 2679 suspectum
3518 2623 3686 2678 teque

2040 2698 2372 2770 improvisae
2406 2699 2612 2755 mortis
2641 2697 2977 2757 discrimen.
3009 2694 3184 2753 Erant
3216 2693 3609 2753 nibilominus
3628 2699 3684 2752 et

2038 2804 2210 2845 secus
2244 2803 2446 2843 muros
2479 2787 2725 2844 interius
2749 2785 2989 2843 latentes
3010 2785 3116 2841 viri
3146 2801 3280 2841 cum
3312 2784 3556 2851 lanceis,
3577 2783 3677 2855 qui

2040 2894 2143 2949 per
2172 2876 2503 2947 specularia
2532 2876 2776 2944 modica,
2808 2875 2869 2933 in
2905 2875 3086 2932 muris
3118 2876 3190 2931 ad
3225 2875 3333 2931 boc
3364 2872 3692 2932 studiosius

2039 2966 2323 3033 ordinata,
2349 2968 2503 3026 unde
2528 2967 2720 3024 videre
2745 2970 3118 3025 transeuntes
3141 2969 3432 3039 poterant,
3451 2965 3694 3022 minime

2044 3073 2176 3115 vero
2206 3057 2321 3130 ipsi
2348 3056 2552 3123 videri,
2597 3061 3009 3127 pretereuntes
3066 3056 3480 3113 confodiebant
3512 3071 3582 3113 ex
3613 3055 3693 3112 la·

287 3151 619 3208 Secundum
653 3153 711 3204 et
742 3147 999 3203 medium
1023 3145 1216 3201 locum
1257 3159 1355 3200 rex
1410 3143 1767 3200 Francorum
1799 3158 1933 3199 cum
2048 3151 2172 3205 tere
2203 3162 2218 3205 ε
2251 3163 2365 3218 quo
2394 3146 3080 3218 casuplurimidicuntur
3106 3145 3205 3202 illa
3234 3146 3328 3202 die
3343 3144 3694 3202 miserabili·

290 3240 417 3296 suis
446 3235 913 3310 expeditionibus
946 3239 1143 3291 tenere
1160 3232 1426 3305 jubetur,
1451 3236 1515 3288 ut
1562 3230 1942 3303 praecedenti-

277 3329 412 3395 buS,
445 3329 497 3384 si
527 3326 838 3383 necessitas
867 3322 1187 3390 emerserit,
1236 3338 1407 3394 opem
1467 3321 1630 3379 ferat.
1657 3321 1943 3378 Tertium·

2050 3242 2140 3295 ter
2165 3237 2529 3296 occubuisse.
2556 3236 2664 3293 Sed
2694 3240 2752 3293 et
2780 3235 2905 3293 alias
2937 3234 3395 3293 innumerabiles
3449 3251 3569 3291 non
3601 3235 3698 3292 de·

2051 3327 2451 3384 fueruntinter
2481 3326 2612 3384 illas
2643 3326 2950 3398 angustias
2970 3323 3383 3397 ‚periculorum
3442 3324 3697 3381 transire

279 3423 335 3476 et
357 3416 737 3475 novissimum
771 3415 1109 3486 imperator,
1157 3413 1364 3468 eodem
1424 3411 1677 3478 decreto,
1705 3415 1940 3468 consert
2046 3417 2372 3476 volentibus
2410 3416 2659 3489 species.

277 3524 414 3566 vare
445 3506 785 3571 mandatur,
817 3507 879 3559 ut
908 3502 1201 3567 hostibus,
1233 3498 1281 3557 si
1308 3500 1503 3557 fortea
1524 3500 1937 3573 parteirruans

300 3595 637 3669 posteriore,
686 3591 958 3649 resistere
1005 3590 1086 3645 sit
1127 3593 1386 3662 paratus,
1444 3592 1501 3644 et
1557 3589 1917 3660 praeccdente

281 3685 479 3759 copias
504 3701 538 3740 a
562 3687 721 3755 parte
760 3679 961 3737 relicta
990 3679 1221 3736 reddat.
1247 3677 1592 3734 securiores.
1654 3675 1755 3734 His
1787 3694 1923 3749 ergo

281 3775 481 3832 tribus
536 3770 879 3830 erercitibus
934 3769 1137 3825 ordine
1194 3783 1454 3839 congruo
1503 3764 1825 3838 dispositis,
1857 3767 1931 3822 ad

279 3864 486 3921 urbem
516 3867 710 3920 castra
743 3862 1105 3933 promovent,
1153 3858 1430 3914 accedere
1487 3857 1927 3914 contendentes.

283 3953 387 4011 Est
418 3956 610 4009 antem
641 3950 929 4008 civitasab
952 3946 1293 4005 occidentali
1327 3949 1507 4018 parte,
1542 3946 1696 4002 unde
1710 3944 1927 4001 nostris

279 4045 404 4099 erat
431 4057 730 4106 accessus,
761 4042 819 4095 et
848 4055 881 4095 a
911 4034 1351 4109 septentrionali
1411 4033 1688 4106 pomeriis
1736 4032 1926 4090 obsita

2692 3522 2921 3581 CAPUT
2953 3521 3045 3580 lV.

2043 3633 2230 3690 Nostri
2255 3632 2498 3704 pomeria
2548 3632 2787 3686 civitatis
2833 3630 3101 3686 violenter
3145 3628 3470 3703 effi-inquam,
3502 3639 3556 3687 ee
3583 3630 3693 3701 fiu-

2112 3709 2260 3760 vium
2282 3705 2476 3760 invitis
2495 3703 2734 3759 hostibus
2763 3707 3035 3769 occupant
3057 3703 3114 3757 in
3143 3718 3310 3757 manu
3365 3704 3530 3771 torti.
3581 3704 3688 3757 Fa-

2110 3782 2260 3901 gtizliumr
2287 3777 2635 3846 imperatoris
2661 3775 2933 3831 eximium
2982 3780 3038 3831 et
3084 3773 3418 3830 admirabile
3470 3773 3690 3830 descri-

2108 3953 2226 4011 IIoc
2256 3952 2435 4025 igitur
2467 3951 2855 4023 intelligentes
2883 3950 3095 4019 nostri,
3153 3951 3379 4009 instant
3406 3952 3686 4009 acerbius

2032 4044 2092 4098 et
2120 4040 2373 4098 effractis
2401 4041 2709 4098 hortorum
2736 4038 3021 4096 violenter
3075 4038 3366 4106 claustris,
3422 4040 3684 4111 pomeria

279 4132 451 4204 longe
507 4130 757 4201 lateque,
819 4128 1008 4182 instat·
1059 4124 1485 4181 condensorum
1533 4140 1837 4182 nemorum
1869 4128 1927 4181 et
2032 4130 2298 4188 certatim
2331 4133 2735 4201 occupant;et
2766 4128 3362 4201 quosint'raseptavel
3381 4129 3438 4184 in
3465 4128 3684 4199 hujus-

278 4234 589 4292 opacarum
622 4218 923 4282 ⁸5¹V8P⁰m2
962 4214 1044 4269 ἰῑῑ
1072 4218 1139 4270 ὓῑ
1191 4213 1343 4270 ὓῙῑΐῦ
1373 4212 1631 4285 qumque
1663 4218 1764 4270 aut
1791 4229 1921 4270 am-
2029 4219 2185 4277 modi
2214 4219 2487 4277 domibus
2508 4218 2824 4289 reperiunt,
2845 4218 3558 4290 gladiistraneverberant,
3579 4225 3681 4278 aut

278 4307 434 4380 plius
466 4304 738 4360 milliaria
778 4318 981 4358 versus
1035 4301 1321 4358 Libanum
1381 4302 1818 4373 protendantur.
1851 4302 1922 4357 Et
2029 4309 2088 4365 in
2118 4308 2351 4365 vincula
2391 4316 2589 4380 captos
2645 4307 2986 4379 conjiciunt.
3036 4309 3199 4375 Quod
3230 4309 3545 4369 audientes
3574 4313 3678 4383 qui

274 4395 396 4452 baec
427 4393 649 4461 eadem,
683 4408 753 4448 ne
783 4390 1045 4446 dominia
1078 4390 1321 4446 fortasse
1350 4390 1470 4446 sint
1499 4389 1558 4445 in
1588 4389 1828 4458 incerto,
1863 4392 1921 4445 et
2028 4399 2100 4455 ad
2131 4397 2326 4454 simile
2353 4414 2504 4469 opus
2533 4396 2819 4462 exierant.
2850 4397 3098 4455 aliorum
3113 4398 3376 4470 exemplo
3398 4400 3683 4458 timentes

276 4502 350 4542 ne
378 4483 706 4541 volentibus
739 4481 956 4554 passim
1024 4479 1264 4538 introire
1320 4479 1512 4550 liceat,
1564 4479 1759 4537 clausa
1782 4486 1925 4538 suut
1956 4480 2000 4544 D
2029 4488 2287 4557 interire,
2313 4487 2528 4546 relictis
2568 4487 2774 4556 hortis,
2832 4486 3169 4545 catervatim
3227 4488 3290 4545 iu
3353 4488 3564 4547 urbem
3616 4506 3682 4546 ω

276 4591 469 4640 muro·
514 4573 648 4630 licet
705 4573 895 4641 luteo;
929 4588 1062 4628 nam
1122 4570 1415 4642 lapidibus
1471 4570 1629 4642 regio
1678 4570 1780 4628 illa
1803 4589 1920 4632 nou
2029 4578 2359 4651 recipiunt3
2392 4578 2596 4649 sicque
2626 4575 2743 4633 illis
2781 4576 2844 4633 in
2873 4577 3072 4643 sugam
3103 4576 3429 4645 versis,aut
3450 4594 3680 4650 perem-

272 4664 556 4723 abundat.
610 4663 822 4719 Clausa
878 4664 1015 4717 sunt
1073 4660 1291 4732 itaque,
1353 4663 1411 4716 et
1456 4660 1779 4718 secundum
1810 4661 1921 4720 hoc
2029 4669 2145 4743 ptis
2175 4668 2423 4741 gladios,
2455 4666 2604 4723 liber
2632 4664 2849 4723 nostris
2871 4667 2942 4722 ad
2957 4666 3686 4739 anteriorapatuitaditus.

277 4754 430 4829 quod
452 4753 663 4825 cuique
692 4750 1157 4824 designatoesunt
1176 4749 1790 4821 possessiones,muro
1808 4750 1919 4808 hu·
2031 4760 2341 4832 Equestres
2367 4773 2537 4828 porro
2559 4765 2676 4814 tam
2708 4756 2946 4826 civium,
2989 4772 3167 4829 quam
3224 4772 3427 4815 eorum
3450 4758 3553 4829 qui
3583 4758 3672 4816 eis

266 4843 534 4919 jusmodi
556 4842 791 4908 vallata,
850 4840 1065 4898 relictis
1121 4840 1351 4897 semitis
1410 4843 1466 4898 et
1502 4841 1615 4899 viis
1645 4841 1916 4913 publicis,

273 4933 409 4990 licet
439 4932 721 5004 augustis,
754 4929 969 5001 quibus
999 4929 1612 4988 hortulanisetcuram
1629 4930 1920 5002 pomerio·

266 5039 398 5082 rum
421 5021 773 5078 habentibus
795 5020 868 5078 ad
896 5021 1099 5076 urbem
1125 5034 1258 5076 cum
1294 5019 1573 5091 jumentis
1587 5020 1809 5077 fructus
1830 5022 1920 5079 de·

276 5111 599 5172 ferentibus
629 5110 1017 5183 perveniatur.
1051 5109 1203 5166 Sunt
1260 5114 1458 5166 autem
1506 5108 1631 5167 haec
1660 5110 1920 5181 pomeria

276 5204 407 5262 urbi
442 5218 544 5276 pro
575 5216 806 5258 summo
840 5198 1202 5267 munimine;
1235 5214 1372 5255 nam
1403 5215 1516 5271 prae
1547 5198 1838 5255 densitate
1859 5204 1919 5256 et

277 5294 557 5350 arborum
590 5287 939 5362 frequentia,
968 5291 1027 5344 et
1058 5284 1285 5344 viarum
1314 5286 1625 5359 angustiis,
1676 5285 1917 5346 videba-

281 5387 375 5437 tur
402 5381 695 5437 dut-umet
724 5395 869 5451 pene
899 5376 1287 5449 impossibile,
1316 5385 1378 5434 ut
1407 5376 1560 5435 abea
1577 5378 1741 5449 parte
1768 5385 1919 5436 esset

273 5470 559 5526 transitus
587 5469 793 5527 urbem
827 5468 988 5525 adire
1015 5466 1367 5524 volentibus.
1412 5467 1520 5523 Per
1563 5465 1687 5523 hmo
1717 5471 1917 5526 tamen

275 5569 381 5618 oca
421 5558 717 5618 decretum
758 5561 885 5619 erat
938 5556 1158 5618 nostris
1206 5555 1575 5634 principibus
1626 5557 1699 5618 ab
1737 5555 1909 5618 initio

2025 4847 2092 4906 iu
2122 4845 2445 4905 subsidium
2474 4849 2774 4915 venerant,
2804 4845 3008 4918 copiis,
3068 4845 3468 4913 intelligentes
3526 4847 3686 4919 quod

2027 4938 2098 4995 ad
2133 4936 2523 4994 obsidendum
2547 4935 2754 4993 urbem
2787 4950 2888 5007 per
2918 4934 3050 4993 illas
3079 4939 3274 5009 partes
3311 4943 3513 4994 noster
3541 4953 3688 4994 ven-

2027 5031 2194 5084 turus
2225 5033 2378 5084 esset
2397 5026 2703 5094 exercitus,
2737 5025 2807 5083 ad
2851 5040 3088 5084 amnem
3139 5024 3241 5098 qut
3295 5026 3498 5083 urbem
3532 5042 3680 5099 prai-

2027 5116 2354 5178 terlabitur.
2378 5119 2769 5182 accesserant,
2801 5119 2858 5172 ut
2894 5114 3148 5173 arcubus
3171 5118 3229 5171 et
3246 5114 3482 5172 balistis
3520 5131 3688 5187 expe.

2030 5206 2278 5264 ditiones
2296 5222 2367 5262 ex
2398 5205 2605 5262 itinere
2635 5205 2930 5277 fatigatas,
2954 5212 3010 5261 et
3041 5220 3156 5275 prae
3186 5204 3318 5261 sitis
3375 5204 3681 5278 angustias

2026 5294 2383 5362 laborantes,
2414 5299 2681 5353 arcerent
2701 5312 2735 5353 a
2762 5294 3003 5352 numine
3032 5298 3091 5351 et
3119 5310 3411 5367 aquarum
3427 5293 3685 5354 maxime

2026 5384 2412 5443 necessariam
2462 5387 2742 5456 negarent
2789 5382 3124 5441 sitientibus
3177 5380 3683 5443 commoditatem.

2023 5472 2218 5531 Nostri
2247 5490 2382 5532 vero
2410 5472 2489 5532 ad
2516 5472 2891 5531 relevandam
2922 5472 3106 5542 sitim,
3137 5487 3308 5544 quam
3338 5487 3410 5528 ex
3449 5469 3677 5530 laboris

2024 5561 2378 5624 difficultate
2405 5567 2463 5623 et
2491 5578 2562 5622 ex
2579 5561 2841 5637 pulveris
2869 5562 3242 5636 nubedensa,
3269 5575 3560 5635 equorum
3591 5561 3690 5622 ba·
