<?xml version="1.0" encoding="UTF-8"?>
<!DOCTYPE html PUBLIC "-//W3C//DTD XHTML 1.0 Transitional//EN"
    "http://www.w3.org/TR/xhtml1/DTD/xhtml1-transitional.dtd">
<html xmlns="http://www.w3.org/1999/xhtml" xml:lang="en" lang="en">
 <head>
  <title>
</title>
<meta http-equiv="Content-Type" content="text/html;charset=utf-8" />
  <meta name='ocr-system' content='tesseract 3.04.00' />
  <meta name='ocr-capabilities' content='ocr_page ocr_carea ocr_par ocr_line ocrx_word'/>
</head>
<body>
  <div class='ocr_page' id='page_1' title='image "./patrologiaecurs32goog_0276.png"; bbox 0 0 3784 6000; ppageno 0'>
   <div class='ocr_carea' id='block_1_1' title="bbox 171 257 1222 443">
    <p class='ocr_par' dir='ltr' id='par_1_1' title="bbox 171 257 1201 443">
     <span class='ocr_line' id='line_1_1' title="bbox 171 257 292 321; baseline -0.017 0"><span class='ocrx_word' id='word_1_1' title='bbox 171 257 292 321; x_wconf 73' lang='lat'>543</span> 
     </span>
     <span class='ocr_line' id='line_1_2' title="bbox 760 381 1222 443; baseline -0.016 0"><span class='ocrx_word' id='word_1_2' title='bbox 760 385 990 443; x_wconf 78' lang='lat' dir='ltr'>CAPUT</span> <span class='ocrx_word' id='word_1_3' title='bbox 1019 381 1222 440; x_wconf 76' lang='lat' dir='ltr'>xxiv.</span> 
     </span>
    </p>
   </div>
   <div class='ocr_carea' id='block_1_2' title="bbox 1250 234 2506 306">
    <p class='ocr_par' dir='ltr' id='par_1_2' title="bbox 1250 234 2506 306">
     <span class='ocr_line' id='line_1_3' title="bbox 1250 234 2506 306; baseline -0.002 -2"><span class='ocrx_word' id='word_1_4' title='bbox 1250 239 1677 306; x_wconf 80' lang='lat' dir='ltr'>GUlLLELMI</span> <span class='ocrx_word' id='word_1_5' title='bbox 1719 234 2105 301; x_wconf 76' lang='lat' dir='ltr'>TYRENSlS</span> <span class='ocrx_word' id='word_1_6' title='bbox 2145 236 2506 301; x_wconf 81' lang='lat' dir='ltr'>ARCHIEP.</span> 
     </span>
    </p>
   </div>
   <div class='ocr_carea' id='block_1_3' title="bbox 1857 369 3587 447">
    <p class='ocr_par' dir='ltr' id='par_1_3' title="bbox 1857 369 3587 447">
     <span class='ocr_line' id='line_1_4' title="bbox 1857 369 3587 447; baseline 0.003 -22"><span class='ocrx_word' id='word_1_7' title='bbox 1857 370 1912 438; x_wconf 76' lang='grc' dir='ltr'><strong>Α</strong></span> <span class='ocrx_word' id='word_1_8' title='bbox 1940 369 2163 428; x_wconf 88' lang='lat' dir='ltr'>dicillos</span> <span class='ocrx_word' id='word_1_9' title='bbox 2207 374 2371 444; x_wconf 84' lang='lat' dir='ltr'>duos,</span> <span class='ocrx_word' id='word_1_10' title='bbox 2424 372 2672 432; x_wconf 88' lang='lat' dir='ltr'>alterum</span> <span class='ocrx_word' id='word_1_11' title='bbox 2718 374 2854 447; x_wconf 87' lang='lat' dir='ltr'>Tyri</span> <span class='ocrx_word' id='word_1_12' title='bbox 2902 376 3284 447; x_wconf 90' lang='lat' dir='ltr'>mentionem,</span> <span class='ocrx_word' id='word_1_13' title='bbox 3336 374 3587 433; x_wconf 87' lang='lat' dir='ltr'>alterum</span> 
     </span>
    </p>
   </div>
   <div class='ocr_carea' id='block_1_4' title="bbox 3463 243 3590 303">
    <p class='ocr_par' dir='ltr' id='par_1_4' title="bbox 3463 243 3590 303">
     <span class='ocr_line' id='line_1_5' title="bbox 3463 243 3590 303; baseline -0.031 0"><span class='ocrx_word' id='word_1_14' title='bbox 3463 243 3590 303; x_wconf 68' lang='lat' dir='ltr'>su</span> 
     </span>
    </p>
   </div>
   <div class='ocr_carea' id='block_1_5' title="bbox 175 461 3593 554">
    <p class='ocr_par' dir='ltr' id='par_1_5' title="bbox 175 461 3593 554">
     <span class='ocr_line' id='line_1_6' title="bbox 175 461 3593 554; baseline -0.006 -15"><span class='ocrx_word' id='word_1_15' title='bbox 175 483 345 554; x_wconf 73' lang='lat' dir='ltr'>Requi</span> <span class='ocrx_word' id='word_1_16' title='bbox 371 478 647 552; x_wconf 81' lang='lat' dir='ltr'>principes</span> <span class='ocrx_word' id='word_1_17' title='bbox 666 493 788 534; x_wconf 85' lang='lat' dir='ltr'>cum</span> <span class='ocrx_word' id='word_1_18' title='bbox 809 476 992 532; x_wconf 82' lang='lat' dir='ltr'>eodem</span> <span class='ocrx_word' id='word_1_19' title='bbox 1018 474 1151 529; x_wconf 83' lang='lat' dir='ltr'>duce</span> <span class='ocrx_word' id='word_1_20' title='bbox 1177 470 1540 537; x_wconf 84' lang='lat' dir='ltr'>conveniunt,</span> <span class='ocrx_word' id='word_1_21' title='bbox 1569 469 1619 522; x_wconf 85' lang='lat' dir='ltr'>el</span> <span class='ocrx_word' id='word_1_22' title='bbox 1646 467 1823 538; x_wconf 82' lang='lat' dir='ltr'>Tyrus</span> <span class='ocrx_word' id='word_1_23' title='bbox 1929 461 2226 518; x_wconf 73' lang='lat' dir='ltr'>Ascalonae</span> <span class='ocrx_word' id='word_1_24' title='bbox 2280 463 2665 530; x_wconf 86' lang='lat' dir='ltr'>continentes,</span> <span class='ocrx_word' id='word_1_25' title='bbox 2724 468 2784 521; x_wconf 88' lang='lat' dir='ltr'>et</span> <span class='ocrx_word' id='word_1_26' title='bbox 2831 481 3011 538; x_wconf 88' lang='lat' dir='ltr'>super</span> <span class='ocrx_word' id='word_1_27' title='bbox 3059 465 3242 523; x_wconf 89' lang='lat' dir='ltr'>altare</span> <span class='ocrx_word' id='word_1_28' title='bbox 3287 463 3593 523; x_wconf 73' lang='lat' dir='ltr'>chartulas</span> 
     </span>
    </p>
   </div>
   <div class='ocr_carea' id='block_1_6' title="bbox 248 547 1822 692">
    <p class='ocr_par' dir='ltr' id='par_1_6' title="bbox 248 547 1822 692">
     <span class='ocr_line' id='line_1_7' title="bbox 248 547 1822 692; baseline -0.012 -13"><span class='ocrx_word' id='word_1_29' title='bbox 248 621 535 679; x_wconf 77' lang='lat' dir='ltr'>Dominus</span> <span class='ocrx_word' id='word_1_30' title='bbox 568 636 696 676; x_wconf 84' lang='lat' dir='ltr'>vero</span> <span class='ocrx_word' id='word_1_31' title='bbox 739 547 1642 692; x_wconf 49' lang='grc' dir='ltr'>ριιῐιιξξῗέὶιξιανΗίοιοεοῙγιιιοι-ιιιιι</span> <span class='ocrx_word' id='word_1_32' title='bbox 1674 606 1822 661; x_wconf 92' lang='lat' dir='ltr'>Gor-</span> 
     </span>
    </p>
   </div>
   <div class='ocr_carea' id='block_1_7' title="bbox 167 699 1825 3113">
    <p class='ocr_par' dir='ltr' id='par_1_7' title="bbox 167 699 1824 1770">
     <span class='ocr_line' id='line_1_8' title="bbox 172 699 1824 781; baseline -0.012 -13"><span class='ocrx_word' id='word_1_33' title='bbox 172 713 463 778; x_wconf 81' lang='lat' dir='ltr'>mundus3</span> <span class='ocrx_word' id='word_1_34' title='bbox 494 708 772 765; x_wconf 88' lang='lat' dir='ltr'>dominus</span> <span class='ocrx_word' id='word_1_35' title='bbox 802 723 1036 781; x_wconf 86' lang='lat' dir='ltr'>quoque</span> <span class='ocrx_word' id='word_1_36' title='bbox 1065 703 1400 760; x_wconf 76' lang='lat' dir='ltr'>willelmus</span> <span class='ocrx_word' id='word_1_37' title='bbox 1429 701 1500 756; x_wconf 90' lang='lat' dir='ltr'>de</span> <span class='ocrx_word' id='word_1_38' title='bbox 1527 699 1698 758; x_wconf 79' lang='lat' dir='ltr'>Buris</span> <span class='ocrx_word' id='word_1_39' title='bbox 1718 711 1824 763; x_wconf 89' lang='lat' dir='ltr'>‚re-</span> 
     </span>
     <span class='ocr_line' id='line_1_9' title="bbox 171 795 1819 875; baseline -0.009 -18"><span class='ocrx_word' id='word_1_40' title='bbox 171 800 271 875; x_wconf 84' lang='lat' dir='ltr'>gni</span> <span class='ocrx_word' id='word_1_41' title='bbox 300 797 772 858; x_wconf 75' lang='lat' dir='ltr'>constabularius</span> <span class='ocrx_word' id='word_1_42' title='bbox 792 805 848 855; x_wconf 89' lang='lat' dir='ltr'>et</span> <span class='ocrx_word' id='word_1_43' title='bbox 871 800 1232 868; x_wconf 88' lang='lat' dir='ltr'>procurator,</span> <span class='ocrx_word' id='word_1_44' title='bbox 1248 795 1536 867; x_wconf 61' lang='lat' dir='ltr'>[paganus</span> <span class='ocrx_word' id='word_1_45' title='bbox 1585 804 1819 863; x_wconf 86' lang='lat' dir='ltr'>quoque</span> 
     </span>
     <span class='ocr_line' id='line_1_10' title="bbox 167 876 1818 962; baseline -0.009 -16"><span class='ocrx_word' id='word_1_46' title='bbox 167 889 362 962; x_wconf 87' lang='lat' dir='ltr'>regius</span> <span class='ocrx_word' id='word_1_47' title='bbox 391 887 796 954; x_wconf 88' lang='lat' dir='ltr'>cancellarius,</span> <span class='ocrx_word' id='word_1_48' title='bbox 826 903 942 942; x_wconf 78' lang='lat' dir='ltr'>una</span> <span class='ocrx_word' id='word_1_49' title='bbox 989 901 1120 941; x_wconf 91' lang='lat' dir='ltr'>cum</span> <span class='ocrx_word' id='word_1_50' title='bbox 1162 879 1638 955; x_wconf 86' lang='lat' dir='ltr'>archiepiscopis.</span> <span class='ocrx_word' id='word_1_51' title='bbox 1693 876 1818 949; x_wconf 87' lang='lat' dir='ltr'>epi-</span> 
     </span>
     <span class='ocr_line' id='line_1_11' title="bbox 175 965 1817 1051; baseline -0.009 -16"><span class='ocrx_word' id='word_1_52' title='bbox 175 978 393 1051; x_wconf 90' lang='lat' dir='ltr'>scopis,</span> <span class='ocrx_word' id='word_1_53' title='bbox 422 982 480 1034; x_wconf 86' lang='lat' dir='ltr'>et</span> <span class='ocrx_word' id='word_1_54' title='bbox 500 978 742 1043; x_wconf 78' lang='lat' dir='ltr'>caeleris,</span> <span class='ocrx_word' id='word_1_55' title='bbox 778 976 943 1049; x_wconf 86' lang='lat' dir='ltr'>regni</span> <span class='ocrx_word' id='word_1_56' title='bbox 965 974 1300 1047; x_wconf 88' lang='lat' dir='ltr'>proceribus</span> <span class='ocrx_word' id='word_1_57' title='bbox 1323 965 1817 1038; x_wconf 90' lang='lat' dir='ltr'>audientes,quod</span> 
     </span>
     <span class='ocr_line' id='line_1_12' title="bbox 169 1055 1818 1135; baseline -0.009 -12"><span class='ocrx_word' id='word_1_58' title='bbox 169 1068 286 1124; x_wconf 87' lang='lat' dir='ltr'>dux</span> <span class='ocrx_word' id='word_1_59' title='bbox 307 1067 585 1135; x_wconf 77' lang='lat' dir='ltr'>Venetiae,</span> <span class='ocrx_word' id='word_1_60' title='bbox 617 1081 753 1123; x_wconf 90' lang='lat' dir='ltr'>cum</span> <span class='ocrx_word' id='word_1_61' title='bbox 798 1063 982 1121; x_wconf 88' lang='lat' dir='ltr'>navali</span> <span class='ocrx_word' id='word_1_62' title='bbox 1043 1063 1323 1131; x_wconf 84' lang='lat' dir='ltr'>exercitu,</span> <span class='ocrx_word' id='word_1_63' title='bbox 1372 1058 1593 1115; x_wconf 90' lang='lat' dir='ltr'>nostris</span> <span class='ocrx_word' id='word_1_64' title='bbox 1625 1055 1818 1127; x_wconf 91' lang='lat' dir='ltr'>appli-</span> 
     </span>
     <span class='ocr_line' id='line_1_13' title="bbox 173 1147 1817 1228; baseline -0.009 -12"><span class='ocrx_word' id='word_1_65' title='bbox 173 1159 394 1216; x_wconf 89' lang='lat' dir='ltr'>cuisset</span> <span class='ocrx_word' id='word_1_66' title='bbox 423 1159 739 1228; x_wconf 74' lang='lat' dir='ltr'>littoribus,</span> <span class='ocrx_word' id='word_1_67' title='bbox 771 1161 829 1214; x_wconf 89' lang='lat' dir='ltr'>et</span> <span class='ocrx_word' id='word_1_68' title='bbox 852 1158 922 1212; x_wconf 91' lang='lat' dir='ltr'>de</span> <span class='ocrx_word' id='word_1_69' title='bbox 938 1155 1208 1212; x_wconf 76' lang='lat' dir='ltr'>hostibus</span> <span class='ocrx_word' id='word_1_70' title='bbox 1240 1154 1321 1209; x_wconf 87' lang='lat' dir='ltr'>ita</span> <span class='ocrx_word' id='word_1_71' title='bbox 1341 1150 1590 1224; x_wconf 85' lang='lat' dir='ltr'>gloriose</span> <span class='ocrx_word' id='word_1_72' title='bbox 1611 1147 1817 1204; x_wconf 88' lang='lat' dir='ltr'>trium-</span> 
     </span>
     <span class='ocr_line' id='line_1_14' title="bbox 173 1239 1819 1322; baseline -0.009 -16"><span class='ocrx_word' id='word_1_73' title='bbox 173 1248 428 1322; x_wconf 84' lang='lat' dir='ltr'>phasset,</span> <span class='ocrx_word' id='word_1_74' title='bbox 457 1248 747 1305; x_wconf 89' lang='lat' dir='ltr'>miserunt</span> <span class='ocrx_word' id='word_1_75' title='bbox 777 1247 1014 1304; x_wconf 86' lang='lat' dir='ltr'>nuntios</span> <span class='ocrx_word' id='word_1_76' title='bbox 1048 1245 1118 1302; x_wconf 93' lang='lat' dir='ltr'>ad</span> <span class='ocrx_word' id='word_1_77' title='bbox 1152 1259 1306 1311; x_wconf 83' lang='lat' dir='ltr'>eum,</span> <span class='ocrx_word' id='word_1_78' title='bbox 1329 1242 1482 1298; x_wconf 86' lang='lat' dir='ltr'>viros</span> <span class='ocrx_word' id='word_1_79' title='bbox 1505 1239 1819 1312; x_wconf 74' lang='lat' dir='ltr'>prudentes</span> 
     </span>
     <span class='ocr_line' id='line_1_15' title="bbox 173 1328 1817 1408; baseline -0.007 -16"><span class='ocrx_word' id='word_1_80' title='bbox 173 1341 232 1393; x_wconf 89' lang='lat' dir='ltr'>et</span> <span class='ocrx_word' id='word_1_81' title='bbox 260 1336 560 1404; x_wconf 80' lang='lat' dir='ltr'>honestos„</span> <span class='ocrx_word' id='word_1_82' title='bbox 593 1337 691 1408; x_wconf 88' lang='lat' dir='ltr'>qui</span> <span class='ocrx_word' id='word_1_83' title='bbox 723 1352 857 1393; x_wconf 92' lang='lat' dir='ltr'>eum</span> <span class='ocrx_word' id='word_1_84' title='bbox 889 1341 946 1391; x_wconf 91' lang='lat' dir='ltr'>et</span> <span class='ocrx_word' id='word_1_85' title='bbox 967 1333 1166 1408; x_wconf 88' lang='lat' dir='ltr'>populi</span> <span class='ocrx_word' id='word_1_86' title='bbox 1207 1336 1552 1389; x_wconf 86' lang='lat' dir='ltr'>Venetorum</span> <span class='ocrx_word' id='word_1_87' title='bbox 1597 1328 1817 1401; x_wconf 89' lang='lat' dir='ltr'>primo-</span> 
     </span>
     <span class='ocr_line' id='line_1_16' title="bbox 174 1418 1818 1497; baseline -0.007 -16"><span class='ocrx_word' id='word_1_88' title='bbox 174 1440 289 1493; x_wconf 86' lang='lat' dir='ltr'>res,</span> <span class='ocrx_word' id='word_1_89' title='bbox 331 1425 732 1497; x_wconf 79' lang='lat' dir='ltr'>exercitusque</span> <span class='ocrx_word' id='word_1_90' title='bbox 760 1424 1116 1495; x_wconf 76' lang='lat' dir='ltr'>capitaneos,</span> <span class='ocrx_word' id='word_1_91' title='bbox 1148 1439 1216 1479; x_wconf 85' lang='lat' dir='ltr'>ex</span> <span class='ocrx_word' id='word_1_92' title='bbox 1247 1424 1410 1495; x_wconf 88' lang='lat' dir='ltr'>parte</span> <span class='ocrx_word' id='word_1_93' title='bbox 1461 1418 1677 1474; x_wconf 91' lang='lat' dir='ltr'>domini</span> <span class='ocrx_word' id='word_1_94' title='bbox 1723 1433 1818 1487; x_wconf 90' lang='lat' dir='ltr'>pa-</span> 
     </span>
     <span class='ocr_line' id='line_1_17' title="bbox 176 1509 1815 1586; baseline -0.005 -17"><span class='ocrx_word' id='word_1_95' title='bbox 176 1513 465 1581; x_wconf 77' lang='lat' dir='ltr'>triarchae,</span> <span class='ocrx_word' id='word_1_96' title='bbox 500 1513 829 1586; x_wconf 73' lang='lat' dir='ltr'>principum</span> <span class='ocrx_word' id='word_1_97' title='bbox 861 1517 917 1569; x_wconf 91' lang='lat' dir='ltr'>et</span> <span class='ocrx_word' id='word_1_98' title='bbox 948 1510 1147 1585; x_wconf 89' lang='lat' dir='ltr'>populi</span> <span class='ocrx_word' id='word_1_99' title='bbox 1197 1509 1538 1574; x_wconf 86' lang='lat' dir='ltr'>salutarent,</span> <span class='ocrx_word' id='word_1_100' title='bbox 1591 1510 1649 1562; x_wconf 91' lang='lat' dir='ltr'>et</span> <span class='ocrx_word' id='word_1_101' title='bbox 1676 1520 1815 1562; x_wconf 87' lang='lat' dir='ltr'>con-</span> 
     </span>
     <span class='ocr_line' id='line_1_18' title="bbox 175 1603 1814 1681; baseline -0.007 -17"><span class='ocrx_word' id='word_1_102' title='bbox 175 1613 402 1681; x_wconf 88' lang='lat' dir='ltr'>ceptam</span> <span class='ocrx_word' id='word_1_103' title='bbox 437 1610 507 1666; x_wconf 90' lang='lat' dir='ltr'>de</span> <span class='ocrx_word' id='word_1_104' title='bbox 533 1624 731 1665; x_wconf 91' lang='lat' dir='ltr'>eorum</span> <span class='ocrx_word' id='word_1_105' title='bbox 761 1610 1012 1665; x_wconf 88' lang='lat' dir='ltr'>adventu</span> <span class='ocrx_word' id='word_1_106' title='bbox 1064 1605 1321 1662; x_wconf 75' lang='lat' dir='ltr'>laetitiam</span> <span class='ocrx_word' id='word_1_107' title='bbox 1373 1603 1768 1676; x_wconf 84' lang='lat' dir='ltr'>significarent</span> <span class='ocrx_word' id='word_1_108' title='bbox 1802 1616 1814 1653; x_wconf 92' lang='lat'>:</span> 
     </span>
     <span class='ocr_line' id='line_1_19' title="bbox 177 1690 1815 1770; baseline -0.006 -16"><span class='ocrx_word' id='word_1_109' title='bbox 177 1698 492 1755; x_wconf 83' lang='lat' dir='ltr'>invitantes</span> <span class='ocrx_word' id='word_1_110' title='bbox 539 1714 659 1765; x_wconf 88' lang='lat' dir='ltr'>eos,</span> <span class='ocrx_word' id='word_1_111' title='bbox 711 1703 770 1754; x_wconf 85' lang='lat' dir='ltr'>ut</span> <span class='ocrx_word' id='word_1_112' title='bbox 818 1699 981 1770; x_wconf 90' lang='lat' dir='ltr'>regni</span> <span class='ocrx_word' id='word_1_113' title='bbox 1020 1694 1532 1753; x_wconf 82' lang='lat' dir='ltr'>commoditatibus</span> <span class='ocrx_word' id='word_1_114' title='bbox 1584 1690 1815 1746; x_wconf 81' lang='lat' dir='ltr'>indiffe-</span> 
     </span>
    </p>

    <p class='ocr_par' dir='ltr' id='par_1_8' title="bbox 179 1783 1825 3113">
     <span class='ocr_line' id='line_1_20' title="bbox 182 1783 1818 1861; baseline -0.006 -16"><span class='ocrx_word' id='word_1_115' title='bbox 182 1791 394 1856; x_wconf 86' lang='lat' dir='ltr'>renter,</span> <span class='ocrx_word' id='word_1_116' title='bbox 426 1792 710 1861; x_wconf 90' lang='lat' dir='ltr'>tanquam</span> <span class='ocrx_word' id='word_1_117' title='bbox 760 1788 915 1843; x_wconf 84' lang='lat' dir='ltr'>cives</span> <span class='ocrx_word' id='word_1_118' title='bbox 955 1791 1011 1843; x_wconf 89' lang='lat' dir='ltr'>et</span> <span class='ocrx_word' id='word_1_119' title='bbox 1051 1784 1374 1854; x_wconf 83' lang='lat' dir='ltr'>domestici,</span> <span class='ocrx_word' id='word_1_120' title='bbox 1425 1785 1510 1840; x_wconf 91' lang='lat' dir='ltr'>uti</span> <span class='ocrx_word' id='word_1_121' title='bbox 1556 1783 1668 1839; x_wconf 79' lang='lat' dir='ltr'>frui</span> <span class='ocrx_word' id='word_1_122' title='bbox 1703 1797 1818 1837; x_wconf 91' lang='lat' dir='ltr'>nou</span> 
     </span>
     <span class='ocr_line' id='line_1_21' title="bbox 181 1872 1824 1948; baseline -0.003 -16"><span class='ocrx_word' id='word_1_123' title='bbox 181 1877 553 1946; x_wconf 75' lang='lat' dir='ltr'>dubitarent,</span> <span class='ocrx_word' id='word_1_124' title='bbox 595 1881 832 1948; x_wconf 89' lang='lat' dir='ltr'>paratos</span> <span class='ocrx_word' id='word_1_125' title='bbox 862 1894 924 1935; x_wconf 92' lang='lat' dir='ltr'>se</span> <span class='ocrx_word' id='word_1_126' title='bbox 974 1892 1104 1933; x_wconf 85' lang='lat' dir='ltr'>esse</span> <span class='ocrx_word' id='word_1_127' title='bbox 1153 1880 1484 1931; x_wconf 84' lang='lat' dir='ltr'>asserentes</span> <span class='ocrx_word' id='word_1_128' title='bbox 1540 1872 1824 1929; x_wconf 89' lang='lat' dir='ltr'>humani-</span> 
     </span>
     <span class='ocr_line' id='line_1_22' title="bbox 183 1965 1823 2041; baseline 0 -20"><span class='ocrx_word' id='word_1_129' title='bbox 183 1966 318 2023; x_wconf 87' lang='lat' dir='ltr'>tatls</span> <span class='ocrx_word' id='word_1_130' title='bbox 348 1965 577 2038; x_wconf 88' lang='lat' dir='ltr'>legibus</span> <span class='ocrx_word' id='word_1_131' title='bbox 624 1972 681 2022; x_wconf 93' lang='lat' dir='ltr'>et</span> <span class='ocrx_word' id='word_1_132' title='bbox 710 1966 881 2038; x_wconf 88' lang='lat' dir='ltr'>plena</span> <span class='ocrx_word' id='word_1_133' title='bbox 935 1965 1352 2041; x_wconf 71' lang='lat' dir='ltr'>hospitalitatis</span> <span class='ocrx_word' id='word_1_134' title='bbox 1392 1967 1582 2039; x_wconf 89' lang='lat' dir='ltr'>gratia</span> <span class='ocrx_word' id='word_1_135' title='bbox 1630 1981 1693 2022; x_wconf 90' lang='lat' dir='ltr'>se</span> <span class='ocrx_word' id='word_1_136' title='bbox 1724 1981 1823 2022; x_wconf 90' lang='lat' dir='ltr'>eos</span> 
     </span>
     <span class='ocr_line' id='line_1_23' title="bbox 179 2054 1820 2129; baseline 0 -18"><span class='ocrx_word' id='word_1_137' title='bbox 179 2054 323 2113; x_wconf 86' lang='lat' dir='ltr'>velle</span> <span class='ocrx_word' id='word_1_138' title='bbox 352 2062 620 2123; x_wconf 86' lang='lat' dir='ltr'>tractare,</span> <span class='ocrx_word' id='word_1_139' title='bbox 664 2061 832 2128; x_wconf 89' lang='lat' dir='ltr'>prout</span> <span class='ocrx_word' id='word_1_140' title='bbox 878 2057 1138 2123; x_wconf 87' lang='lat' dir='ltr'>decebat,</span> <span class='ocrx_word' id='word_1_141' title='bbox 1190 2056 1400 2113; x_wconf 87' lang='lat' dir='ltr'>habere</span> <span class='ocrx_word' id='word_1_142' title='bbox 1433 2056 1820 2129; x_wconf 89' lang='lat' dir='ltr'>propositum.</span> 
     </span>
     <span class='ocr_line' id='line_1_24' title="bbox 179 2143 1825 2218; baseline -0.001 -17"><span class='ocrx_word' id='word_1_143' title='bbox 179 2143 308 2201; x_wconf 82' lang='lat' dir='ltr'>Dux</span> <span class='ocrx_word' id='word_1_144' title='bbox 336 2159 495 2218; x_wconf 88' lang='lat' dir='ltr'>ergo,</span> <span class='ocrx_word' id='word_1_145' title='bbox 526 2149 593 2202; x_wconf 93' lang='lat' dir='ltr'>ut</span> <span class='ocrx_word' id='word_1_146' title='bbox 621 2149 679 2202; x_wconf 92' lang='lat' dir='ltr'>et</span> <span class='ocrx_word' id='word_1_147' title='bbox 708 2145 835 2202; x_wconf 89' lang='lat' dir='ltr'>loca</span> <span class='ocrx_word' id='word_1_148' title='bbox 864 2152 1086 2215; x_wconf 85' lang='lat' dir='ltr'>sancta,</span> <span class='ocrx_word' id='word_1_149' title='bbox 1118 2145 1217 2201; x_wconf 91' lang='lat' dir='ltr'>diu</span> <span class='ocrx_word' id='word_1_150' title='bbox 1249 2149 1383 2202; x_wconf 89' lang='lat' dir='ltr'>ante</span> <span class='ocrx_word' id='word_1_151' title='bbox 1413 2148 1688 2215; x_wconf 89' lang='lat' dir='ltr'>concepta</span> <span class='ocrx_word' id='word_1_152' title='bbox 1719 2145 1825 2200; x_wconf 87' lang='lat' dir='ltr'>de-</span> 
     </span>
     <span class='ocr_line' id='line_1_25' title="bbox 181 2233 1822 2308; baseline 0.001 -20"><span class='ocrx_word' id='word_1_153' title='bbox 181 2233 408 2290; x_wconf 84' lang='lat' dir='ltr'>votione</span> <span class='ocrx_word' id='word_1_154' title='bbox 437 2233 674 2304; x_wconf 88' lang='lat' dir='ltr'>videret,</span> <span class='ocrx_word' id='word_1_155' title='bbox 702 2239 761 2291; x_wconf 93' lang='lat' dir='ltr'>et</span> <span class='ocrx_word' id='word_1_156' title='bbox 781 2235 1145 2308; x_wconf 89' lang='lat' dir='ltr'>principibus</span> <span class='ocrx_word' id='word_1_157' title='bbox 1175 2234 1376 2307; x_wconf 28' lang='lat' dir='ltr'>qui-{se</span> <span class='ocrx_word' id='word_1_158' title='bbox 1416 2243 1533 2290; x_wconf 83' lang='lat' dir='ltr'>tam</span> <span class='ocrx_word' id='word_1_159' title='bbox 1574 2233 1822 2306; x_wconf 77' lang='lat' dir='ltr'>benigne</span> 
     </span>
     <span class='ocr_line' id='line_1_26' title="bbox 179 2320 1823 2394; baseline 0.001 -18"><span class='ocrx_word' id='word_1_160' title='bbox 179 2320 572 2378; x_wconf 75' lang='lat' dir='ltr'>invitaverant</span> <span class='ocrx_word' id='word_1_161' title='bbox 600 2321 949 2394; x_wconf 74' lang='lat' dir='ltr'>loqueretur,</span> <span class='ocrx_word' id='word_1_162' title='bbox 997 2321 1216 2378; x_wconf 88' lang='lat' dir='ltr'>relictis</span> <span class='ocrx_word' id='word_1_163' title='bbox 1264 2323 1363 2394; x_wconf 87' lang='lat' dir='ltr'>qui</span> <span class='ocrx_word' id='word_1_164' title='bbox 1412 2321 1581 2377; x_wconf 88' lang='lat' dir='ltr'>classi</span> <span class='ocrx_word' id='word_1_165' title='bbox 1615 2336 1823 2393; x_wconf 78' lang='lat' dir='ltr'>praees·</span> 
     </span>
     <span class='ocr_line' id='line_1_27' title="bbox 182 2408 1820 2482; baseline 0.001 -18"><span class='ocrx_word' id='word_1_166' title='bbox 182 2415 312 2467; x_wconf 90' lang='lat' dir='ltr'>sent</span> <span class='ocrx_word' id='word_1_167' title='bbox 330 2408 472 2465; x_wconf 86' lang='lat' dir='ltr'>viris</span> <span class='ocrx_word' id='word_1_168' title='bbox 488 2409 894 2480; x_wconf 81' lang='lat' dir='ltr'>prudentibus,</span> <span class='ocrx_word' id='word_1_169' title='bbox 914 2411 1038 2482; x_wconf 88' lang='lat' dir='ltr'>ipse</span> <span class='ocrx_word' id='word_1_170' title='bbox 1051 2427 1181 2466; x_wconf 89' lang='lat' dir='ltr'>cum</span> <span class='ocrx_word' id='word_1_171' title='bbox 1208 2411 1533 2482; x_wconf 89' lang='lat' dir='ltr'>majoribus</span> <span class='ocrx_word' id='word_1_172' title='bbox 1556 2410 1820 2481; x_wconf 86' lang='lat' dir='ltr'>ejusdem</span> 
     </span>
     <span class='ocr_line' id='line_1_28' title="bbox 183 2497 1820 2574; baseline 0.002 -20"><span class='ocrx_word' id='word_1_173' title='bbox 183 2497 383 2571; x_wconf 88' lang='lat' dir='ltr'>populi</span> <span class='ocrx_word' id='word_1_174' title='bbox 413 2499 871 2570; x_wconf 79' lang='lat' dir='ltr'>Hierosolymam</span> <span class='ocrx_word' id='word_1_175' title='bbox 892 2502 1070 2557; x_wconf 88' lang='lat' dir='ltr'>venit.</span> <span class='ocrx_word' id='word_1_176' title='bbox 1103 2499 1469 2558; x_wconf 85' lang='lat' dir='ltr'>Ubihoneste</span> <span class='ocrx_word' id='word_1_177' title='bbox 1491 2505 1820 2574; x_wconf 89' lang='lat' dir='ltr'>susceptus,</span> 
     </span>
     <span class='ocr_line' id='line_1_29' title="bbox 182 2585 1821 2659; baseline 0.002 -18"><span class='ocrx_word' id='word_1_178' title='bbox 182 2589 238 2641; x_wconf 89' lang='lat' dir='ltr'>et</span> <span class='ocrx_word' id='word_1_179' title='bbox 265 2601 398 2642; x_wconf 91' lang='lat' dir='ltr'>cum</span> <span class='ocrx_word' id='word_1_180' title='bbox 431 2585 620 2641; x_wconf 90' lang='lat' dir='ltr'>multa</span> <span class='ocrx_word' id='word_1_181' title='bbox 650 2591 932 2644; x_wconf 85' lang='lat' dir='ltr'>tractatus</span> <span class='ocrx_word' id='word_1_182' title='bbox 972 2588 1431 2659; x_wconf 80' lang='lat' dir='ltr'>honorificentia,</span> <span class='ocrx_word' id='word_1_183' title='bbox 1480 2590 1680 2645; x_wconf 78' lang='lat' dir='ltr'>Natale</span> <span class='ocrx_word' id='word_1_184' title='bbox 1715 2595 1821 2645; x_wconf 89' lang='lat' dir='ltr'>Do·</span> 
     </span>
     <span class='ocr_line' id='line_1_30' title="bbox 183 2672 1820 2750; baseline 0.002 -20"><span class='ocrx_word' id='word_1_185' title='bbox 183 2673 327 2731; x_wconf 90' lang='lat' dir='ltr'>mini</span> <span class='ocrx_word' id='word_1_186' title='bbox 355 2672 688 2730; x_wconf 87' lang='lat' dir='ltr'>celebravit.</span> <span class='ocrx_word' id='word_1_187' title='bbox 724 2675 830 2733; x_wconf 89' lang='lat' dir='ltr'>Ubi</span> <span class='ocrx_word' id='word_1_188' title='bbox 889 2680 1062 2733; x_wconf 87' lang='lat' dir='ltr'>etiam</span> <span class='ocrx_word' id='word_1_189' title='bbox 1097 2679 1311 2750; x_wconf 85' lang='lat' dir='ltr'>aregni</span> <span class='ocrx_word' id='word_1_190' title='bbox 1345 2679 1703 2750; x_wconf 86' lang='lat' dir='ltr'>principibus</span> <span class='ocrx_word' id='word_1_191' title='bbox 1736 2678 1820 2733; x_wconf 91' lang='lat' dir='ltr'>di—</span> 
     </span>
     <span class='ocr_line' id='line_1_31' title="bbox 183 2762 1823 2839; baseline 0.002 -19"><span class='ocrx_word' id='word_1_192' title='bbox 183 2762 431 2839; x_wconf 91' lang='lat' dir='ltr'>ligenter</span> <span class='ocrx_word' id='word_1_193' title='bbox 459 2766 879 2835; x_wconf 87' lang='lat' dir='ltr'>commonitus,</span> <span class='ocrx_word' id='word_1_194' title='bbox 908 2771 971 2823; x_wconf 91' lang='lat' dir='ltr'>ut</span> <span class='ocrx_word' id='word_1_195' title='bbox 1017 2767 1236 2823; x_wconf 86' lang='lat' dir='ltr'>Christi</span> <span class='ocrx_word' id='word_1_196' title='bbox 1269 2768 1499 2824; x_wconf 86' lang='lat' dir='ltr'>servitio</span> <span class='ocrx_word' id='word_1_197' title='bbox 1544 2771 1602 2824; x_wconf 87' lang='lat' dir='ltr'>et</span> <span class='ocrx_word' id='word_1_198' title='bbox 1640 2767 1823 2823; x_wconf 89' lang='lat' dir='ltr'>incre-</span> 
     </span>
     <span class='ocr_line' id='line_1_32' title="bbox 181 2855 1818 2931; baseline 0.002 -21"><span class='ocrx_word' id='word_1_199' title='bbox 181 2862 372 2911; x_wconf 87' lang='lat' dir='ltr'>mento</span> <span class='ocrx_word' id='word_1_200' title='bbox 419 2855 604 2927; x_wconf 87' lang='lat' dir='ltr'>regni,</span> <span class='ocrx_word' id='word_1_201' title='bbox 637 2872 701 2911; x_wconf 90' lang='lat' dir='ltr'>se</span> <span class='ocrx_word' id='word_1_202' title='bbox 749 2856 821 2912; x_wconf 85' lang='lat' dir='ltr'>ad</span> <span class='ocrx_word' id='word_1_203' title='bbox 877 2861 1112 2931; x_wconf 88' lang='lat' dir='ltr'>tempus</span> <span class='ocrx_word' id='word_1_204' title='bbox 1151 2858 1388 2930; x_wconf 88' lang='lat' dir='ltr'>aliquod</span> <span class='ocrx_word' id='word_1_205' title='bbox 1441 2859 1818 2931; x_wconf 89' lang='lat' dir='ltr'>manciparet,</span> 
     </span>
     <span class='ocr_line' id='line_1_33' title="bbox 182 2942 1823 3020; baseline 0.004 -20"><span class='ocrx_word' id='word_1_206' title='bbox 182 2942 482 3016; x_wconf 84' lang='lat' dir='ltr'>respondit</span> <span class='ocrx_word' id='word_1_207' title='bbox 523 2960 537 2998; x_wconf 73' lang='grc' dir='ltr'>ι</span> <span class='ocrx_word' id='word_1_208' title='bbox 571 2944 729 3018; x_wconf 82' lang='lat' dir='ltr'>Quod</span> <span class='ocrx_word' id='word_1_209' title='bbox 769 2945 840 3002; x_wconf 76' lang='lat' dir='ltr'>acl</span> <span class='ocrx_word' id='word_1_210' title='bbox 880 2946 981 3004; x_wconf 78' lang='lat' dir='ltr'>hoc</span> <span class='ocrx_word' id='word_1_211' title='bbox 1022 2946 1345 3020; x_wconf 74' lang='lat' dir='ltr'>specialiter</span> <span class='ocrx_word' id='word_1_212' title='bbox 1389 2953 1630 3019; x_wconf 80' lang='lat' dir='ltr'>venerat,</span> <span class='ocrx_word' id='word_1_213' title='bbox 1667 2955 1721 3005; x_wconf 83' lang='lat' dir='ltr'>et</span> <span class='ocrx_word' id='word_1_214' title='bbox 1747 2949 1823 3007; x_wconf 85' lang='lat' dir='ltr'>ad</span> 
     </span>
     <span class='ocr_line' id='line_1_34' title="bbox 182 3031 1819 3113; baseline 0.004 -23"><span class='ocrx_word' id='word_1_215' title='bbox 182 3031 284 3091; x_wconf 77' lang='lat' dir='ltr'>hoc</span> <span class='ocrx_word' id='word_1_216' title='bbox 310 3038 426 3092; x_wconf 81' lang='lat' dir='ltr'>tola</span> <span class='ocrx_word' id='word_1_217' title='bbox 452 3039 574 3106; x_wconf 76' lang='lat' dir='ltr'>ejus</span> <span class='ocrx_word' id='word_1_218' title='bbox 600 3037 945 3108; x_wconf 75' lang='lat' dir='ltr'>diriqebatur</span> <span class='ocrx_word' id='word_1_219' title='bbox 989 3040 1243 3096; x_wconf 83' lang='lat' dir='ltr'>intentio.</span> <span class='ocrx_word' id='word_1_220' title='bbox 1281 3040 1520 3097; x_wconf 85' lang='lat' dir='ltr'>Factum</span> <span class='ocrx_word' id='word_1_221' title='bbox 1542 3044 1632 3097; x_wconf 88' lang='lat' dir='ltr'>est</span> <span class='ocrx_word' id='word_1_222' title='bbox 1684 3056 1819 3113; x_wconf 87' lang='lat' dir='ltr'>ergo</span> 
     </span>
    </p>
   </div>
   <div class='ocr_carea' id='block_1_8' title="bbox 1924 548 3594 2054">
    <p class='ocr_par' dir='ltr' id='par_1_9' title="bbox 1924 548 3594 2054">
     <span class='ocr_line' id='line_1_35' title="bbox 1929 548 3593 627; baseline 0.004 -24"><span class='ocrx_word' id='word_1_223' title='bbox 1929 548 2060 605; x_wconf 78' lang='lat' dir='ltr'>illas</span> <span class='ocrx_word' id='word_1_224' title='bbox 2078 549 2434 621; x_wconf 77' lang='lat' dir='ltr'>locaverunt,</span> <span class='ocrx_word' id='word_1_225' title='bbox 2463 558 2834 610; x_wconf 86' lang='lat' dir='ltr'>assumentes</span> <span class='ocrx_word' id='word_1_226' title='bbox 2859 570 3044 611; x_wconf 90' lang='lat' dir='ltr'>unum</span> <span class='ocrx_word' id='word_1_227' title='bbox 3074 555 3147 611; x_wconf 89' lang='lat' dir='ltr'>de</span> <span class='ocrx_word' id='word_1_228' title='bbox 3178 555 3374 627; x_wconf 82' lang='lat' dir='ltr'>pueris</span> <span class='ocrx_word' id='word_1_229' title='bbox 3425 553 3593 611; x_wconf 90' lang='lat' dir='ltr'>inno-</span> 
     </span>
     <span class='ocr_line' id='line_1_36' title="bbox 1929 639 3594 713; baseline 0.004 -19"><span class='ocrx_word' id='word_1_230' title='bbox 1929 639 2217 708; x_wconf 86' lang='lat' dir='ltr'>centibus,</span> <span class='ocrx_word' id='word_1_231' title='bbox 2249 647 2306 698; x_wconf 91' lang='lat' dir='ltr'>et</span> <span class='ocrx_word' id='word_1_232' title='bbox 2341 651 2607 713; x_wconf 83' lang='lat' dir='ltr'>parentes</span> <span class='ocrx_word' id='word_1_233' title='bbox 2648 659 2761 699; x_wconf 89' lang='lat' dir='ltr'>non</span> <span class='ocrx_word' id='word_1_234' title='bbox 2808 644 3146 712; x_wconf 81' lang='lat' dir='ltr'>habentem,</span> <span class='ocrx_word' id='word_1_235' title='bbox 3191 645 3286 701; x_wconf 91' lang='lat' dir='ltr'>cui</span> <span class='ocrx_word' id='word_1_236' title='bbox 3327 644 3474 702; x_wconf 83' lang='lat' dir='ltr'>data</span> <span class='ocrx_word' id='word_1_237' title='bbox 3509 648 3594 700; x_wconf 83' lang='lat' dir='ltr'>est</span> 
     </span>
     <span class='ocr_line' id='line_1_37' title="bbox 1928 729 3593 801; baseline 0.004 -18"><span class='ocrx_word' id='word_1_238' title='bbox 1928 729 2105 800; x_wconf 89' lang='lat' dir='ltr'>optio,</span> <span class='ocrx_word' id='word_1_239' title='bbox 2139 738 2199 785; x_wconf 86' lang='grc' dir='ltr'>ιιι</span> <span class='ocrx_word' id='word_1_240' title='bbox 2229 746 2402 801; x_wconf 89' lang='lat' dir='ltr'>quam</span> <span class='ocrx_word' id='word_1_241' title='bbox 2433 731 2569 788; x_wconf 88' lang='lat' dir='ltr'>velit</span> <span class='ocrx_word' id='word_1_242' title='bbox 2598 731 2829 788; x_wconf 87' lang='lat' dir='ltr'>illorum</span> <span class='ocrx_word' id='word_1_243' title='bbox 2871 736 3166 800; x_wconf 87' lang='lat' dir='ltr'>assumat;</span> <span class='ocrx_word' id='word_1_244' title='bbox 3199 736 3259 789; x_wconf 89' lang='lat' dir='ltr'>et</span> <span class='ocrx_word' id='word_1_245' title='bbox 3292 731 3493 790; x_wconf 86' lang='lat' dir='ltr'>utrius</span> <span class='ocrx_word' id='word_1_246' title='bbox 3521 732 3593 789; x_wconf 90' lang='lat' dir='ltr'>il-</span> 
     </span>
     <span class='ocr_line' id='line_1_38' title="bbox 1925 814 3583 891; baseline 0.005 -20"><span class='ocrx_word' id='word_1_247' title='bbox 1925 814 2114 873; x_wconf 91' lang='lat' dir='ltr'>larum</span> <span class='ocrx_word' id='word_1_248' title='bbox 2147 819 2381 875; x_wconf 90' lang='lat' dir='ltr'>urbium</span> <span class='ocrx_word' id='word_1_249' title='bbox 2424 837 2649 877; x_wconf 86' lang='lat' dir='ltr'>momen</span> <span class='ocrx_word' id='word_1_250' title='bbox 2693 837 2896 878; x_wconf 85' lang='lat' dir='ltr'>secum</span> <span class='ocrx_word' id='word_1_251' title='bbox 2947 821 3242 891; x_wconf 87' lang='lat' dir='ltr'>attulerit,</span> <span class='ocrx_word' id='word_1_252' title='bbox 3291 822 3368 879; x_wconf 86' lang='lat' dir='ltr'>ad</span> <span class='ocrx_word' id='word_1_253' title='bbox 3416 820 3583 879; x_wconf 87' lang='lat' dir='ltr'>illum</span> 
     </span>
     <span class='ocr_line' id='line_1_39' title="bbox 1928 907 3583 982; baseline 0.002 -22"><span class='ocrx_word' id='word_1_254' title='bbox 1928 909 2168 978; x_wconf 86' lang='lat' dir='ltr'>uterque</span> <span class='ocrx_word' id='word_1_255' title='bbox 2188 907 2471 965; x_wconf 81' lang='lat' dir='ltr'>exercitus</span> <span class='ocrx_word' id='word_1_256' title='bbox 2496 909 2623 966; x_wconf 89' lang='lat' dir='ltr'>sine</span> <span class='ocrx_word' id='word_1_257' title='bbox 2652 910 2976 982; x_wconf 74' lang='lat' dir='ltr'>quaestione</span> <span class='ocrx_word' id='word_1_258' title='bbox 3004 909 3312 982; x_wconf 79' lang='lat' dir='ltr'>dirigatur.</span> <span class='ocrx_word' id='word_1_259' title='bbox 3355 909 3583 967; x_wconf 85' lang='lat' dir='ltr'>Cecidit</span> 
     </span>
     <span class='ocr_line' id='line_1_40' title="bbox 1926 999 3579 1073; baseline 0.003 -22"><span class='ocrx_word' id='word_1_260' title='bbox 1926 1011 2063 1068; x_wconf 88' lang='lat' dir='ltr'>ergo</span> <span class='ocrx_word' id='word_1_261' title='bbox 2094 1013 2222 1053; x_wconf 90' lang='lat' dir='ltr'>sors</span> <span class='ocrx_word' id='word_1_262' title='bbox 2251 1014 2428 1070; x_wconf 89' lang='lat' dir='ltr'>super</span> <span class='ocrx_word' id='word_1_263' title='bbox 2455 999 2689 1068; x_wconf 74' lang='lat' dir='ltr'>Tyrum.</span> <span class='ocrx_word' id='word_1_264' title='bbox 2724 999 2856 1056; x_wconf 80' lang='lat' dir='ltr'>Haec</span> <span class='ocrx_word' id='word_1_265' title='bbox 2887 1017 2920 1055; x_wconf 88' lang='lat' dir='ltr'>a</span> <span class='ocrx_word' id='word_1_266' title='bbox 2950 999 3285 1056; x_wconf 89' lang='lat' dir='ltr'>senioribus</span> <span class='ocrx_word' id='word_1_267' title='bbox 3322 999 3579 1073; x_wconf 87' lang='lat' dir='ltr'>quibus-</span> 
     </span>
     <span class='ocr_line' id='line_1_41' title="bbox 1924 1087 3571 1161; baseline 0.001 -18"><span class='ocrx_word' id='word_1_268' title='bbox 1924 1087 2063 1143; x_wconf 89' lang='lat' dir='ltr'>dam</span> <span class='ocrx_word' id='word_1_269' title='bbox 2093 1087 2441 1156; x_wconf 88' lang='lat' dir='ltr'>audivimus,</span> <span class='ocrx_word' id='word_1_270' title='bbox 2468 1089 2569 1161; x_wconf 91' lang='lat' dir='ltr'>qui</span> <span class='ocrx_word' id='word_1_271' title='bbox 2591 1094 2928 1146; x_wconf 80' lang='lat' dir='ltr'>constanter</span> <span class='ocrx_word' id='word_1_272' title='bbox 2949 1088 3308 1157; x_wconf 81' lang='lat' dir='ltr'>asserebant,</span> <span class='ocrx_word' id='word_1_273' title='bbox 3342 1104 3408 1147; x_wconf 87' lang='lat' dir='ltr'>se</span> <span class='ocrx_word' id='word_1_274' title='bbox 3425 1105 3571 1161; x_wconf 71' lang='lat' dir='ltr'>pre-</span> 
     </span>
     <span class='ocr_line' id='line_1_42' title="bbox 1926 1174 3583 1248; baseline 0 -18"><span class='ocrx_word' id='word_1_275' title='bbox 1926 1175 2096 1231; x_wconf 88' lang='lat' dir='ltr'>dictis</span> <span class='ocrx_word' id='word_1_276' title='bbox 2130 1177 2403 1232; x_wconf 88' lang='lat' dir='ltr'>omnibus</span> <span class='ocrx_word' id='word_1_277' title='bbox 2449 1176 2805 1233; x_wconf 77' lang='lat' dir='ltr'>interfuisse.</span> <span class='ocrx_word' id='word_1_278' title='bbox 2843 1176 3230 1233; x_wconf 84' lang='lat' dir='ltr'>‘Confirmato</span> <span class='ocrx_word' id='word_1_279' title='bbox 3283 1190 3425 1248; x_wconf 90' lang='lat' dir='ltr'>ergo</span> <span class='ocrx_word' id='word_1_280' title='bbox 3475 1174 3583 1231; x_wconf 91' lang='lat' dir='ltr'>hoc</span> 
     </span>
     <span class='ocr_line' id='line_1_43' title="bbox 1924 1264 3582 1338; baseline 0.001 -19"><span class='ocrx_word' id='word_1_281' title='bbox 1924 1264 2183 1333; x_wconf 84' lang='lat' dir='ltr'>consilio,</span> <span class='ocrx_word' id='word_1_282' title='bbox 2210 1265 2484 1321; x_wconf 84' lang='lat' dir='ltr'>dominus</span> <span class='ocrx_word' id='word_1_283' title='bbox 2516 1266 2862 1338; x_wconf 86' lang='lat' dir='ltr'>patriarcha,</span> <span class='ocrx_word' id='word_1_284' title='bbox 2899 1271 2957 1322; x_wconf 89' lang='lat' dir='ltr'>et</span> <span class='ocrx_word' id='word_1_285' title='bbox 2988 1264 3196 1338; x_wconf 82' lang='lat' dir='ltr'>inclyti</span> <span class='ocrx_word' id='word_1_286' title='bbox 3227 1265 3489 1336; x_wconf 79' lang='lat' dir='ltr'>regionis</span> <span class='ocrx_word' id='word_1_287' title='bbox 3511 1264 3582 1320; x_wconf 82' lang='lat' dir='ltr'>il-</span> 
     </span>
     <span class='ocr_line' id='line_1_44' title="bbox 1926 1354 3583 1428; baseline 0 -17"><span class='ocrx_word' id='word_1_288' title='bbox 1926 1354 2064 1424; x_wconf 87' lang='lat' dir='ltr'>lius,</span> <span class='ocrx_word' id='word_1_289' title='bbox 2097 1354 2275 1410; x_wconf 90' lang='lat' dir='ltr'>simul</span> <span class='ocrx_word' id='word_1_290' title='bbox 2306 1370 2440 1411; x_wconf 87' lang='lat' dir='ltr'>cum</span> <span class='ocrx_word' id='word_1_291' title='bbox 2474 1355 2687 1428; x_wconf 92' lang='lat' dir='ltr'>populo</span> <span class='ocrx_word' id='word_1_292' title='bbox 2710 1355 2978 1412; x_wconf 86' lang='lat' dir='ltr'>universo</span> <span class='ocrx_word' id='word_1_293' title='bbox 3016 1355 3075 1411; x_wconf 91' lang='lat' dir='ltr'>in</span> <span class='ocrx_word' id='word_1_294' title='bbox 3105 1354 3408 1412; x_wconf 86' lang='lat' dir='ltr'>civitatem</span> <span class='ocrx_word' id='word_1_295' title='bbox 3438 1370 3583 1411; x_wconf 87' lang='lat' dir='ltr'>con-</span> 
     </span>
     <span class='ocr_line' id='line_1_45' title="bbox 1928 1441 3578 1514; baseline 0 -16"><span class='ocrx_word' id='word_1_296' title='bbox 1928 1443 2169 1500; x_wconf 88' lang='lat' dir='ltr'>veniunt</span> <span class='ocrx_word' id='word_1_297' title='bbox 2196 1445 2590 1500; x_wconf 78' lang='lat' dir='ltr'>Acconensem</span> <span class='ocrx_word' id='word_1_298' title='bbox 2616 1464 2632 1514; x_wconf 88' lang='lat'>;</span> <span class='ocrx_word' id='word_1_299' title='bbox 2666 1460 2804 1501; x_wconf 84' lang='lat' dir='ltr'>nam</span> <span class='ocrx_word' id='word_1_300' title='bbox 2845 1443 3253 1501; x_wconf 83' lang='lat' dir='ltr'>veneticorum</span> <span class='ocrx_word' id='word_1_301' title='bbox 3285 1441 3493 1501; x_wconf 86' lang='lat' dir='ltr'>classis</span> <span class='ocrx_word' id='word_1_302' title='bbox 3518 1442 3578 1499; x_wconf 91' lang='lat' dir='ltr'>in</span> 
     </span>
     <span class='ocr_line' id='line_1_46' title="bbox 1928 1532 3577 1605; baseline -0.001 -16"><span class='ocrx_word' id='word_1_303' title='bbox 1928 1534 2188 1603; x_wconf 88' lang='lat' dir='ltr'>ejusdem</span> <span class='ocrx_word' id='word_1_304' title='bbox 2222 1541 2386 1605; x_wconf 88' lang='lat' dir='ltr'>portu</span> <span class='ocrx_word' id='word_1_305' title='bbox 2436 1533 2705 1603; x_wconf 79' lang='lat' dir='ltr'>civitatis,</span> <span class='ocrx_word' id='word_1_306' title='bbox 2759 1538 2884 1591; x_wconf 89' lang='lat' dir='ltr'>tuta</span> <span class='ocrx_word' id='word_1_307' title='bbox 2930 1534 3179 1590; x_wconf 88' lang='lat' dir='ltr'>statione</span> <span class='ocrx_word' id='word_1_308' title='bbox 3209 1532 3404 1590; x_wconf 89' lang='lat' dir='ltr'>locata</span> <span class='ocrx_word' id='word_1_309' title='bbox 3436 1538 3577 1590; x_wconf 87' lang='lat' dir='ltr'>orat.</span> 
     </span>
     <span class='ocr_line' id='line_1_47' title="bbox 1928 1620 3579 1695; baseline 0 -19"><span class='ocrx_word' id='word_1_310' title='bbox 1928 1621 2188 1679; x_wconf 79' lang='lat' dir='ltr'>Praebitis</span> <span class='ocrx_word' id='word_1_311' title='bbox 2219 1638 2353 1693; x_wconf 88' lang='lat' dir='ltr'>ergo</span> <span class='ocrx_word' id='word_1_312' title='bbox 2384 1621 3147 1695; x_wconf 86' lang='lat' dir='ltr'>corporaliterjuramentis,</span> <span class='ocrx_word' id='word_1_313' title='bbox 3180 1621 3376 1694; x_wconf 89' lang='lat' dir='ltr'>quod</span> <span class='ocrx_word' id='word_1_314' title='bbox 3361 1637 3424 1678; x_wconf 86' lang='grc' dir='ltr'>ιιι</span> <span class='ocrx_word' id='word_1_315' title='bbox 3453 1620 3579 1678; x_wconf 83' lang='lat' dir='ltr'>fini-</span> 
     </span>
     <span class='ocr_line' id='line_1_48' title="bbox 1931 1711 3577 1785; baseline 0.001 -19"><span class='ocrx_word' id='word_1_316' title='bbox 1931 1711 2041 1767; x_wconf 89' lang='lat' dir='ltr'>bus</span> <span class='ocrx_word' id='word_1_317' title='bbox 2074 1715 2372 1785; x_wconf 88' lang='lat' dir='ltr'>pactorum</span> <span class='ocrx_word' id='word_1_318' title='bbox 2405 1712 2649 1769; x_wconf 80' lang='lat' dir='ltr'>fideliter</span> <span class='ocrx_word' id='word_1_319' title='bbox 2690 1713 2763 1770; x_wconf 90' lang='lat' dir='ltr'>ab</span> <span class='ocrx_word' id='word_1_320' title='bbox 2810 1715 3056 1785; x_wconf 89' lang='lat' dir='ltr'>utraque</span> <span class='ocrx_word' id='word_1_321' title='bbox 3095 1715 3259 1784; x_wconf 88' lang='lat' dir='ltr'>parte</span> <span class='ocrx_word' id='word_1_322' title='bbox 3303 1714 3577 1780; x_wconf 86' lang='lat' dir='ltr'>staretur,</span> 
     </span>
     <span class='ocr_line' id='line_1_49' title="bbox 1933 1800 3582 1875; baseline 0 -17"><span class='ocrx_word' id='word_1_323' title='bbox 1933 1803 2341 1873; x_wconf 79' lang='lat' dir='ltr'>proeordinatis</span> <span class='ocrx_word' id='word_1_324' title='bbox 2373 1819 2498 1875; x_wconf 79' lang='lat' dir='ltr'>quae</span> <span class='ocrx_word' id='word_1_325' title='bbox 2525 1803 2595 1859; x_wconf 92' lang='lat' dir='ltr'>ad</span> <span class='ocrx_word' id='word_1_326' title='bbox 2648 1802 2988 1874; x_wconf 77' lang='lat' dir='ltr'>huJusmodi</span> <span class='ocrx_word' id='word_1_327' title='bbox 3034 1818 3184 1874; x_wconf 89' lang='lat' dir='ltr'>opus</span> <span class='ocrx_word' id='word_1_328' title='bbox 3230 1800 3426 1858; x_wconf 87' lang='lat' dir='ltr'>solent</span> <span class='ocrx_word' id='word_1_329' title='bbox 3453 1816 3582 1858; x_wconf 86' lang='lat' dir='ltr'>esse</span> 
     </span>
     <span class='ocr_line' id='line_1_50' title="bbox 1934 1890 3576 1964; baseline -0.001 -17"><span class='ocrx_word' id='word_1_330' title='bbox 1934 1891 2282 1958; x_wconf 88' lang='lat' dir='ltr'>necessaria,</span> <span class='ocrx_word' id='word_1_331' title='bbox 2313 1891 2531 1948; x_wconf 89' lang='lat' dir='ltr'>decimo</span> <span class='ocrx_word' id='word_1_332' title='bbox 2564 1892 2768 1964; x_wconf 89' lang='lat' dir='ltr'>quinto</span> <span class='ocrx_word' id='word_1_333' title='bbox 2797 1891 2923 1950; x_wconf 88' lang='lat' dir='ltr'>Kal.</span> <span class='ocrx_word' id='word_1_334' title='bbox 2958 1890 3147 1949; x_wconf 78' lang='lat' dir='ltr'>Martii</span> <span class='ocrx_word' id='word_1_335' title='bbox 3202 1890 3412 1947; x_wconf 88' lang='lat' dir='ltr'>urbem</span> <span class='ocrx_word' id='word_1_336' title='bbox 3437 1905 3576 1963; x_wconf 70' lang='lat' dir='ltr'>prie-</span> 
     </span>
     <span class='ocr_line' id='line_1_51' title="bbox 1936 1981 2987 2054; baseline -0.001 -17"><span class='ocrx_word' id='word_1_337' title='bbox 1936 1981 2150 2038; x_wconf 88' lang='lat' dir='ltr'>dictam</span> <span class='ocrx_word' id='word_1_338' title='bbox 2168 1981 2400 2054; x_wconf 87' lang='lat' dir='ltr'>gemina</span> <span class='ocrx_word' id='word_1_339' title='bbox 2430 1981 2645 2038; x_wconf 87' lang='lat' dir='ltr'>vallant</span> <span class='ocrx_word' id='word_1_340' title='bbox 2663 1981 2987 2040; x_wconf 85' lang='lat' dir='ltr'>obsidione.</span> 
     </span>
    </p>
   </div>
   <div class='ocr_carea' id='block_1_9' title="bbox 2535 2090 2968 2147">
    <p class='ocr_par' dir='ltr' id='par_1_10' title="bbox 2535 2090 2968 2147">
     <span class='ocr_line' id='line_1_52' title="bbox 2535 2090 2968 2147; baseline -0.002 -1"><span class='ocrx_word' id='word_1_341' title='bbox 2535 2091 2766 2147; x_wconf 82' lang='lat' dir='ltr'>CAPUT</span> <span class='ocrx_word' id='word_1_342' title='bbox 2796 2090 2968 2147; x_wconf 81' lang='lat' dir='ltr'>XXV.</span> 
     </span>
    </p>
   </div>
   <div class='ocr_carea' id='block_1_10' title="bbox 1937 2178 3582 2397">
    <p class='ocr_par' dir='ltr' id='par_1_11' title="bbox 1937 2178 3580 2397">
     <span class='ocr_line' id='line_1_53' title="bbox 1937 2178 3580 2251; baseline -0.002 -15"><span class='ocrx_word' id='word_1_343' title='bbox 1937 2180 2272 2251; x_wconf 78' lang='lat' dir='ltr'>Rescriptum</span> <span class='ocrx_word' id='word_1_344' title='bbox 2310 2180 2615 2251; x_wconf 69' lang='lat' dir='ltr'>privikqii,</span> <span class='ocrx_word' id='word_1_345' title='bbox 2661 2182 2994 2236; x_wconf 75' lang='lat' dir='ltr'>continentis</span> <span class='ocrx_word' id='word_1_346' title='bbox 3034 2178 3456 2237; x_wconf 81' lang='lat' dir='ltr'>consonantiam</span> <span class='ocrx_word' id='word_1_347' title='bbox 3481 2194 3580 2249; x_wconf 86' lang='lat' dir='ltr'>pa·</span> 
     </span>
     <span class='ocr_line' id='line_1_54' title="bbox 2004 2251 3582 2324; baseline -0.002 -17"><span class='ocrx_word' id='word_1_348' title='bbox 2004 2256 2216 2308; x_wconf 80' lang='lat' dir='ltr'>ciorum</span> <span class='ocrx_word' id='word_1_349' title='bbox 2256 2253 2398 2307; x_wconf 83' lang='lat' dir='ltr'>inter</span> <span class='ocrx_word' id='word_1_350' title='bbox 2452 2254 2665 2308; x_wconf 85' lang='lat' dir='ltr'>Venetos</span> <span class='ocrx_word' id='word_1_351' title='bbox 2694 2260 2744 2308; x_wconf 84' lang='lat' dir='ltr'>el</span> <span class='ocrx_word' id='word_1_352' title='bbox 2795 2252 3071 2333; x_wconf 77' lang='lat' dir='ltr'>principes</span> <span class='ocrx_word' id='word_1_353' title='bbox 3119 2251 3281 2321; x_wconf 65' lang='lat' dir='ltr'>requi</span> <span class='ocrx_word' id='word_1_354' title='bbox 3327 2252 3582 2308; x_wconf 81' lang='lat' dir='ltr'>Hieroso·</span> 
     </span>
     <span class='ocr_line' id='line_1_55' title="bbox 2007 2323 2969 2397; baseline 0 -18"><span class='ocrx_word' id='word_1_355' title='bbox 2007 2325 2278 2397; x_wconf 73' lang='lat' dir='ltr'>lymorum</span> <span class='ocrx_word' id='word_1_356' title='bbox 2298 2339 2398 2396; x_wconf 83' lang='lat' dir='ltr'>pro</span> <span class='ocrx_word' id='word_1_357' title='bbox 2421 2325 2651 2395; x_wconf 69' lang='lat' dir='ltr'>Tyr-ensi</span> <span class='ocrx_word' id='word_1_358' title='bbox 2670 2323 2969 2380; x_wconf 79' lang='lat' dir='ltr'>obsidione.</span> 
     </span>
    </p>
   </div>
   <div class='ocr_carea' id='block_1_11' title="bbox 1931 2411 3582 3112">
    <p class='ocr_par' dir='ltr' id='par_1_12' title="bbox 1931 2411 3582 2842">
     <span class='ocr_line' id='line_1_56' title="bbox 2005 2411 3582 2486; baseline -0.002 -17"><span class='ocrx_word' id='word_1_359' title='bbox 2005 2413 2116 2471; x_wconf 91' lang='lat' dir='ltr'>Sed</span> <span class='ocrx_word' id='word_1_360' title='bbox 2153 2417 2217 2469; x_wconf 90' lang='lat' dir='ltr'>ut</span> <span class='ocrx_word' id='word_1_361' title='bbox 2248 2414 2391 2469; x_wconf 91' lang='lat' dir='ltr'>nihil</span> <span class='ocrx_word' id='word_1_362' title='bbox 2425 2413 2792 2486; x_wconf 85' lang='lat' dir='ltr'>antiquitatis</span> <span class='ocrx_word' id='word_1_363' title='bbox 2821 2428 3024 2470; x_wconf 90' lang='lat' dir='ltr'>eorum</span> <span class='ocrx_word' id='word_1_364' title='bbox 3047 2428 3176 2483; x_wconf 75' lang='lat' dir='ltr'>quoe</span> <span class='ocrx_word' id='word_1_365' title='bbox 3214 2411 3454 2469; x_wconf 86' lang='lat' dir='ltr'>interim</span> <span class='ocrx_word' id='word_1_366' title='bbox 3485 2427 3582 2467; x_wconf 91' lang='lat' dir='ltr'>oc—</span> 
     </span>
     <span class='ocr_line' id='line_1_57' title="bbox 1931 2499 3580 2577; baseline -0.003 -19"><span class='ocrx_word' id='word_1_367' title='bbox 1931 2506 2177 2558; x_wconf 90' lang='lat' dir='ltr'>currunt</span> <span class='ocrx_word' id='word_1_368' title='bbox 2207 2506 2634 2575; x_wconf 81' lang='lat' dir='ltr'>praetereamus,</span> <span class='ocrx_word' id='word_1_369' title='bbox 2681 2501 2821 2558; x_wconf 89' lang='lat' dir='ltr'>libet</span> <span class='ocrx_word' id='word_1_370' title='bbox 2867 2501 3213 2573; x_wconf 88' lang='lat' dir='ltr'>rescriptum</span> <span class='ocrx_word' id='word_1_371' title='bbox 3267 2499 3580 2577; x_wconf 72' lang='lat' dir='ltr'>privilegii,</span> 
     </span>
     <span class='ocr_line' id='line_1_58' title="bbox 1933 2589 3580 2663; baseline -0.001 -17"><span class='ocrx_word' id='word_1_372' title='bbox 1933 2592 2376 2647; x_wconf 87' lang='lat' dir='ltr'>consonantiam</span> <span class='ocrx_word' id='word_1_373' title='bbox 2410 2596 2714 2663; x_wconf 87' lang='lat' dir='ltr'>pactorum</span> <span class='ocrx_word' id='word_1_374' title='bbox 2744 2591 2893 2647; x_wconf 86' lang='lat' dir='ltr'>inter</span> <span class='ocrx_word' id='word_1_375' title='bbox 2914 2592 3160 2647; x_wconf 85' lang='lat' dir='ltr'>Venetos</span> <span class='ocrx_word' id='word_1_376' title='bbox 3188 2593 3247 2645; x_wconf 92' lang='lat' dir='ltr'>et</span> <span class='ocrx_word' id='word_1_377' title='bbox 3284 2589 3580 2662; x_wconf 73' lang='lat' dir='ltr'>principes</span> 
     </span>
     <span class='ocr_line' id='line_1_59' title="bbox 1933 2680 3579 2752; baseline -0.001 -17"><span class='ocrx_word' id='word_1_378' title='bbox 1933 2682 2095 2752; x_wconf 88' lang='lat' dir='ltr'>regni</span> <span class='ocrx_word' id='word_1_379' title='bbox 2143 2680 2678 2752; x_wconf 81' lang='lat' dir='ltr'>Hierosolymorum</span> <span class='ocrx_word' id='word_1_380' title='bbox 2733 2680 3111 2747; x_wconf 87' lang='lat' dir='ltr'>continentis,</span> <span class='ocrx_word' id='word_1_381' title='bbox 3169 2680 3238 2736; x_wconf 93' lang='lat' dir='ltr'>ad</span> <span class='ocrx_word' id='word_1_382' title='bbox 3291 2680 3579 2752; x_wconf 74' lang='lat' dir='ltr'>majorum</span> 
     </span>
     <span class='ocr_line' id='line_1_60' title="bbox 1934 2767 3577 2842; baseline -0.001 -18"><span class='ocrx_word' id='word_1_383' title='bbox 1934 2784 2129 2826; x_wconf 88' lang='lat' dir='ltr'>rerum</span> <span class='ocrx_word' id='word_1_384' title='bbox 2159 2774 2451 2842; x_wconf 89' lang='lat' dir='ltr'>gestarum</span> <span class='ocrx_word' id='word_1_385' title='bbox 2470 2770 2816 2826; x_wconf 86' lang='lat' dir='ltr'>evidentiam</span> <span class='ocrx_word' id='word_1_386' title='bbox 2834 2783 3066 2841; x_wconf 88' lang='lat' dir='ltr'>ponere,</span> <span class='ocrx_word' id='word_1_387' title='bbox 3091 2768 3248 2842; x_wconf 86' lang='lat' dir='ltr'>quod</span> <span class='ocrx_word' id='word_1_388' title='bbox 3272 2767 3358 2825; x_wconf 90' lang='lat' dir='ltr'>sic</span> <span class='ocrx_word' id='word_1_389' title='bbox 3380 2768 3577 2825; x_wconf 85' lang='lat' dir='ltr'>habet:</span> 
     </span>
    </p>

    <p class='ocr_par' dir='ltr' id='par_1_13' title="bbox 1932 2856 3579 3023">
     <span class='ocr_line' id='line_1_61' title="bbox 2001 2856 3579 2926; baseline -0.001 -10"><span class='ocrx_word' id='word_1_390' title='bbox 2001 2864 2070 2916; x_wconf 85' lang='lat' dir='ltr'>In</span> <span class='ocrx_word' id='word_1_391' title='bbox 2099 2858 2320 2915; x_wconf 82' lang='lat' dir='ltr'>nomine</span> <span class='ocrx_word' id='word_1_392' title='bbox 2346 2868 2558 2917; x_wconf 81' lang='lat' dir='ltr'>sanclae</span> <span class='ocrx_word' id='word_1_393' title='bbox 2594 2864 2645 2916; x_wconf 86' lang='lat' dir='ltr'>et</span> <span class='ocrx_word' id='word_1_394' title='bbox 2694 2858 2999 2916; x_wconf 56' lang='lat' dir='ltr'>individuae</span> <span class='ocrx_word' id='word_1_395' title='bbox 3038 2857 3346 2926; x_wconf 80' lang='lat' dir='ltr'>Trinitatis,</span> <span class='ocrx_word' id='word_1_396' title='bbox 3391 2856 3579 2914; x_wconf 85' lang='lat' dir='ltr'>Patris</span> 
     </span>
     <span class='ocr_line' id='line_1_62' title="bbox 1932 2949 2734 3023; baseline -0.002 -16"><span class='ocrx_word' id='word_1_397' title='bbox 1932 2958 1985 3007; x_wconf 79' lang='lat' dir='ltr'>el</span> <span class='ocrx_word' id='word_1_398' title='bbox 2013 2950 2144 3006; x_wconf 81' lang='lat' dir='ltr'>Filii</span> <span class='ocrx_word' id='word_1_399' title='bbox 2171 2958 2221 3006; x_wconf 85' lang='lat' dir='ltr'>el</span> <span class='ocrx_word' id='word_1_400' title='bbox 2257 2952 2497 3023; x_wconf 83' lang='lat' dir='ltr'>Spiritus</span> <span class='ocrx_word' id='word_1_401' title='bbox 2536 2949 2734 3006; x_wconf 78' lang='lat' dir='ltr'>sancti.</span> 
     </span>
    </p>

    <p class='ocr_par' dir='ltr' id='par_1_14' title="bbox 2004 3037 3581 3112">
     <span class='ocr_line' id='line_1_63' title="bbox 2004 3037 3581 3112; baseline -0.003 -15"><span class='ocrx_word' id='word_1_402' title='bbox 2004 3045 2266 3111; x_wconf 79' lang='lat' dir='ltr'>Tempore</span> <span class='ocrx_word' id='word_1_403' title='bbox 2312 3056 2415 3112; x_wconf 82' lang='lat' dir='ltr'>quo</span> <span class='ocrx_word' id='word_1_404' title='bbox 2464 3038 2714 3096; x_wconf 75' lang='lat' dir='ltr'>calixtus</span> <span class='ocrx_word' id='word_1_405' title='bbox 2760 3056 2904 3112; x_wconf 88' lang='lat' dir='ltr'>papa</span> <span class='ocrx_word' id='word_1_406' title='bbox 2949 3037 3217 3095; x_wconf 84' lang='lat' dir='ltr'>secundus</span> <span class='ocrx_word' id='word_1_407' title='bbox 3245 3043 3303 3094; x_wconf 90' lang='lat' dir='ltr'>et</span> <span class='ocrx_word' id='word_1_408' title='bbox 3347 3045 3581 3111; x_wconf 82' lang='lat' dir='ltr'>quartus</span> 
     </span>
    </p>
   </div>
   <div class='ocr_carea' id='block_1_12' title="bbox 181 3118 3583 3202">
    <p class='ocr_par' dir='ltr' id='par_1_15' title="bbox 181 3118 3583 3202">
     <span class='ocr_line' id='line_1_64' title="bbox 181 3118 3583 3202; baseline 0.001 -24"><span class='ocrx_word' id='word_1_409' title='bbox 181 3123 254 3181; x_wconf 88' lang='lat' dir='ltr'>de</span> <span class='ocrx_word' id='word_1_410' title='bbox 273 3127 570 3182; x_wconf 91' lang='lat' dir='ltr'>communi</span> <span class='ocrx_word' id='word_1_411' title='bbox 602 3128 873 3196; x_wconf 90' lang='lat' dir='ltr'>consilio,</span> <span class='ocrx_word' id='word_1_412' title='bbox 905 3129 1059 3201; x_wconf 86' lang='lat' dir='ltr'>quod</span> <span class='ocrx_word' id='word_1_413' title='bbox 1112 3139 1391 3201; x_wconf 77' lang='lat' dir='ltr'>praesente</span> <span class='ocrx_word' id='word_1_414' title='bbox 1439 3129 1669 3187; x_wconf 90' lang='lat' dir='ltr'>domino</span> <span class='ocrx_word' id='word_1_415' title='bbox 1722 3147 1817 3202; x_wconf 89' lang='lat' dir='ltr'>pa·</span> <span class='ocrx_word' id='word_1_416' title='bbox 1853 3118 1903 3184; x_wconf 88' lang='lat' dir='ltr'>C</span> <span class='ocrx_word' id='word_1_417' title='bbox 1933 3131 2198 3186; x_wconf 85' lang='lat' dir='ltr'>Henricus</span> <span class='ocrx_word' id='word_1_418' title='bbox 2226 3131 2596 3186; x_wconf 86' lang='lat' dir='ltr'>Romanorum</span> <span class='ocrx_word' id='word_1_419' title='bbox 2640 3128 2945 3200; x_wconf 83' lang='lat' dir='ltr'>imperator</span> <span class='ocrx_word' id='word_1_420' title='bbox 2980 3130 3272 3197; x_wconf 74' lang='lat' dir='ltr'>Auquslus,</span> <span class='ocrx_word' id='word_1_421' title='bbox 3321 3142 3459 3199; x_wconf 87' lang='lat' dir='ltr'>pace</span> <span class='ocrx_word' id='word_1_422' title='bbox 3484 3142 3583 3182; x_wconf 90' lang='lat' dir='ltr'>eo-</span> 
     </span>
    </p>
   </div>
   <div class='ocr_carea' id='block_1_13' title="bbox 182 3213 1828 4456">
    <p class='ocr_par' dir='ltr' id='par_1_16' title="bbox 182 3213 1828 4456">
     <span class='ocr_line' id='line_1_65' title="bbox 183 3213 1822 3290; baseline 0.002 -22"><span class='ocrx_word' id='word_1_423' title='bbox 183 3213 456 3282; x_wconf 86' lang='lat' dir='ltr'>triarcba,</span> <span class='ocrx_word' id='word_1_424' title='bbox 471 3218 528 3269; x_wconf 88' lang='lat' dir='ltr'>et</span> <span class='ocrx_word' id='word_1_425' title='bbox 548 3214 793 3287; x_wconf 86' lang='lat' dir='ltr'>reliquis</span> <span class='ocrx_word' id='word_1_426' title='bbox 810 3217 1069 3287; x_wconf 86' lang='lat' dir='ltr'>ejusdem</span> <span class='ocrx_word' id='word_1_427' title='bbox 1093 3220 1257 3289; x_wconf 88' lang='lat' dir='ltr'>regni</span> <span class='ocrx_word' id='word_1_428' title='bbox 1281 3219 1662 3290; x_wconf 87' lang='lat' dir='ltr'>principibus,</span> <span class='ocrx_word' id='word_1_429' title='bbox 1683 3234 1822 3274; x_wconf 89' lang='lat' dir='ltr'>con·</span> 
     </span>
     <span class='ocr_line' id='line_1_66' title="bbox 182 3302 1824 3378; baseline 0.005 -22"><span class='ocrx_word' id='word_1_430' title='bbox 182 3302 617 3360; x_wconf 81' lang='lat' dir='ltr'>venitintereos</span> <span class='ocrx_word' id='word_1_431' title='bbox 630 3304 983 3376; x_wconf 83' lang='lat' dir='ltr'>quibusdam</span> <span class='ocrx_word' id='word_1_432' title='bbox 1001 3305 1736 3378; x_wconf 87' lang='lat' dir='ltr'>pactisintervenientibus,</span> <span class='ocrx_word' id='word_1_433' title='bbox 1763 3315 1824 3364; x_wconf 89' lang='lat' dir='ltr'>ut</span> 
     </span>
     <span class='ocr_line' id='line_1_67' title="bbox 185 3390 1824 3468; baseline 0.003 -21"><span class='ocrx_word' id='word_1_434' title='bbox 185 3390 427 3448; x_wconf 91' lang='lat' dir='ltr'>alteram</span> <span class='ocrx_word' id='word_1_435' title='bbox 458 3393 530 3449; x_wconf 91' lang='lat' dir='ltr'>de</span> <span class='ocrx_word' id='word_1_436' title='bbox 562 3392 872 3450; x_wconf 85' lang='lat' dir='ltr'>maritimis</span> <span class='ocrx_word' id='word_1_437' title='bbox 906 3395 1171 3464; x_wconf 89' lang='lat' dir='ltr'>urbibus,</span> <span class='ocrx_word' id='word_1_438' title='bbox 1195 3397 1411 3468; x_wconf 79' lang='lat' dir='ltr'>Tyrum</span> <span class='ocrx_word' id='word_1_439' title='bbox 1445 3395 1824 3464; x_wconf 80' lang='lat' dir='ltr'>videlicet,vel</span> 
     </span>
     <span class='ocr_line' id='line_1_68' title="bbox 184 3481 1822 3558; baseline 0.004 -22"><span class='ocrx_word' id='word_1_440' title='bbox 184 3481 531 3538; x_wconf 80' lang='lat' dir='ltr'>Ascalonam</span> <span class='ocrx_word' id='word_1_441' title='bbox 563 3482 929 3552; x_wconf 80' lang='lat' dir='ltr'>obsiderent3</span> <span class='ocrx_word' id='word_1_442' title='bbox 964 3483 1270 3558; x_wconf 44' lang='lat' dir='ltr'>namssaliae,</span> <span class='ocrx_word' id='word_1_443' title='bbox 1300 3502 1403 3557; x_wconf 90' lang='lat' dir='ltr'>per</span> <span class='ocrx_word' id='word_1_444' title='bbox 1433 3485 1532 3542; x_wconf 92' lang='lat' dir='ltr'>Dei</span> <span class='ocrx_word' id='word_1_445' title='bbox 1553 3487 1822 3558; x_wconf 86' lang='lat' dir='ltr'>gratiam,</span> 
     </span>
     <span class='ocr_line' id='line_1_69' title="bbox 186 3573 1822 3647; baseline 0.002 -22"><span class='ocrx_word' id='word_1_446' title='bbox 186 3586 220 3625; x_wconf 86' lang='lat' dir='ltr'>a</span> <span class='ocrx_word' id='word_1_447' title='bbox 267 3573 521 3627; x_wconf 88' lang='lat' dir='ltr'>torrente</span> <span class='ocrx_word' id='word_1_448' title='bbox 568 3574 816 3645; x_wconf 84' lang='lat' dir='ltr'>AEgypti,</span> <span class='ocrx_word' id='word_1_449' title='bbox 870 3589 1058 3647; x_wconf 89' lang='lat' dir='ltr'>usque</span> <span class='ocrx_word' id='word_1_450' title='bbox 1116 3574 1484 3632; x_wconf 79' lang='lat' dir='ltr'>Antiochiam</span> <span class='ocrx_word' id='word_1_451' title='bbox 1525 3591 1725 3631; x_wconf 84' lang='lat' dir='ltr'>omnes</span> <span class='ocrx_word' id='word_1_452' title='bbox 1763 3576 1822 3630; x_wconf 90' lang='lat' dir='ltr'>in</span> 
     </span>
     <span class='ocr_line' id='line_1_70' title="bbox 186 3663 1826 3731; baseline 0.003 -15"><span class='ocrx_word' id='word_1_453' title='bbox 186 3663 448 3717; x_wconf 90' lang='lat' dir='ltr'>nostram</span> <span class='ocrx_word' id='word_1_454' title='bbox 477 3663 1168 3731; x_wconf 83' lang='lat' dir='ltr'>pervenerantditionem.</span> <span class='ocrx_word' id='word_1_455' title='bbox 1202 3663 1414 3721; x_wconf 90' lang='lat' dir='ltr'>Verum</span> <span class='ocrx_word' id='word_1_456' title='bbox 1440 3664 1535 3720; x_wconf 90' lang='lat' dir='ltr'>hic</span> <span class='ocrx_word' id='word_1_457' title='bbox 1556 3665 1695 3720; x_wconf 91' lang='lat' dir='ltr'>dum</span> <span class='ocrx_word' id='word_1_458' title='bbox 1721 3680 1826 3721; x_wconf 93' lang='lat' dir='ltr'>no-</span> 
     </span>
     <span class='ocr_line' id='line_1_71' title="bbox 185 3750 1822 3824; baseline 0.002 -18"><span class='ocrx_word' id='word_1_459' title='bbox 185 3753 438 3807; x_wconf 89' lang='lat' dir='ltr'>strorum</span> <span class='ocrx_word' id='word_1_460' title='bbox 464 3750 790 3809; x_wconf 82' lang='lat' dir='ltr'>voluntates</span> <span class='ocrx_word' id='word_1_461' title='bbox 840 3753 910 3808; x_wconf 90' lang='lat' dir='ltr'>ad</span> <span class='ocrx_word' id='word_1_462' title='bbox 959 3753 1124 3809; x_wconf 87' lang='lat' dir='ltr'>varia</span> <span class='ocrx_word' id='word_1_463' title='bbox 1159 3754 1467 3824; x_wconf 85' lang='lat' dir='ltr'>rapiuntur</span> <span class='ocrx_word' id='word_1_464' title='bbox 1513 3753 1822 3811; x_wconf 89' lang='lat' dir='ltr'>desideria.</span> 
     </span>
     <span class='ocr_line' id='line_1_72' title="bbox 186 3839 1825 3914; baseline 0.002 -18"><span class='ocrx_word' id='word_1_465' title='bbox 186 3839 360 3897; x_wconf 88' lang='lat' dir='ltr'>resin</span> <span class='ocrx_word' id='word_1_466' title='bbox 392 3840 778 3913; x_wconf 89' lang='lat' dir='ltr'>periculosam</span> <span class='ocrx_word' id='word_1_467' title='bbox 826 3859 970 3914; x_wconf 91' lang='lat' dir='ltr'>pene</span> <span class='ocrx_word' id='word_1_468' title='bbox 1018 3843 1324 3900; x_wconf 90' lang='lat' dir='ltr'>descendit</span> <span class='ocrx_word' id='word_1_469' title='bbox 1366 3844 1825 3913; x_wconf 86' lang='lat' dir='ltr'>altercationem,</span> 
     </span>
     <span class='ocr_line' id='line_1_73' title="bbox 185 3931 1823 4009; baseline 0.002 -21"><span class='ocrx_word' id='word_1_470' title='bbox 185 3931 333 3989; x_wconf 86' lang='lat' dir='ltr'>Nam</span> <span class='ocrx_word' id='word_1_471' title='bbox 356 3932 834 4008; x_wconf 77' lang='lat' dir='ltr'>Hierosolymitae‚</span> <span class='ocrx_word' id='word_1_472' title='bbox 862 3934 1264 4005; x_wconf 86' lang='lat' dir='ltr'>Ramatenses,</span> <span class='ocrx_word' id='word_1_473' title='bbox 1293 3935 1640 4009; x_wconf 87' lang='lat' dir='ltr'>Joppenses,</span> <span class='ocrx_word' id='word_1_474' title='bbox 1672 3936 1823 3992; x_wconf 90' lang='lat' dir='ltr'>Nea-</span> 
     </span>
     <span class='ocr_line' id='line_1_74' title="bbox 187 4021 1826 4097; baseline 0.001 -19"><span class='ocrx_word' id='word_1_475' title='bbox 187 4021 450 4095; x_wconf 90' lang='lat' dir='ltr'>politani,</span> <span class='ocrx_word' id='word_1_476' title='bbox 477 4027 534 4080; x_wconf 90' lang='lat' dir='ltr'>et</span> <span class='ocrx_word' id='word_1_477' title='bbox 563 4024 664 4096; x_wconf 89' lang='lat' dir='ltr'>qui</span> <span class='ocrx_word' id='word_1_478' title='bbox 693 4023 754 4079; x_wconf 88' lang='lat' dir='ltr'>in</span> <span class='ocrx_word' id='word_1_479' title='bbox 795 4023 1010 4081; x_wconf 77' lang='lat' dir='ltr'>finibus</span> <span class='ocrx_word' id='word_1_480' title='bbox 1035 4024 1243 4080; x_wconf 91' lang='lat' dir='ltr'>horum</span> <span class='ocrx_word' id='word_1_481' title='bbox 1266 4032 1450 4093; x_wconf 81' lang='lat' dir='ltr'>eraut,</span> <span class='ocrx_word' id='word_1_482' title='bbox 1477 4039 1826 4097; x_wconf 87' lang='lat' dir='ltr'>magnopere</span> 
     </span>
     <span class='ocr_line' id='line_1_75' title="bbox 186 4109 1824 4185; baseline 0.002 -19"><span class='ocrx_word' id='word_1_483' title='bbox 186 4109 539 4181; x_wconf 80' lang='lat' dir='ltr'>nitebantur,</span> <span class='ocrx_word' id='word_1_484' title='bbox 600 4117 664 4169; x_wconf 93' lang='lat' dir='ltr'>ut</span> <span class='ocrx_word' id='word_1_485' title='bbox 713 4114 785 4168; x_wconf 91' lang='lat' dir='ltr'>ad</span> <span class='ocrx_word' id='word_1_486' title='bbox 823 4114 1206 4171; x_wconf 89' lang='lat' dir='ltr'>obsidendam</span> <span class='ocrx_word' id='word_1_487' title='bbox 1255 4114 1603 4171; x_wconf 80' lang='lat' dir='ltr'>Ascalonam</span> <span class='ocrx_word' id='word_1_488' title='bbox 1647 4115 1824 4185; x_wconf 85' lang='lat' dir='ltr'>profi·</span> 
     </span>
     <span class='ocr_line' id='line_1_76' title="bbox 186 4199 1828 4275; baseline 0.004 -21"><span class='ocrx_word' id='word_1_489' title='bbox 186 4199 574 4271; x_wconf 80' lang='lat' dir='ltr'>ciscerentur3</span> <span class='ocrx_word' id='word_1_490' title='bbox 607 4202 913 4258; x_wconf 89' lang='lat' dir='ltr'>eratenim</span> <span class='ocrx_word' id='word_1_491' title='bbox 959 4203 1220 4275; x_wconf 83' lang='lat' dir='ltr'>vicinior,</span> <span class='ocrx_word' id='word_1_492' title='bbox 1260 4209 1317 4260; x_wconf 89' lang='lat' dir='ltr'>et</span> <span class='ocrx_word' id='word_1_493' title='bbox 1365 4204 1562 4261; x_wconf 87' lang='lat' dir='ltr'>minus</span> <span class='ocrx_word' id='word_1_494' title='bbox 1609 4204 1828 4261; x_wconf 91' lang='lat' dir='ltr'>laboris</span> 
     </span>
     <span class='ocr_line' id='line_1_77' title="bbox 190 4291 1828 4365; baseline 0.004 -20"><span class='ocrx_word' id='word_1_495' title='bbox 190 4292 247 4345; x_wconf 90' lang='lat' dir='ltr'>et</span> <span class='ocrx_word' id='word_1_496' title='bbox 284 4298 623 4363; x_wconf 86' lang='lat' dir='ltr'>sumptuum</span> <span class='ocrx_word' id='word_1_497' title='bbox 680 4291 989 4349; x_wconf 85' lang='lat' dir='ltr'>videbatur</span> <span class='ocrx_word' id='word_1_498' title='bbox 1027 4294 1271 4365; x_wconf 81' lang='lat' dir='ltr'>exigere.</span> <span class='ocrx_word' id='word_1_499' title='bbox 1334 4296 1411 4351; x_wconf 80' lang='lat' dir='ltr'>At</span> <span class='ocrx_word' id='word_1_500' title='bbox 1469 4311 1606 4353; x_wconf 86' lang='lat' dir='ltr'>vero</span> <span class='ocrx_word' id='word_1_501' title='bbox 1656 4300 1828 4352; x_wconf 82' lang='lat' dir='ltr'>Acco·</span> 
     </span>
     <span class='ocr_line' id='line_1_78' title="bbox 188 4382 1826 4456; baseline 0.005 -22"><span class='ocrx_word' id='word_1_502' title='bbox 188 4391 421 4443; x_wconf 80' lang='lat' dir='ltr'>nenses,</span> <span class='ocrx_word' id='word_1_503' title='bbox 483 4382 788 4452; x_wconf 81' lang='lat' dir='ltr'>Nazareni,</span> <span class='ocrx_word' id='word_1_504' title='bbox 855 4383 1102 4454; x_wconf 90' lang='lat' dir='ltr'>Sidonii,</span> <span class='ocrx_word' id='word_1_505' title='bbox 1169 4385 1532 4456; x_wconf 78' lang='lat' dir='ltr'>Berytenses‚</span> <span class='ocrx_word' id='word_1_506' title='bbox 1571 4386 1826 4442; x_wconf 86' lang='lat' dir='ltr'>Tiberia-</span> 
     </span>
    </p>
   </div>
   <div class='ocr_carea' id='block_1_14' title="bbox 1927 3215 3590 4450">
    <p class='ocr_par' dir='ltr' id='par_1_17' title="bbox 1927 3215 3588 4450">
     <span class='ocr_line' id='line_1_79' title="bbox 1930 3215 3585 3290; baseline -0.002 -14"><span class='ocrx_word' id='word_1_507' title='bbox 1930 3222 2054 3276; x_wconf 82' lang='lat' dir='ltr'>dem</span> <span class='ocrx_word' id='word_1_508' title='bbox 2079 3234 2224 3274; x_wconf 85' lang='lat' dir='ltr'>anno</span> <span class='ocrx_word' id='word_1_509' title='bbox 2255 3220 2405 3275; x_wconf 79' lang='lat' dir='ltr'>inter</span> <span class='ocrx_word' id='word_1_510' title='bbox 2425 3234 2652 3290; x_wconf 75' lang='lat' dir='ltr'>reqnum</span> <span class='ocrx_word' id='word_1_511' title='bbox 2680 3226 2730 3274; x_wconf 82' lang='lat' dir='ltr'>el</span> <span class='ocrx_word' id='word_1_512' title='bbox 2774 3217 3141 3274; x_wconf 78' lang='lat' dir='ltr'>sacerdotium</span> <span class='ocrx_word' id='word_1_513' title='bbox 3180 3232 3347 3288; x_wconf 83' lang='lat' dir='ltr'>super</span> <span class='ocrx_word' id='word_1_514' title='bbox 3378 3215 3585 3273; x_wconf 84' lang='lat' dir='ltr'>annuli</span> 
     </span>
     <span class='ocr_line' id='line_1_80' title="bbox 1928 3305 3576 3376; baseline -0.001 -11"><span class='ocrx_word' id='word_1_515' title='bbox 1928 3318 1978 3365; x_wconf 80' lang='lat' dir='ltr'>el</span> <span class='ocrx_word' id='word_1_516' title='bbox 2009 3307 2192 3364; x_wconf 87' lang='lat' dir='ltr'>baculi</span> <span class='ocrx_word' id='word_1_517' title='bbox 2220 3307 2613 3376; x_wconf 79' lang='lat' dir='ltr'>controversia,</span> <span class='ocrx_word' id='word_1_518' title='bbox 2634 3306 2910 3363; x_wconf 82' lang='lat' dir='ltr'>celebrato</span> <span class='ocrx_word' id='word_1_519' title='bbox 2951 3307 3129 3362; x_wconf 73' lang='lat' dir='ltr'>Romae</span> <span class='ocrx_word' id='word_1_520' title='bbox 3156 3305 3416 3376; x_wconf 85' lang='lat' dir='ltr'>concilio,</span> <span class='ocrx_word' id='word_1_521' title='bbox 3468 3309 3576 3363; x_wconf 81' lang='lat' dir='ltr'>Deo</span> 
     </span>
     <span class='ocr_line' id='line_1_81' title="bbox 1927 3394 3576 3468; baseline -0.003 -14"><span class='ocrx_word' id='word_1_522' title='bbox 1927 3398 2259 3466; x_wconf 77' lang='lat' dir='ltr'>auxiliante,</span> <span class='ocrx_word' id='word_1_523' title='bbox 2297 3402 2538 3468; x_wconf 80' lang='lat' dir='ltr'>peracta,</span> <span class='ocrx_word' id='word_1_524' title='bbox 2592 3397 2738 3452; x_wconf 84' lang='lat' dir='ltr'>alter</span> <span class='ocrx_word' id='word_1_525' title='bbox 2783 3397 3083 3452; x_wconf 81' lang='lat' dir='ltr'>Romanam</span> <span class='ocrx_word' id='word_1_526' title='bbox 3142 3394 3464 3463; x_wconf 78' lang='lat' dir='ltr'>Ecclesiam,</span> <span class='ocrx_word' id='word_1_527' title='bbox 3493 3394 3576 3450; x_wconf 91' lang='lat' dir='ltr'>al·</span> 
     </span>
     <span class='ocr_line' id='line_1_82' title="bbox 1927 3482 3577 3559; baseline -0.002 -16"><span class='ocrx_word' id='word_1_528' title='bbox 1927 3491 2115 3559; x_wconf 80' lang='lat' dir='ltr'>terque</span> <span class='ocrx_word' id='word_1_529' title='bbox 2144 3504 2373 3559; x_wconf 75' lang='lat' dir='ltr'>reqnum</span> <span class='ocrx_word' id='word_1_530' title='bbox 2398 3488 2635 3558; x_wconf 68' lang='lat' dir='ltr'>repebat,</span> <span class='ocrx_word' id='word_1_531' title='bbox 2662 3484 2979 3542; x_wconf 84' lang='lat' dir='ltr'>Dominicus</span> <span class='ocrx_word' id='word_1_532' title='bbox 3009 3482 3294 3541; x_wconf 73' lang='lat' dir='ltr'>Michaelis</span> <span class='ocrx_word' id='word_1_533' title='bbox 3338 3483 3577 3541; x_wconf 63' lang='lat' dir='ltr'>Venetia</span> 
     </span>
     <span class='ocr_line' id='line_1_83' title="bbox 1927 3573 3574 3648; baseline -0.003 -15"><span class='ocrx_word' id='word_1_534' title='bbox 1927 3578 2063 3645; x_wconf 70' lang='lat' dir='ltr'>dux,</span> <span class='ocrx_word' id='word_1_535' title='bbox 2099 3578 2383 3633; x_wconf 83' lang='lat' dir='ltr'>Dalmatiae</span> <span class='ocrx_word' id='word_1_536' title='bbox 2413 3579 2575 3648; x_wconf 86' lang='lat' dir='ltr'>alque</span> <span class='ocrx_word' id='word_1_537' title='bbox 2618 3574 2848 3632; x_wconf 79' lang='lat' dir='ltr'>Groaliae</span> <span class='ocrx_word' id='word_1_538' title='bbox 2892 3573 3048 3645; x_wconf 73' lang='lat' dir='ltr'>reqni</span> <span class='ocrx_word' id='word_1_539' title='bbox 3085 3576 3357 3645; x_wconf 83' lang='lat' dir='ltr'>princeps,</span> <span class='ocrx_word' id='word_1_540' title='bbox 3406 3574 3574 3629; x_wconf 83' lang='lat' dir='ltr'>innu-</span> 
     </span>
     <span class='ocr_line' id='line_1_84' title="bbox 1928 3661 3579 3736; baseline -0.002 -15"><span class='ocrx_word' id='word_1_541' title='bbox 1928 3683 2087 3722; x_wconf 85' lang='lat' dir='ltr'>mera</span> <span class='ocrx_word' id='word_1_542' title='bbox 2120 3667 2383 3723; x_wconf 81' lang='lat' dir='ltr'>classium</span> <span class='ocrx_word' id='word_1_543' title='bbox 2410 3666 2736 3736; x_wconf 58' lang='lat' dir='ltr'>militiaeque</span> <span class='ocrx_word' id='word_1_544' title='bbox 2765 3663 3149 3731; x_wconf 82' lang='lat' dir='ltr'>multitudine,</span> <span class='ocrx_word' id='word_1_545' title='bbox 3191 3661 3348 3735; x_wconf 87' lang='lat' dir='ltr'>prius</span> <span class='ocrx_word' id='word_1_546' title='bbox 3394 3665 3579 3719; x_wconf 83' lang='lat' dir='ltr'>tamen</span> 
     </span>
     <span class='ocr_line' id='line_1_85' title="bbox 1929 3751 3578 3828; baseline -0.001 -17"><span class='ocrx_word' id='word_1_547' title='bbox 1929 3763 2058 3811; x_wconf 85' lang='lat' dir='ltr'>ante</span> <span class='ocrx_word' id='word_1_548' title='bbox 2097 3756 2458 3828; x_wconf 79' lang='lat' dir='ltr'>importuosas</span> <span class='ocrx_word' id='word_1_549' title='bbox 2501 3752 2782 3809; x_wconf 79' lang='lat' dir='ltr'>Ascalonis</span> <span class='ocrx_word' id='word_1_550' title='bbox 2835 3755 3007 3825; x_wconf 86' lang='lat' dir='ltr'>ripas,</span> <span class='ocrx_word' id='word_1_551' title='bbox 3053 3767 3403 3824; x_wconf 71' lang='lat' dir='ltr'>paqanorum</span> <span class='ocrx_word' id='word_1_552' title='bbox 3432 3751 3578 3810; x_wconf 81' lang='lat' dir='ltr'>clas-</span> 
     </span>
     <span class='ocr_line' id='line_1_86' title="bbox 1929 3841 3581 3917; baseline -0.001 -17"><span class='ocrx_word' id='word_1_553' title='bbox 1929 3848 2071 3901; x_wconf 85' lang='lat' dir='ltr'>sium</span> <span class='ocrx_word' id='word_1_554' title='bbox 2106 3846 2248 3916; x_wconf 76' lang='lat' dir='ltr'>reqis</span> <span class='ocrx_word' id='word_1_555' title='bbox 2299 3844 2625 3917; x_wconf 62' lang='lat' dir='ltr'>Babyloniae</span> <span class='ocrx_word' id='word_1_556' title='bbox 2670 3842 3002 3914; x_wconf 68' lang='lat' dir='ltr'>pravissima</span> <span class='ocrx_word' id='word_1_557' title='bbox 3047 3847 3228 3913; x_wconf 71' lang='lat' dir='ltr'>straqe</span> <span class='ocrx_word' id='word_1_558' title='bbox 3273 3843 3450 3913; x_wconf 82' lang='lat' dir='ltr'>sacta,</span> <span class='ocrx_word' id='word_1_559' title='bbox 3491 3841 3581 3898; x_wconf 75' lang='lat' dir='ltr'>ds-</span> 
     </span>
     <span class='ocr_line' id='line_1_87' title="bbox 1928 3930 3583 4005; baseline -0.004 -13"><span class='ocrx_word' id='word_1_560' title='bbox 1928 3952 2081 3992; x_wconf 90' lang='lat' dir='ltr'>mum</span> <span class='ocrx_word' id='word_1_561' title='bbox 2114 3937 2175 3990; x_wconf 86' lang='lat' dir='ltr'>in</span> <span class='ocrx_word' id='word_1_562' title='bbox 2234 3935 2575 3991; x_wconf 78' lang='lat' dir='ltr'>Hierusalem</span> <span class='ocrx_word' id='word_1_563' title='bbox 2616 3937 2820 4005; x_wconf 86' lang='lat' dir='ltr'>parles,</span> <span class='ocrx_word' id='word_1_564' title='bbox 2878 3931 2947 3987; x_wconf 82' lang='lat' dir='ltr'>ad</span> <span class='ocrx_word' id='word_1_565' title='bbox 2999 3931 3370 3989; x_wconf 81' lang='lat' dir='ltr'>necessarium</span> <span class='ocrx_word' id='word_1_566' title='bbox 3420 3930 3583 3987; x_wconf 73' lang='lat' dir='ltr'>Chri·</span> 
     </span>
     <span class='ocr_line' id='line_1_88' title="bbox 1928 4020 3580 4094; baseline -0.003 -15"><span class='ocrx_word' id='word_1_567' title='bbox 1928 4027 2233 4080; x_wconf 86' lang='lat' dir='ltr'>slianorum</span> <span class='ocrx_word' id='word_1_568' title='bbox 2254 4021 2631 4094; x_wconf 80' lang='lat' dir='ltr'>patrocinium</span> <span class='ocrx_word' id='word_1_569' title='bbox 2644 4020 2966 4078; x_wconf 84' lang='lat' dir='ltr'>victoriosus</span> <span class='ocrx_word' id='word_1_570' title='bbox 2975 4020 3218 4077; x_wconf 82' lang='lat' dir='ltr'>advenit.</span> <span class='ocrx_word' id='word_1_571' title='bbox 3239 4020 3353 4076; x_wconf 79' lang='lat' dir='ltr'>Rea:</span> <span class='ocrx_word' id='word_1_572' title='bbox 3372 4021 3580 4092; x_wconf 79' lang='lat' dir='ltr'>quippe</span> 
     </span>
     <span class='ocr_line' id='line_1_89' title="bbox 1930 4108 3584 4180; baseline -0.001 -14"><span class='ocrx_word' id='word_1_573' title='bbox 1930 4112 2236 4168; x_wconf 83' lang='lat' dir='ltr'>Balduiuus</span> <span class='ocrx_word' id='word_1_574' title='bbox 2268 4112 2603 4168; x_wconf 81' lang='lat' dir='ltr'>Hierusalem</span> <span class='ocrx_word' id='word_1_575' title='bbox 2648 4108 2937 4177; x_wconf 83' lang='lat' dir='ltr'>secundus,</span> <span class='ocrx_word' id='word_1_576' title='bbox 2983 4117 3112 4164; x_wconf 85' lang='lat' dir='ltr'>tunc</span> <span class='ocrx_word' id='word_1_577' title='bbox 3145 4108 3427 4180; x_wconf 84' lang='lat' dir='ltr'>temporis,</span> <span class='ocrx_word' id='word_1_578' title='bbox 3451 4122 3584 4179; x_wconf 82' lang='lat' dir='ltr'>pec-</span> 
     </span>
     <span class='ocr_line' id='line_1_90' title="bbox 1928 4195 3583 4270; baseline -0.004 -12"><span class='ocrx_word' id='word_1_579' title='bbox 1928 4205 2068 4259; x_wconf 84' lang='lat' dir='ltr'>catis</span> <span class='ocrx_word' id='word_1_580' title='bbox 2097 4205 2302 4258; x_wconf 83' lang='lat' dir='ltr'>nostris</span> <span class='ocrx_word' id='word_1_581' title='bbox 2331 4201 2699 4270; x_wconf 62' lang='lat' dir='ltr'>niventibus,</span> <span class='ocrx_word' id='word_1_582' title='bbox 2729 4199 2827 4254; x_wconf 85' lang='lat' dir='ltr'>sub</span> <span class='ocrx_word' id='word_1_583' title='bbox 2859 4199 3027 4254; x_wconf 82' lang='lat' dir='ltr'>Baiae</span> <span class='ocrx_word' id='word_1_584' title='bbox 3065 4195 3321 4270; x_wconf 78' lang='lat' dir='ltr'>principe</span> <span class='ocrx_word' id='word_1_585' title='bbox 3341 4198 3583 4253; x_wconf 74' lang='lat' dir='ltr'>Partho-</span> 
     </span>
     <span class='ocr_line' id='line_1_91' title="bbox 1930 4287 3588 4363; baseline -0.002 -16"><span class='ocrx_word' id='word_1_586' title='bbox 1930 4308 2074 4356; x_wconf 84' lang='lat' dir='ltr'>rum,</span> <span class='ocrx_word' id='word_1_587' title='bbox 2096 4306 2437 4363; x_wconf 72' lang='lat' dir='ltr'>papanorum</span> <span class='ocrx_word' id='word_1_588' title='bbox 2463 4291 2654 4362; x_wconf 84' lang='lat' dir='ltr'>laqueo</span> <span class='ocrx_word' id='word_1_589' title='bbox 2696 4304 2819 4344; x_wconf 86' lang='lat' dir='ltr'>cum</span> <span class='ocrx_word' id='word_1_590' title='bbox 2866 4287 3121 4359; x_wconf 78' lang='lat' dir='ltr'>pluribus</span> <span class='ocrx_word' id='word_1_591' title='bbox 3168 4287 3295 4342; x_wconf 89' lang='lat' dir='ltr'>aliis</span> <span class='ocrx_word' id='word_1_592' title='bbox 3338 4288 3588 4358; x_wconf 81' lang='lat' dir='ltr'>captivus</span> 
     </span>
     <span class='ocr_line' id='line_1_92' title="bbox 1930 4375 3590 4450; baseline -0.005 -12"><span class='ocrx_word' id='word_1_593' title='bbox 1930 4381 2240 4438; x_wconf 82' lang='lat' dir='ltr'>tenebatur.</span> <span class='ocrx_word' id='word_1_594' title='bbox 2298 4381 2596 4450; x_wconf 80' lang='lat' dir='ltr'>Propterea</span> <span class='ocrx_word' id='word_1_595' title='bbox 2645 4393 2745 4433; x_wconf 84' lang='lat' dir='ltr'>nos</span> <span class='ocrx_word' id='word_1_596' title='bbox 2789 4376 3008 4448; x_wconf 85' lang='lat' dir='ltr'>quidem</span> <span class='ocrx_word' id='word_1_597' title='bbox 3057 4375 3422 4446; x_wconf 85' lang='lat' dir='ltr'>Gormandus,</span> <span class='ocrx_word' id='word_1_598' title='bbox 3489 4375 3590 4431; x_wconf 84' lang='lat' dir='ltr'>Dei</span> 
     </span>
    </p>
   </div>
   <div class='ocr_carea' id='block_1_15' title="bbox 189 4464 3587 4648">
    <p class='ocr_par' dir='ltr' id='par_1_18' title="bbox 189 4464 3587 4636">
     <span class='ocr_line' id='line_1_93' title="bbox 189 4464 3587 4555; baseline -0.001 -31"><span class='ocrx_word' id='word_1_599' title='bbox 189 4468 422 4537; x_wconf 86' lang='lat' dir='ltr'>denses,</span> <span class='ocrx_word' id='word_1_600' title='bbox 454 4471 651 4540; x_wconf 90' lang='lat' dir='ltr'>Biblii,</span> <span class='ocrx_word' id='word_1_601' title='bbox 674 4480 732 4528; x_wconf 91' lang='lat' dir='ltr'>et</span> <span class='ocrx_word' id='word_1_602' title='bbox 751 4478 1095 4530; x_wconf 64' lang='lat' dir='ltr'>craterarum</span> <span class='ocrx_word' id='word_1_603' title='bbox 1129 4476 1554 4531; x_wconf 87' lang='lat' dir='ltr'>maritimarum</span> <span class='ocrx_word' id='word_1_604' title='bbox 1590 4475 1821 4530; x_wconf 83' lang='lat' dir='ltr'>urbium</span> <span class='ocrx_word' id='word_1_605' title='bbox 1856 4492 1905 4555; x_wconf 69' lang='grc' dir='ltr'>ι)</span> <span class='ocrx_word' id='word_1_606' title='bbox 1934 4473 2120 4545; x_wconf 75' lang='lat' dir='ltr'>prolia</span> <span class='ocrx_word' id='word_1_607' title='bbox 2149 4477 2349 4528; x_wconf 72' lang='lat' dir='ltr'>sancias</span> <span class='ocrx_word' id='word_1_608' title='bbox 2389 4469 2631 4527; x_wconf 85' lang='lat' dir='ltr'>civitatis</span> <span class='ocrx_word' id='word_1_609' title='bbox 2674 4469 3012 4524; x_wconf 76' lang='lat' dir='ltr'>Hierusalem</span> <span class='ocrx_word' id='word_1_610' title='bbox 3059 4464 3408 4535; x_wconf 68' lang='lat' dir='ltr'>patriarcha,</span> <span class='ocrx_word' id='word_1_611' title='bbox 3456 4481 3587 4522; x_wconf 85' lang='lat' dir='ltr'>cum</span> 
     </span>
     <span class='ocr_line' id='line_1_94' title="bbox 192 4553 3585 4648; baseline -0.001 -34"><span class='ocrx_word' id='word_1_612' title='bbox 192 4554 569 4630; x_wconf 83' lang='lat' dir='ltr'>habitatores,</span> <span class='ocrx_word' id='word_1_613' title='bbox 608 4576 814 4617; x_wconf 81' lang='lat' dir='ltr'>versus</span> <span class='ocrx_word' id='word_1_614' title='bbox 860 4562 1101 4648; x_wconf 87' lang='lat' dir='ltr'>Tyrum</span> <span class='ocrx_word' id='word_1_615' title='bbox 1127 4561 1459 4635; x_wconf 85' lang='lat' dir='ltr'>dirigendos</span> <span class='ocrx_word' id='word_1_616' title='bbox 1507 4580 1633 4620; x_wconf 87' lang='lat' dir='ltr'>esse</span> <span class='ocrx_word' id='word_1_617' title='bbox 1680 4581 1827 4621; x_wconf 92' lang='lat' dir='ltr'>con—</span> <span class='ocrx_word' id='word_1_618' title='bbox 1937 4566 2146 4619; x_wconf 73' lang='lat' dir='ltr'>nostrae</span> <span class='ocrx_word' id='word_1_619' title='bbox 2175 4561 2419 4617; x_wconf 72' lang='lat' dir='ltr'>ecclesiae</span> <span class='ocrx_word' id='word_1_620' title='bbox 2445 4560 2723 4630; x_wconf 82' lang='lat' dir='ltr'>fratribus</span> <span class='ocrx_word' id='word_1_621' title='bbox 2748 4556 3137 4629; x_wconf 62' lang='lat' dir='ltr'>suffraganeis,</span> <span class='ocrx_word' id='word_1_622' title='bbox 3167 4554 3384 4612; x_wconf 78' lang='lat' dir='ltr'>domino</span> <span class='ocrx_word' id='word_1_623' title='bbox 3442 4553 3585 4611; x_wconf 82' lang='lat' dir='ltr'>Wil-</span> 
     </span>
    </p>
   </div>
   <div class='ocr_carea' id='block_1_16' title="bbox 183 4637 1828 5626">
    <p class='ocr_par' dir='ltr' id='par_1_19' title="bbox 183 4637 1828 5626">
     <span class='ocr_line' id='line_1_95' title="bbox 183 4637 1828 4743; baseline 0.005 -40"><span class='ocrx_word' id='word_1_624' title='bbox 183 4648 500 4706; x_wconf 87' lang='lat' dir='ltr'>tendebant</span> <span class='ocrx_word' id='word_1_625' title='bbox 519 4651 844 4721; x_wconf 72' lang='lat' dir='ltr'>exercitus3</span> <span class='ocrx_word' id='word_1_626' title='bbox 893 4637 1213 4743; x_wconf 82' lang='lat' dir='ltr'>allegantes</span> <span class='ocrx_word' id='word_1_627' title='bbox 1240 4654 1411 4724; x_wconf 84' lang='lat' dir='ltr'>quod,</span> <span class='ocrx_word' id='word_1_628' title='bbox 1441 4669 1575 4708; x_wconf 91' lang='lat' dir='ltr'>cum</span> <span class='ocrx_word' id='word_1_629' title='bbox 1627 4655 1828 4712; x_wconf 86' lang='lat' dir='ltr'>civitas</span> 
     </span>
     <span class='ocr_line' id='line_1_96' title="bbox 184 4712 1827 4823; baseline 0.001 -27"><span class='ocrx_word' id='word_1_630' title='bbox 184 4748 339 4797; x_wconf 87' lang='lat' dir='ltr'>esset</span> <span class='ocrx_word' id='word_1_631' title='bbox 387 4740 599 4798; x_wconf 79' lang='lat' dir='ltr'>nobilis</span> <span class='ocrx_word' id='word_1_632' title='bbox 645 4746 704 4798; x_wconf 91' lang='lat' dir='ltr'>et</span> <span class='ocrx_word' id='word_1_633' title='bbox 731 4712 1159 4823; x_wconf 69' lang='lat' dir='ltr'>munitissima,</span> <span class='ocrx_word' id='word_1_634' title='bbox 1199 4742 1336 4798; x_wconf 88' lang='lat' dir='ltr'>totis</span> <span class='ocrx_word' id='word_1_635' title='bbox 1389 4742 1609 4799; x_wconf 84' lang='lat' dir='ltr'>viribus</span> <span class='ocrx_word' id='word_1_636' title='bbox 1638 4743 1827 4799; x_wconf 88' lang='lat' dir='ltr'>elabo-</span> 
     </span>
     <span class='ocr_line' id='line_1_97' title="bbox 187 4830 1826 4902; baseline 0.001 -17"><span class='ocrx_word' id='word_1_637' title='bbox 187 4830 435 4886; x_wconf 84' lang='lat' dir='ltr'>randum</span> <span class='ocrx_word' id='word_1_638' title='bbox 456 4841 602 4898; x_wconf 89' lang='lat' dir='ltr'>erat,</span> <span class='ocrx_word' id='word_1_639' title='bbox 636 4835 707 4887; x_wconf 92' lang='lat' dir='ltr'>ut</span> <span class='ocrx_word' id='word_1_640' title='bbox 726 4831 786 4887; x_wconf 90' lang='lat' dir='ltr'>in</span> <span class='ocrx_word' id='word_1_641' title='bbox 819 4835 1079 4887; x_wconf 88' lang='lat' dir='ltr'>nostram</span> <span class='ocrx_word' id='word_1_642' title='bbox 1105 4833 1331 4886; x_wconf 85' lang='lat' dir='ltr'>cederet</span> <span class='ocrx_word' id='word_1_643' title='bbox 1354 4834 1721 4902; x_wconf 85' lang='lat' dir='ltr'>potestatem,</span> <span class='ocrx_word' id='word_1_644' title='bbox 1755 4847 1826 4887; x_wconf 91' lang='lat' dir='ltr'>ne</span> 
     </span>
     <span class='ocr_line' id='line_1_98' title="bbox 188 4897 1825 4993; baseline 0.003 -21"><span class='ocrx_word' id='word_1_645' title='bbox 188 4915 504 4989; x_wconf 90' lang='lat' dir='ltr'>aliquando</span> <span class='ocrx_word' id='word_1_646' title='bbox 533 4897 805 4977; x_wconf 84' lang='lat' dir='ltr'>hostibus</span> <span class='ocrx_word' id='word_1_647' title='bbox 846 4928 1042 4993; x_wconf 87' lang='lat' dir='ltr'>posset</span> <span class='ocrx_word' id='word_1_648' title='bbox 1071 4935 1196 4975; x_wconf 85' lang='lat' dir='ltr'>esse</span> <span class='ocrx_word' id='word_1_649' title='bbox 1227 4919 1471 4987; x_wconf 87' lang='lat' dir='ltr'>occasio,</span> <span class='ocrx_word' id='word_1_650' title='bbox 1506 4924 1568 4976; x_wconf 89' lang='lat' dir='ltr'>ut</span> <span class='ocrx_word' id='word_1_651' title='bbox 1598 4922 1667 4977; x_wconf 89' lang='lat' dir='ltr'>ad</span> <span class='ocrx_word' id='word_1_652' title='bbox 1700 4938 1825 4987; x_wconf 86' lang='lat' dir='ltr'>nos,</span> 
     </span>
     <span class='ocr_line' id='line_1_99' title="bbox 185 5008 1828 5086; baseline 0.004 -22"><span class='ocrx_word' id='word_1_653' title='bbox 185 5008 373 5080; x_wconf 90' lang='lat' dir='ltr'>gratia</span> <span class='ocrx_word' id='word_1_654' title='bbox 402 5012 808 5083; x_wconf 70' lang='lat' dir='ltr'>recuperando</span> <span class='ocrx_word' id='word_1_655' title='bbox 830 5028 1082 5083; x_wconf 79' lang='lat' dir='ltr'>regionis</span> <span class='ocrx_word' id='word_1_656' title='bbox 1095 5014 1151 5068; x_wconf 91' lang='lat' dir='ltr'>et</span> <span class='ocrx_word' id='word_1_657' title='bbox 1172 5012 1350 5069; x_wconf 89' lang='lat' dir='ltr'>totius</span> <span class='ocrx_word' id='word_1_658' title='bbox 1373 5013 1701 5084; x_wconf 77' lang='lat' dir='ltr'>provinciae,</span> <span class='ocrx_word' id='word_1_659' title='bbox 1725 5030 1828 5086; x_wconf 90' lang='lat' dir='ltr'>per</span> 
     </span>
     <span class='ocr_line' id='line_1_100' title="bbox 187 5101 1822 5176; baseline -0.001 -17"><span class='ocrx_word' id='word_1_660' title='bbox 187 5118 312 5160; x_wconf 91' lang='lat' dir='ltr'>eam</span> <span class='ocrx_word' id='word_1_661' title='bbox 335 5101 982 5176; x_wconf 82' lang='lat' dir='ltr'>haherentiugressum.</span> <span class='ocrx_word' id='word_1_662' title='bbox 1000 5103 1093 5161; x_wconf 90' lang='lat' dir='ltr'>Sic</span> <span class='ocrx_word' id='word_1_663' title='bbox 1116 5119 1252 5176; x_wconf 87' lang='lat' dir='ltr'>ergo</span> <span class='ocrx_word' id='word_1_664' title='bbox 1276 5102 1541 5175; x_wconf 88' lang='lat' dir='ltr'>perhanc</span> <span class='ocrx_word' id='word_1_665' title='bbox 1559 5106 1822 5159; x_wconf 87' lang='lat' dir='ltr'>votorum</span> 
     </span>
     <span class='ocr_line' id='line_1_101' title="bbox 187 5192 1828 5265; baseline -0.002 -14"><span class='ocrx_word' id='word_1_666' title='bbox 187 5192 612 5251; x_wconf 84' lang='lat' dir='ltr'>dissonantiam</span> <span class='ocrx_word' id='word_1_667' title='bbox 645 5209 736 5250; x_wconf 89' lang='lat' dir='ltr'>res</span> <span class='ocrx_word' id='word_1_668' title='bbox 767 5193 827 5250; x_wconf 91' lang='lat' dir='ltr'>in</span> <span class='ocrx_word' id='word_1_669' title='bbox 857 5192 1238 5265; x_wconf 89' lang='lat' dir='ltr'>periculosas,</span> <span class='ocrx_word' id='word_1_670' title='bbox 1270 5196 1334 5250; x_wconf 93' lang='lat' dir='ltr'>ut</span> <span class='ocrx_word' id='word_1_671' title='bbox 1372 5193 1646 5259; x_wconf 86' lang='lat' dir='ltr'>diximus,</span> <span class='ocrx_word' id='word_1_672' title='bbox 1681 5206 1828 5264; x_wconf 89' lang='lat' dir='ltr'>pene</span> 
     </span>
     <span class='ocr_line' id='line_1_102' title="bbox 186 5283 1828 5359; baseline -0.004 -16"><span class='ocrx_word' id='word_1_673' title='bbox 186 5287 446 5359; x_wconf 76' lang='lat' dir='ltr'>pervenit</span> <span class='ocrx_word' id='word_1_674' title='bbox 473 5284 764 5342; x_wconf 87' lang='lat' dir='ltr'>inducias.</span> <span class='ocrx_word' id='word_1_675' title='bbox 795 5283 1022 5343; x_wconf 89' lang='lat' dir='ltr'>Placuit</span> <span class='ocrx_word' id='word_1_676' title='bbox 1044 5284 1300 5352; x_wconf 90' lang='lat' dir='ltr'>tandem,</span> <span class='ocrx_word' id='word_1_677' title='bbox 1325 5283 1680 5358; x_wconf 87' lang='lat' dir='ltr'>quibusdam</span> <span class='ocrx_word' id='word_1_678' title='bbox 1703 5296 1828 5338; x_wconf 89' lang='lat' dir='ltr'>me·</span> 
     </span>
     <span class='ocr_line' id='line_1_103' title="bbox 187 5371 1824 5447; baseline -0.001 -17"><span class='ocrx_word' id='word_1_679' title='bbox 187 5374 506 5447; x_wconf 85' lang='lat' dir='ltr'>diantibus,</span> <span class='ocrx_word' id='word_1_680' title='bbox 538 5379 693 5432; x_wconf 89' lang='lat' dir='ltr'>sorte</span> <span class='ocrx_word' id='word_1_681' title='bbox 725 5373 954 5431; x_wconf 84' lang='lat' dir='ltr'>definiri</span> <span class='ocrx_word' id='word_1_682' title='bbox 985 5373 1319 5444; x_wconf 82' lang='lat' dir='ltr'>huiusmodi</span> <span class='ocrx_word' id='word_1_683' title='bbox 1343 5371 1824 5443; x_wconf 81' lang='lat' dir='ltr'>controversiam3</span> 
     </span>
     <span class='ocr_line' id='line_1_104' title="bbox 187 5461 1826 5522; baseline -0.001 -1"><span class='ocrx_word' id='word_1_684' title='bbox 187 5463 363 5522; x_wconf 86' lang='lat' dir='ltr'>sortis</span> <span class='ocrx_word' id='word_1_685' title='bbox 385 5469 583 5522; x_wconf 90' lang='lat' dir='ltr'>autem</span> <span class='ocrx_word' id='word_1_686' title='bbox 615 5464 802 5522; x_wconf 81' lang='lat' dir='ltr'>forma</span> <span class='ocrx_word' id='word_1_687' title='bbox 848 5480 965 5520; x_wconf 90' lang='lat' dir='ltr'>non</span> <span class='ocrx_word' id='word_1_688' title='bbox 996 5462 1250 5520; x_wconf 91' lang='lat' dir='ltr'>multum</span> <span class='ocrx_word' id='word_1_689' title='bbox 1280 5461 1350 5520; x_wconf 91' lang='lat' dir='ltr'>ab</span> <span class='ocrx_word' id='word_1_690' title='bbox 1395 5462 1699 5521; x_wconf 89' lang='lat' dir='ltr'>honestate</span> <span class='ocrx_word' id='word_1_691' title='bbox 1728 5463 1826 5519; x_wconf 91' lang='lat' dir='ltr'>ab·</span> 
     </span>
     <span class='ocr_line' id='line_1_105' title="bbox 188 5551 1825 5626; baseline -0.001 -12"><span class='ocrx_word' id='word_1_692' title='bbox 188 5552 485 5614; x_wconf 79' lang='lat' dir='ltr'>horrebat.</span> <span class='ocrx_word' id='word_1_693' title='bbox 526 5552 1004 5626; x_wconf 79' lang='lat' dir='ltr'>Conscripserunt</span> <span class='ocrx_word' id='word_1_694' title='bbox 1033 5551 1188 5610; x_wconf 89' lang='lat' dir='ltr'>enim</span> <span class='ocrx_word' id='word_1_695' title='bbox 1227 5551 1288 5609; x_wconf 89' lang='lat' dir='ltr'>in</span> <span class='ocrx_word' id='word_1_696' title='bbox 1336 5552 1695 5612; x_wconf 89' lang='lat' dir='ltr'>membranis</span> <span class='ocrx_word' id='word_1_697' title='bbox 1730 5569 1825 5612; x_wconf 83' lang='lat' dir='ltr'>co-</span> 
     </span>
    </p>
   </div>
   <div class='ocr_carea' id='block_1_17' title="bbox 1933 4641 3588 5623">
    <p class='ocr_par' dir='ltr' id='par_1_20' title="bbox 1933 4641 3588 5623">
     <span class='ocr_line' id='line_1_106' title="bbox 1941 4641 3584 4715; baseline -0.004 -10"><span class='ocrx_word' id='word_1_698' title='bbox 1941 4650 2095 4707; x_wconf 86' lang='lat' dir='ltr'>lelmo</span> <span class='ocrx_word' id='word_1_699' title='bbox 2124 4650 2189 4706; x_wconf 85' lang='lat' dir='ltr'>de</span> <span class='ocrx_word' id='word_1_700' title='bbox 2223 4652 2387 4706; x_wconf 85' lang='lat' dir='ltr'>Buris</span> <span class='ocrx_word' id='word_1_701' title='bbox 2414 4646 2826 4705; x_wconf 83' lang='lat' dir='ltr'>constabulario</span> <span class='ocrx_word' id='word_1_702' title='bbox 2864 4654 2916 4702; x_wconf 80' lang='lat' dir='ltr'>ei</span> <span class='ocrx_word' id='word_1_703' title='bbox 2964 4647 3195 4715; x_wconf 75' lang='lat' dir='ltr'>Paqono</span> <span class='ocrx_word' id='word_1_704' title='bbox 3223 4641 3584 4710; x_wconf 83' lang='lat' dir='ltr'>cancellario,</span> 
     </span>
     <span class='ocr_line' id='line_1_107' title="bbox 1934 4733 3585 4808; baseline -0.006 -12"><span class='ocrx_word' id='word_1_705' title='bbox 1934 4740 2094 4796; x_wconf 83' lang='lat' dir='ltr'>nobis</span> <span class='ocrx_word' id='word_1_706' title='bbox 2124 4755 2248 4795; x_wconf 90' lang='lat' dir='ltr'>cum</span> <span class='ocrx_word' id='word_1_707' title='bbox 2277 4741 2443 4795; x_wconf 80' lang='lat' dir='ltr'>totius</span> <span class='ocrx_word' id='word_1_708' title='bbox 2486 4739 2646 4808; x_wconf 70' lang='lat' dir='ltr'>requi</span> <span class='ocrx_word' id='word_1_709' title='bbox 2689 4735 3177 4808; x_wconf 79' lang='lat' dir='ltr'>Hierosolymitani</span> <span class='ocrx_word' id='word_1_710' title='bbox 3219 4735 3363 4789; x_wconf 85' lang='lat' dir='ltr'>socia</span> <span class='ocrx_word' id='word_1_711' title='bbox 3403 4733 3585 4788; x_wconf 85' lang='lat' dir='ltr'>Baro-</span> 
     </span>
     <span class='ocr_line' id='line_1_108' title="bbox 1936 4795 3585 4898; baseline -0.005 -13"><span class='ocrx_word' id='word_1_712' title='bbox 1936 4845 2071 4885; x_wconf 85' lang='lat' dir='ltr'>num</span> <span class='ocrx_word' id='word_1_713' title='bbox 2132 4827 2337 4883; x_wconf 85' lang='lat' dir='ltr'>militia</span> <span class='ocrx_word' id='word_1_714' title='bbox 2382 4828 2695 4898; x_wconf 79' lang='lat' dir='ltr'>conjuncta,</span> <span class='ocrx_word' id='word_1_715' title='bbox 2744 4826 2955 4882; x_wconf 68' lang='lat' dir='ltr'>Actione</span> <span class='ocrx_word' id='word_1_716' title='bbox 3003 4823 3067 4880; x_wconf 84' lang='lat' dir='ltr'>in</span> <span class='ocrx_word' id='word_1_717' title='bbox 3096 4795 3352 4892; x_wconf 60' lang='lat' dir='ltr'>ecclesia?</span> <span class='ocrx_word' id='word_1_718' title='bbox 3354 4820 3585 4891; x_wconf 67' lang='lat' dir='ltr'>Sancta</span> 
     </span>
     <span class='ocr_line' id='line_1_109' title="bbox 1936 4909 3584 4987; baseline -0.005 -11"><span class='ocrx_word' id='word_1_719' title='bbox 1936 4916 2130 4976; x_wconf 78' lang='lat' dir='ltr'>Crucis</span> <span class='ocrx_word' id='word_1_720' title='bbox 2149 4915 2567 4978; x_wconf 76' lang='lat' dir='ltr'>convenientes:</span> <span class='ocrx_word' id='word_1_721' title='bbox 2596 4914 2839 4987; x_wconf 81' lang='lat' dir='ltr'>ejusdem</span> <span class='ocrx_word' id='word_1_722' title='bbox 2859 4914 3005 4982; x_wconf 67' lang='lat' dir='ltr'>repis</span> <span class='ocrx_word' id='word_1_723' title='bbox 3051 4909 3314 4967; x_wconf 80' lang='lat' dir='ltr'>Balduini</span> <span class='ocrx_word' id='word_1_724' title='bbox 3335 4910 3584 4984; x_wconf 84' lang='lat' dir='ltr'>promis-</span> 
     </span>
     <span class='ocr_line' id='line_1_110' title="bbox 1934 4998 3586 5072; baseline -0.004 -8"><span class='ocrx_word' id='word_1_725' title='bbox 1934 5009 2133 5072; x_wconf 80' lang='lat' dir='ltr'>siones,</span> <span class='ocrx_word' id='word_1_726' title='bbox 2181 5004 2480 5061; x_wconf 79' lang='lat' dir='ltr'>secundum</span> <span class='ocrx_word' id='word_1_727' title='bbox 2532 5002 2850 5062; x_wconf 73' lang='lat' dir='ltr'>litterarum</span> <span class='ocrx_word' id='word_1_728' title='bbox 2895 5017 3124 5058; x_wconf 80' lang='lat' dir='ltr'>suarum</span> <span class='ocrx_word' id='word_1_729' title='bbox 3151 5008 3204 5057; x_wconf 82' lang='lat' dir='ltr'>el</span> <span class='ocrx_word' id='word_1_730' title='bbox 3254 4998 3586 5057; x_wconf 77' lang='lat' dir='ltr'>nuntiorum</span> 
     </span>
     <span class='ocr_line' id='line_1_111' title="bbox 1934 5089 3588 5170; baseline -0.002 -19"><span class='ocrx_word' id='word_1_731' title='bbox 1934 5096 2363 5170; x_wconf 74' lang='lat' dir='ltr'>prolocutiones,</span> <span class='ocrx_word' id='word_1_732' title='bbox 2394 5111 2530 5168; x_wconf 80' lang='lat' dir='ltr'>quas</span> <span class='ocrx_word' id='word_1_733' title='bbox 2543 5094 2716 5152; x_wconf 84' lang='lat' dir='ltr'>eidem</span> <span class='ocrx_word' id='word_1_734' title='bbox 2750 5093 3117 5150; x_wconf 84' lang='lat' dir='ltr'>Veneticorum</span> <span class='ocrx_word' id='word_1_735' title='bbox 3166 5089 3294 5145; x_wconf 84' lang='lat' dir='ltr'>duci</span> <span class='ocrx_word' id='word_1_736' title='bbox 3332 5105 3461 5146; x_wconf 89' lang='lat' dir='ltr'>suos</span> <span class='ocrx_word' id='word_1_737' title='bbox 3488 5105 3588 5162; x_wconf 87' lang='lat' dir='ltr'>per</span> 
     </span>
     <span class='ocr_line' id='line_1_112' title="bbox 1935 5176 3586 5258; baseline -0.005 -15"><span class='ocrx_word' id='word_1_738' title='bbox 1935 5189 2181 5256; x_wconf 77' lang='lat' dir='ltr'>nuntios,</span> <span class='ocrx_word' id='word_1_739' title='bbox 2212 5201 2379 5258; x_wconf 84' lang='lat' dir='ltr'>usque</span> <span class='ocrx_word' id='word_1_740' title='bbox 2428 5186 2725 5253; x_wconf 78' lang='lat' dir='ltr'>Venetiam,</span> <span class='ocrx_word' id='word_1_741' title='bbox 2765 5197 2867 5239; x_wconf 75' lang='lat' dir='ltr'>rea:</span> <span class='ocrx_word' id='word_1_742' title='bbox 2911 5179 3030 5252; x_wconf 82' lang='lat' dir='ltr'>ipse</span> <span class='ocrx_word' id='word_1_743' title='bbox 3048 5176 3428 5250; x_wconf 77' lang='lat' dir='ltr'>mandaverat,</span> <span class='ocrx_word' id='word_1_744' title='bbox 3460 5194 3586 5252; x_wconf 88' lang='lat' dir='ltr'>pro·</span> 
     </span>
     <span class='ocr_line' id='line_1_113' title="bbox 1934 5266 3588 5350; baseline -0.003 -18"><span class='ocrx_word' id='word_1_745' title='bbox 1934 5276 2061 5350; x_wconf 87' lang='lat' dir='ltr'>pria</span> <span class='ocrx_word' id='word_1_746' title='bbox 2089 5292 2283 5345; x_wconf 87' lang='lat' dir='ltr'>manu,</span> <span class='ocrx_word' id='word_1_747' title='bbox 2326 5279 2378 5331; x_wconf 87' lang='lat' dir='ltr'>et</span> <span class='ocrx_word' id='word_1_748' title='bbox 2451 5278 2822 5349; x_wconf 81' lang='lat' dir='ltr'>episcoporum</span> <span class='ocrx_word' id='word_1_749' title='bbox 2867 5271 2980 5328; x_wconf 87' lang='lat' dir='ltr'>sive</span> <span class='ocrx_word' id='word_1_750' title='bbox 3027 5266 3356 5326; x_wconf 84' lang='lat' dir='ltr'>cancellarii</span> <span class='ocrx_word' id='word_1_751' title='bbox 3411 5284 3588 5327; x_wconf 80' lang='lat' dir='ltr'>manu</span> 
     </span>
     <span class='ocr_line' id='line_1_114' title="bbox 1933 5355 3585 5439; baseline -0.004 -16"><span class='ocrx_word' id='word_1_752' title='bbox 1933 5367 2190 5439; x_wconf 84' lang='lat' dir='ltr'>pacisque</span> <span class='ocrx_word' id='word_1_753' title='bbox 2243 5366 2447 5435; x_wconf 88' lang='lat' dir='ltr'>osculo,</span> <span class='ocrx_word' id='word_1_754' title='bbox 2498 5368 2660 5437; x_wconf 86' lang='lat' dir='ltr'>prout</span> <span class='ocrx_word' id='word_1_755' title='bbox 2715 5360 2845 5419; x_wconf 83' lang='lat' dir='ltr'>ordo</span> <span class='ocrx_word' id='word_1_756' title='bbox 2899 5368 3081 5416; x_wconf 79' lang='lat' dir='ltr'>noster</span> <span class='ocrx_word' id='word_1_757' title='bbox 3143 5358 3336 5429; x_wconf 68' lang='lat' dir='ltr'>exiqit,</span> <span class='ocrx_word' id='word_1_758' title='bbox 3397 5355 3585 5416; x_wconf 77' lang='lat' dir='ltr'>dalis:</span> 
     </span>
     <span class='ocr_line' id='line_1_115' title="bbox 1935 5447 3585 5527; baseline -0.005 -12"><span class='ocrx_word' id='word_1_759' title='bbox 1935 5472 2121 5515; x_wconf 84' lang='lat' dir='ltr'>omnes</span> <span class='ocrx_word' id='word_1_760' title='bbox 2144 5472 2271 5514; x_wconf 85' lang='lat' dir='ltr'>vero</span> <span class='ocrx_word' id='word_1_761' title='bbox 2301 5457 2550 5526; x_wconf 79' lang='lat' dir='ltr'>barones,</span> <span class='ocrx_word' id='word_1_762' title='bbox 2579 5469 2810 5527; x_wconf 85' lang='lat' dir='ltr'>quorum</span> <span class='ocrx_word' id='word_1_763' title='bbox 2841 5452 3074 5509; x_wconf 83' lang='lat' dir='ltr'>nomina</span> <span class='ocrx_word' id='word_1_764' title='bbox 3099 5447 3410 5519; x_wconf 76' lang='lat' dir='ltr'>subscripta</span> <span class='ocrx_word' id='word_1_765' title='bbox 3429 5452 3585 5518; x_wconf 81' lang='lat' dir='ltr'>sunt,</span> 
     </span>
     <span class='ocr_line' id='line_1_116' title="bbox 1933 5537 3583 5623; baseline -0.007 -17"><span class='ocrx_word' id='word_1_766' title='bbox 1933 5561 2098 5623; x_wconf 85' lang='lat' dir='ltr'>super</span> <span class='ocrx_word' id='word_1_767' title='bbox 2123 5555 2314 5607; x_wconf 81' lang='lat' dir='ltr'>sancta</span> <span class='ocrx_word' id='word_1_768' title='bbox 2339 5544 2640 5619; x_wconf 71' lang='lat' dir='ltr'>Evanoelia</span> <span class='ocrx_word' id='word_1_769' title='bbox 2667 5541 2998 5616; x_wconf 76' lang='lat' dir='ltr'>subscriptas</span> <span class='ocrx_word' id='word_1_770' title='bbox 3040 5537 3422 5611; x_wconf 66' lang='lat' dir='ltr'>depactionum</span> <span class='ocrx_word' id='word_1_771' title='bbox 3441 5553 3583 5598; x_wconf 85' lang='lat' dir='ltr'>con-</span> 
     </span>
    </p>
   </div>
  </div>
 </body>
</html>
