3784 6000
311 166 451 227 ioci
1699 158 1958 228 Lucius
1991 162 2070 221 m
2114 158 2330 223 rarii.
3583 148 3731 228 loss

310 293 633 368 Serapolis.
1489 287 1925 347 Pentacomias.
2663 289 2878 363 Ioppe.

309 367 696 447 mempsidos.
1487 360 1830 416 Tricomias.
2664 361 2945 418 Ascalon.

308 437 536 494 Eulitis.
1489 431 1886 489 Canastados.
2663 430 2845 489 Gaza.

308 508 483 566 zora.
1486 500 1716 559 Saltum
1752 504 2054 563 Votanios.
2663 505 2930 561 Neimas.

308 577 610 636 Virosum.
1488 575 1860 631 Exacomias.
2661 573 3203 650 Diocletianopolis.

306 649 712 706 Pentacomia.
1488 646 1869 702 Enacomias.
2662 648 2807 702 Beitt
2857 648 3132 705 Get-bein.

306 723 676 790 Mamapson.
1486 716 1907 787 Comogonias.
2659 718 2958 789 Neapolis.

307 791 747 848 Uitroconeras.
1485 789 1871 860 Comogeros.
2660 789 2951 846 sebastia.

302 862 531 917 Saltum
571 861 911 918 Hieraticun
1484 860 1928 918 Comostlionis.
2656 857 3024 932 Jericyntus.

301 933 479 990 Sedes
516 933 945 1004 quarta‚Bitira
971 932 1221 988 Arabiae.
1257 932 1378 989 Sub
1483 931 1699 985 Comis.
2654 930 3030 1013 Tyberiadis.

375 1004 491 1061 hac
527 1011 665 1060 sunt
695 1008 1066 1075 episcopatus
1099 1005 1338 1061 XXXV.
1480 1001 1864 1057 Mahadaron.
2657 1001 3045 1068 Diocaesarea,

302 1075 632 1132 Adrasson.
1478 1073 1957 1130 Comocoreatas.
2651 1073 3004 1144 Legionnm.

302 1146 457 1202 Dias.
1480 1146 1678 1200 Comis
1718 1147 1975 1216 Capron.
2653 1145 3007 1217 Capitolina.

300 1217 615 1274 Medanon.
1480 1215 1676 1271 Comis
1697 1219 2010 1272 insuaves.
2651 1216 3083 1275 Mauronensis.

300 1288 642 1346 Hierasson.
1478 1288 1676 1343 Comis
1695 1286 2091 1344 Pirroareton.
2652 1287 2899 1345 Gedera.

298 1359 465 1416 Nein.
1477 1359 1674 1414 Comis
1702 1358 1934 1414 Pecius.
2651 1358 2960 1416 Nazareth.

300 1430 626 1488 Filadelfia.
1476 1430 1674 1485 Comis
1701 1429 2008 1488 Ariatlion.
2648 1429 2906 1487 Thabor.

296 1502 602 1576 lerapolis.
1475 1501 1675 1557 Comis
1705 1500 1928 1557 Neotis.
2225 1570 2233 1577 ι
2650 1501 2935 1569 Caracha,
2969 1502 3060 1559 vel
3089 1506 3278 1564 Petra.

299 1575 562 1631 Essmos.
1474 1570 1666 1628 Clima
1710 1570 1977 1629 Anatolis
2018 1570 2399 1646 quevisinon.
2648 1572 2908 1646 Adroga.

297 1644 599 1717 Neapolis.
1475 1644 1671 1699 Comis
1695 1645 1953 1700 Ariotas.
2645 1643 2807 1701 Afra.

294 1715 651 1774 Themistus.
1473 1714 1672 1771 Comis
1723 1715 2086 1773 Trachonos.
2646 1714 2827 1772 Aelis.

295 1785 722 1868 Philipopulus.
1472 1785 1673 1842 Comis
1707 1785 2054 1843 Nefdamos.
2649 1788 2882 1843 Faram.

294 1858 607 1931 Dionysia.
1579 1857 2094 1915 Surrucmsiiimi
2149 1857 2363 1931 prima.
2647 1857 2993 1931 Elinopolis.

296 1929 710 1987 Constantinu.
1471 1926 1679 1986 Lidda.
2647 1931 2814 1987 Mons
2846 1930 3005 1987 Sina.

1668 2185 1812 2227 Auno
1840 2184 2034 2227 nomm
2079 2184 2364 2229 ucmxv.

443 2304 1129 2546 LUDIUS
1211 2396 1429 2540 111
1520 2309 2513 2541 posin-vax
2611 2392 3555 2546 nouimus

1654 2728 2304 2856 NOTITIA.

1548 2926 1766 2998 (musi,
1800 2921 2053 2997 Concil„
2082 2924 2239 2998 xxii,
2270 2924 2424 3000 473.)

353 3145 567 3203 Lucius
588 3160 748 3219 papa
778 3144 1001 3212 tertius,
1025 3142 1218 3218 inquit
1246 3142 1578 3200 willelmus
1603 3143 1815 3215 Tyrius
1839 3142 1943 3199 lib.
1974 3156 2117 3210 xxii,
2148 3156 2283 3212 cap.
2314 3146 2370 3211 7,
2406 3141 2558 3199 Belli
2583 3141 2762 3209 sacri,
2789 3143 2894 3216 qui
2921 3147 2978 3201 et
3008 3142 3382 3201 Humbaldss
3404 3146 3698 3206 Ostiensis

281 3219 625 3289 episcopus,
655 3216 898 3274 natione
919 3219 1162 3283 Tuscus,
1183 3219 1379 3289 patria
1398 3216 1700 3282 Lucensis,
1716 3215 1798 3270 vir
1818 3212 2180 3284 grandaevus
2204 3213 2540 3270 admodum
2550 3220 2610 3273 et
2635 3216 2867 3272 modice
2889 3215 3202 3283 litteratus,
3228 3216 3401 3287 juxta
3431 3218 3694 3278 formam

278 3288 532 3345 concilio
580 3290 961 3346 Lateranensi
991 3288 1160 3344 tertio
1217 3289 1623 3370 praescriptam
1658 3287 1877 3359 primus
1901 3289 2134 3343 creatus
2161 3291 2256 3362 est
2278 3285 2549 3358 pontifex
2574 3292 2788 3359 quarto
2815 3286 2944 3344 Kal.
2975 3288 3341 3360 Septembris
3387 3304 3557 3348 anno
3589 3295 3697 3349 Do·

276 3360 425 3416 mini
449 3359 577 3415 iisi
600 3402 612 3414 .
631 3362 730 3416 Hic
742 3360 1006 3432 pontifex
1040 3360 1131 3415 sui
1145 3360 1437 3431 principio
1450 3363 1528 3415 ad
1546 3357 2037 3429 tranquillitatem
2054 3355 2452 3414 Christianam
2462 3358 2781 3415 fovendam
2795 3363 2986 3416 totum
3002 3374 3065 3415 se
3086 3358 3402 3431 impendit.
3418 3359 3694 3436 Cumque

277 3433 604 3503 imperator
626 3432 687 3487 in
702 3431 930 3488 ltaliam
951 3431 1365 3498 contendisset,
1396 3437 1458 3486 ut
1482 3432 1541 3486 in
1568 3429 1835 3486 Historia
1853 3428 2179 3494 Saxonica,
2202 3427 2355 3485 libro
2379 3434 2566 3496 sexto,
2588 3431 2781 3503 capite
2798 3430 3269 3503 quadragesimo
3295 3433 3579 3504 septimo,
3613 3435 3696 3491 ait

278 3502 588 3584 Krantzius
618 3505 842 3584 exierat
863 3504 1007 3558 urbe
1038 3505 1227 3584 Roma
1252 3502 1468 3584 lfucius
1494 3516 1676 3573 papa,
1696 3508 1759 3556 ut
1781 3499 2030 3556 obviam
2055 3501 2108 3555 ei
2136 3500 2628 3581 proficisceretur,
2663 3506 3021 3558 tractaturus
3041 3517 3181 3558 cum
3210 3502 3313 3559 illo
3334 3503 3693 3587 Christiania

274 3571 2749 3726 iffffiffllttsssgsllzia‘t‘3533§¹222,tssffittffloffiiffzffillttssfffssltffs03:333&
2755 3572 3694 3726 22222222222315¹ff¹⁸2t3¹1225

273 3718 440 3796 quod
460 3717 518 3773 in
547 3716 869 3774 schismate
899 3719 1322 3789 imperatorem
1351 3723 1536 3771 secuti
1557 3717 1635 3771 ab
1664 3723 1968 3795 antipapis
1984 3719 2196 3796 essent·
2210 3714 2468 3770 ordinati
2491 3721 2553 3796 et
2579 3722 2851 3771 instituti.
2881 3716 3334 3844 IntervenitAEro
3406 3718 3460 3775 is
3493 3721 3691 3777 Eride-

275 3802 434 3843 ricus
465 3787 807 3861 imperator,
838 3788 981 3845 utin
1008 3788 1263 3859 gratiam
1287 3795 1684 3843 sumerentur.
1709 3787 1932 3841 Annuit
2032 3786 2319 3854 rbenigne
2339 3784 2624 3857 pontifex.
2649 3786 2764 3843 Sed
2785 3803 2923 3843 cum
3030 3793 3188 3845 stera
3253 3788 3303 3843 ‘e
3331 3803 3554 3847 manus
3575 3792 3690 3849 illis

271 3866 470 3915 essent
493 3860 878 3932 imponendae
911 3858 1189 3929 singulis,
1211 3860 1594 3915 immutatum
1624 3865 1751 3914 erat
1781 3859 1947 3913 consi
1972 3860 2117 3922 ium,
2144 3857 2311 3929 quod
2340 3857 2561 3913 diceret
2578 3858 2640 3913 in
2663 3857 2914 3915 consilio
2991 3859 3268 3917 enetiano
3291 3858 3540 3920 decreta
3569 3879 3690 3921 non

271 3945 452 4058 Eosse
469 3931 583 3986 nisi
605 3932 722 3987 alio
743 3931 995 3987 concilio
1017 3931 1269 3987 irritari:
1298 3932 1571 4004 promisit
1596 3935 1798 3985 autem
1820 3929 1895 3984 de
1919 3929 2193 4000 proximo
2219 3928 2404 3984 alium
2434 3945 2472 3986 a
2497 3945 2559 3985 se
2587 3930 2967 3986 evocandum
2997 3938 3239 3996 cretum,
3267 3932 3329 3987 in
3348 3947 3477 4005 quo
3510 3950 3689 4008 super

317 4002 364 4056 is
394 4007 870 4058 constitueretur.
901 4003 1129 4058 Auditoe
1169 4010 1307 4059 sunt
1348 4004 1778 4059 Germanorum
1819 4001 1998 4057 miuae
2035 4015 2146 4072 pro
2176 4015 2286 4055 sua
2324 4000 2755 4056 consuetudine
2782 4018 2803 4071 ;
2837 4001 2944 4056 sed
2973 4000 3121 4058 nihil
3151 4017 3224 4058 ea
3261 4017 3324 4059 re
3364 4005 3516 4060 moti
3554 4014 3688 4062 sunt

274 4073 628 4129 cardinales.
679 4073 1043 4130 credebatur
1075 4079 1278 4129 autem
1316 4088 1388 4130 ea
1425 4072 1653 4129 consilii
1696 4074 1947 4127 mutatio
1983 4087 2020 4128 a
2063 4070 2337 4128 Conrado
2378 4072 2722 4140 uoguntino
2758 4078 2817 4128 et
2853 4073 3264 4129 wormatiensi
3297 4075 3684 4146 pontificibus

316 4143 584 4199 rodiisse.
620 4144 759 4200 inde
784 4147 964 4215 coepit
1009 4145 1338 4224 imperator
1367 4151 1617 4200 tractare
1637 4158 1776 4198 cum
1817 4141 2097 4214 pontifice
2124 4157 2306 4215 super
2337 4144 2698 4214 patrimonio
2729 4146 2983 4216 potentis
3008 4159 3113 4216 per
3143 4144 3377 4202 Italiam
3409 4145 3676 4205 dominas

270 4158 580 4278 hatuildis,
620 4230 758 4287 quae
797 4216 911 4271 sub
943 4216 1198 4271 ilenricis
1227 4216 1691 4287 imperatoribus
1722 4224 1886 4285 patre
1920 4220 1976 4269 et
2003 4213 2126 4270 filio
2152 4215 2335 4270 multa
2362 4213 2620 4271 faciebat
2645 4230 2753 4286 pro
2785 4214 3043 4271 Ecclesia
3075 4232 3090 4270 :
3122 4221 3180 4272 et
3201 4216 3334 4287 jam
3353 4217 3540 4276 rebus
3567 4219 3683 4277 hu-

270 4285 466 4341 manis
496 4291 754 4342 exedens
793 4286 977 4343 multa
1006 4288 1325 4360 reliquerat
1363 4288 1555 4341 eidem
1590 4286 1859 4341 Ecclesiae
1939 4285 2286 4354 ossidenda,
2317 4300 2454 4357 quai
2478 4286 2807 4357 imperator
2833 4286 2912 4343 ad
2935 4286 3037 4358 jus
3059 4287 3294 4359 imperii
3320 4288 3681 4348 devocabat.

273 4357 410 4412 Erat
453 4360 674 4423 autem,
718 4365 780 4414 ut
816 4358 1100 4427 diximus,
1138 4357 1499 4414 marchionis
1545 4358 1815 4414 Saxoniae
1876 4358 1886 4370 ⁰
1918 4358 1994 4413 ia.
2037 4358 2151 4414 Sed
2183 4371 2257 4411 ex
2292 4357 2520 4413 ratione
2557 4364 2663 4414 tem
2750 4372 2886 4414 rum
2923 4356 3030 4413 diu
3068 4364 3207 4415 ante
3237 4358 3402 4416 hanc
3443 4367 3681 4419 aetatem

265 4427 592 4498 emigrasse
648 4431 1038 4495 convincitur,
1069 4430 1184 4485 nisi
1213 4431 1489 4499 geminas
1525 4427 1727 4495 fuisse,
1759 4434 1817 4486 et
1852 4431 2102 4485 alteram
2134 4433 2273 4499 post
2300 4427 2551 4484 alteram
2578 4428 2642 4485 in
2695 4428 2836 4487 talia
2861 4426 3136 4485 floruisse
3163 4431 3303 4502 quis
3330 4435 3679 4491 contendat.

267 4500 382 4628 giu
423 4505 549 4556 tum
585 4515 773 4557 causa
808 4502 958 4557 inter
996 4500 1397 4558 sacerdotium
1427 4505 1485 4557 et
1514 4515 1769 4570 regnum
1814 4498 2097 4556 ventilata
2139 4497 2285 4556 nihil
2321 4498 2597 4555 concludi
2636 4501 2830 4572 potuit
2862 4516 2883 4568 ,·
2921 4507 2980 4556 et
3007 4501 3134 4558 sine
3166 4506 3287 4558 lino
3320 4504 3680 4564 discessere.
3783 4515 3784 4522 ’

320 4586 606 4627 ιιιιιτῑιυε.

342 4645 420 4698 De
444 4643 657 4699 cadem
691 4657 762 4697 ex
798 4641 1041 4698 arnoldi
1065 4641 1422 4698 Lubecensis
1468 4641 1784 4706 Chronico.
1824 4640 1976 4697 libro
2005 4639 2195 4708 tertie,
2235 4639 2430 4715 capite
2462 4640 2722 4709 decimo,
2763 4641 3052 4700 Batonius
3086 4642 3319 4701 addens
3355 4647 3678 4720 contigisse

268 4712 491 4770 ibidem
519 4715 593 4769 de
623 4712 907 4770 electione
935 4713 1202 4786 episcopi
1229 4715 1582 4771 Trevirensis
1609 4714 1865 4769 schisma
1893 4714 2043 4770 inter
2069 4714 2491 4785 imperatorem
2515 4719 2573 4770 et
2603 4712 2947 4786 pontificem
2978 4728 2994 4770 :
3025 4729 3165 4787 quae
3188 4714 3268 4771 ab
3299 4715 3526 4777 eodem
3558 4720 3676 4777 fuse

264 4791 659 4841 numerantur

338 4857 640 4927 Principes
667 4854 1030 4912 Christianos
1054 4856 1396 4923 commovit,
1430 4862 1490 4912 ut
1521 4855 1600 4912 ad
1629 4870 1807 4928 opem
1837 4854 2145 4912 ferendam
2176 4853 2457 4911 fidelibus
2485 4856 2590 4929 qui
2617 4855 2677 4912 in
2706 4855 2851 4912 Asia
2887 4860 3096 4914 contra
3116 4855 3420 4915 barbaros
3451 4861 3674 4934 proelis·

263 4925 504 4993 bantur,
534 4943 661 4983 sese
687 4942 899 4983 omnes
930 4936 1353 5000 praepararent.
1386 4929 1620 4993 Verum,
1651 4943 1788 4983 cuin
1816 4942 1952 4983 eam
1981 4927 2422 4999 expeditionem
2461 4929 2642 4984 remis
2661 4928 2927 5000 velisque
2951 4928 3270 4986 accelerari
3303 4942 3672 5002 procuraret,

265 5000 480 5055 morbo
510 5005 837 5070 correptus,
872 4999 1115 5055 Vei-onai
1146 5001 1399 5073 septimo
1429 4999 1728 5056 Kalendas
1756 4997 2098 5054 Decembris
2122 4998 2282 5054 diem
2298 4999 2512 5055 clausit
2543 5004 2893 5064 extremum,
2915 5002 3048 5056 etin
3069 4999 3397 5058 cathedrali
3428 5004 3674 5062 ecclesia

264 5071 637 5135 sepulturam
669 5071 904 5125 sortitus
931 5078 1038 5136 est,
1064 5086 1226 5128 anno
1250 5070 1486 5127 Domini
1515 5078 1526 5126 Ι
1551 5070 1664 5137 185,
1698 5075 2022 5143 postquam
2042 5076 2303 5143 quatuor
2321 5071 2517 5137 annis,
2536 5069 2776 5127 duobus
2796 5072 3105 5128 mensibus
3128 5078 3187 5128 et
3209 5073 3424 5142 viginti
3447 5084 3672 5150 septem

259 5141 475 5198 diebus
504 5157 712 5198 curam
746 5142 1016 5198 Ecclesiae
1046 5142 1373 5198 habuisset.
1404 5143 1625 5198 Lucam
1653 5145 1951 5197 civitatem
1977 5143 2136 5198 unde
2165 5141 2458 5198 oriundus
2483 5149 2627 5209 erat,
2661 5140 2931 5214 pluribus
2960 5142 3312 5199 muneribus
3340 5149 3669 5207 exornavit.

260 5215 350 5269 Ab
378 5217 737 5285 imperatore
770 5213 1082 5278 Frideiico,
1107 5229 1230 5287 quo
1261 5230 1402 5269 usus
1421 5219 1514 5270 est
1538 5213 2000 5269 familiarissime
2028 5218 2086 5268 et
2102 5213 2483 5281 amicissime,
2509 5212 2764 5270 obtinuit
2811 5219 2874 5271 ut
2901 5214 2965 5270 in
2993 5220 3117 5271 tota
3143 5215 3372 5272 Etruria
3401 5218 3529 5277 alia
3557 5234 3672 5277 mo·

258 5295 397 5342 neta
425 5285 624 5340 locum
658 5289 715 5339 ct
747 5300 923 5340 usum
942 5300 1064 5342 non
1094 5286 1540 5357 haberetquam
1555 5285 1851 5350 Lucensis,
1870 5285 2392 5359 quemadmodum
2412 5284 2785 5356 Longobardi
2802 5285 2984 5343 aliam
3011 5301 3131 5342 non
3157 5286 3542 5360 recipiebant
3564 5291 3668 5348 nisi

258 5356 632 5428 Papiensem.
659 5358 778 5411 Hoc
796 5363 1063 5428 tempore
1076 5354 1277 5413 floruit
1296 5356 1490 5412 abbas
1509 5357 1878 5423 loachimus,
1898 5363 2113 5428 dequo
2136 5355 2291 5413 infra
2312 5356 2374 5411 in
2390 5358 2547 5412 notis
2577 5357 2807 5415 consilii
2825 5357 3243 5416 Lateranensis
3259 5363 3468 5434 quarti
3543 5363 3670 5422 lura

256 5423 546 5483 dicemus.
573 5428 872 5485 Maronitis
918 5430 1280 5484 detestantes
1306 5441 1568 5484 errorem
1600 5430 1851 5486 Maronis
1873 5426 2297 5498 monothelitis,
2325 5428 2404 5487 ad
2436 5429 2708 5487 Ecclesiae
2732 5430 3054 5502 gremium,
3084 5433 3316 5490 retento
3337 5445 3426 5491 no
3567 5449 3602 5494 e
3631 5449 3666 5496 ι

205 5501 465 5633 “to
490 5499 727 5556 Marone
755 5497 996 5568 abbate,
1021 5505 1084 5557 ut
1111 5497 1302 5568 aiunt,
1330 5497 1623 5568 derivato,
1649 5499 1978 5560 redierunt.
