3784 6000
160 279 278 342 603

1233 271 1658 336 GUILLELMI
1700 269 2085 333 TYRENSIS
2129 271 2499 333 ARCHIEP.

3453 274 3575 336 604

166 418 314 475 mini
338 417 427 473 sui
461 417 645 473 filiam
694 414 902 486 nuptui
953 412 1236 470 collocare
1276 413 1804 484 praesumpserant3
1836 415 1890 483 Α
1923 407 2195 479 congruis
2215 408 2564 464 stationibus
2593 405 2910 476 collocatis,
2943 405 3148 465 urbem
3178 408 3357 481 coepit
3401 408 3566 466 vebe-

165 513 269 566 aut
296 509 590 564 civitatem
621 504 860 560 alterius
909 503 1134 569 ditioni,
1166 519 1232 558 eo
1280 500 1632 569 inconsult0,
1681 498 1809 556 ausi

164 596 400 653 fuerant
432 596 783 665 mancipare.
818 594 957 649 Eam
991 592 1148 649 enim
1180 608 1313 648 cum
1339 592 1631 647 universis
1656 591 1811 660 adja-

164 686 434 741 centibus
459 682 772 755 provinciis
793 684 863 738 ad
897 683 985 738 sui
1013 680 1482 753 jurisdictionem
1510 696 1804 747 revocans,

167 772 279 828 sibi
314 771 606 827 vindicare
637 771 1064 838 contendebat;
1096 786 1363 825 asserens
1393 784 1637 841 magnos
1675 767 1807 823 illos

162 859 480 932 principes,
514 861 666 915 viros
698 860 998 927 virtutum,
1031 865 1087 915 et
1120 858 1471 914 immortalis
1499 858 1801 924 memoriis,

160 953 274 1006 eta
298 947 545 1005 Domino
579 949 812 1019 missos,
843 948 943 1020 qui
975 950 1033 1026 ip
1064 951 1253 1021 prima
1279 947 1804 1019 veneruntexpedi-

161 1035 339 1102 tione,
372 1052 522 1108 quos
551 1036 792 1109 longum
826 1037 1003 1093 nimis
1034 1041 1188 1093 esset
1207 1051 1548 1092 enumerare
1572 1052 1674 1108 per
1693 1035 1804 1090 sin·

160 1127 352 1199 gulos,
371 1142 506 1182 cum
528 1135 690 1198 patre
713 1142 816 1182 suo
838 1132 894 1182 et
915 1126 1160 1199 imperio
1181 1131 1546 1182 antecessore
1568 1124 1803 1182 domino

160 1214 359 1271 Alexio
376 1215 737 1283 convenisse,
760 1216 945 1271 multa
974 1231 1285 1272 munerum
1311 1220 1369 1271 et
1389 1214 1800 1286 obsequiorum

1918 498 2171 554 mentius
2206 501 2455 554 arctare.

2522 605 2747 663 CAPUT
2791 604 2962 664 XXV.

1916 713 2244 786 Sanquinus
2263 719 2514 769 castrum
2541 715 2642 770 eui
2668 729 2864 771 nomen
2887 714 3284 783 Monserantus,
3304 713 3525 771 obsidet
3549 730 3571 777 ,·

1985 801 2087 840 rex
2134 801 2256 839 cum
2310 789 2503 842 comite
2571 784 2914 857 Tripolitano
2969 784 3310 842 obsidionem
3364 786 3575 856 quaerie

1985 858 2213 917 solvere.
2246 857 2337 930 spel
2366 855 2627 927 deficiunt
2654 875 2675 919 .·
2724 865 2775 914 et
2803 859 2956 925 victi,
3002 872 3175 914 comes
3202 857 3451 930 capitur,
3473 873 3573 913 ναι·

1986 928 2049 983 in
2070 932 2312 983 castrum
2340 944 2395 983 se
2414 931 2635 1000 recepit.

1982 1035 2133 1091 Dum
2166 1035 2288 1090 haec
2326 1034 2475 1091 circa
2503 1035 2866 1091 Antiochiam
2899 1039 3171 1107 aguntur,
3215 1028 3562 1106 Sanghinus

1908 1125 1997 1181 vir
2025 1124 2530 1189 sceleratissimae,
2564 1128 2620 1180 et
2678 1124 2993 1181 Christiani
3052 1122 3312 1181 nominis
3342 1124 3557 1180 imma·

1907 1214 2195 1270 nissimus
2227 1220 2583 1287 persecutor,
2608 1213 2805 1270 videns
2833 1212 3105 1270 comitem
3121 1212 3560 1286 Tripolitanum

160 1303 610 1373 interventione,
637 1304 794 1377 quod
825 1322 1209 1378 quascunque
1248 1307 1421 1362 urbes
1452 1304 1536 1361 vel
1568 1303 1803 1361 castella
1902 1319 2036 1359 cum
2067 1303 2249 1359 multa
2279 1318 2523 1359 suorum
2585 1319 2761 1359 manu
2825 1302 2995 1373 paulo
3057 1309 3194 1359 ante
3249 1303 3550 1360 corruisse

162 1393 222 1447 in
255 1396 373 1446 tota
403 1390 504 1447 illa
525 1393 876 1463 profectione
905 1410 1252 1466 quocunque
1283 1411 1413 1451 casu
1436 1394 1807 1463 comprehen-

162 1481 388 1547 derent,
420 1483 552 1552 ejus
583 1482 713 1538 sine
741 1484 1202 1540 contradictione
1231 1484 1589 1555 subjicerent
1623 1482 1804 1554 impe-

160 1570 269 1640 rio,
301 1575 357 1625 et
390 1571 749 1643 mancipatas
779 1589 884 1645 pro
916 1590 1083 1645 posse
1131 1579 1188 1629 et
1229 1574 1449 1629 viribus
1501 1587 1803 1643 quousque

160 1659 285 1731 ipse
316 1676 447 1716 cum
468 1660 593 1716 suis
616 1663 848 1718 adesset
869 1663 1073 1734 copiis,
1111 1662 1799 1718 fideliterconservarent.

1907 1393 2201 1467 regionem
2233 1410 2462 1466 quoque
2513 1394 2839 1449 universam
2898 1391 3254 1450 militaribus
3312 1392 3560 1450 destitu-

1909 1488 2027 1540 tam
2060 1483 2315 1549 auxiliis,
2347 1484 2406 1539 in
2467 1482 2683 1538 fluibus
2740 1481 3122 1555 Tripolitanis
3168 1498 3353 1555 supra
3423 1480 3564 1538 civi·

1907 1576 2086 1628 tatem
2122 1572 2513 1644 Raphaniam,
2536 1573 2596 1628 in
2622 1576 2815 1629 monte
2843 1573 3024 1628 situm
3073 1571 3442 1643 presidium,
3467 1570 3560 1627 cui

1910 1677 2122 1718 nomen
2153 1660 2704 1730 Mons-Ferrandus,
2758 1661 2829 1717 de
2881 1676 2997 1734 quo
3055 1659 3229 1717 etiam
3289 1658 3561 1730 superius

162 1749 230 1805 Et
259 1750 364 1805 hoc
397 1750 685 1822 allegebat
713 1751 894 1822 gestis
946 1752 1229 1808 insertum
1288 1756 1345 1807 et
1392 1751 1799 1822 praedictorum
1833 1783 1881 1848 B
1912 1752 2324 1823 praemisimus,
2366 1755 2627 1823 potenter
2662 1750 2894 1806 obsidet
2925 1765 2939 1821 ;
2970 1752 3029 1807 et
3081 1748 3408 1820 oppidanos
3455 1746 3547 1805 in-

159 1838 490 1910 principum
513 1841 867 1911 juramentis
898 1843 1276 1914 corporaliter
1296 1842 1570 1914 praestitis
1590 1842 1799 1898 contir-

157 1933 404 1984 matum.
436 1929 670 1985 Certum
693 1937 783 1986 est
803 1936 993 1989 autem
1028 1933 1334 2003 praedictos
1356 1933 1648 2005 principes
1667 1946 1796 1986 cum

155 2016 394 2073 domino
424 2017 773 2090 imperatore
803 2026 972 2093 pacta
1003 2021 1208 2078 iniisse
1238 2041 1253 2091 ;
1289 2021 1603 2094 ipsumque
1633 2037 1800 2076 versa

156 2104 277 2162 vice
305 2106 746 2164 conditionibus
777 2110 1131 2181 quibusdam
1164 2125 1226 2166 se
1258 2111 1619 2182 principibus
1650 2107 1799 2164 obli-

155 2211 346 2268 gasse,
377 2213 409 2265 a
439 2197 653 2268 quibus
683 2198 878 2270 ipsum
909 2201 1074 2271 prius
1105 2205 1329 2255 certum
1358 2204 1447 2256 est
1477 2200 1757 2255 defecisse
1782 2213 1796 2252 ε

156 2286 313 2342 unde
343 2285 397 2342 ei
417 2290 692 2357 tanquam
731 2293 1030 2360 pactorum
1081 2288 1346 2345 violatori
1378 2304 1439 2343 se
1470 2304 1585 2344 non
1617 2287 1796 2343 teneri

62 2388 72 2395 ·
157 2378 493 2431 constanter
523 2378 880 2443 asserebant,
915 2377 1011 2447 qui
1047 2378 1332 2449 praedictis
1364 2377 1799 2434 conditionibus

146 2460 579 2529 ‘interfuerant3
614 2479 825 2534 eosque
859 2466 1107 2547 quijam
1140 2466 1259 2521 vita
1288 2468 1677 2534 decesserant,
1714 2466 1794 2521 ni·

156 2549 479 2605 nilominus
512 2552 825 2608 reddebant
848 2550 1174 2622 excusatOS,
1196 2555 1455 2612 dicentes
1477 2572 1610 2612 eum
1638 2557 1798 2629 prius

155 2644 434 2709 tanquam
456 2639 684 2695 varium
707 2646 765 2696 et
787 2643 1216 2699 inconstantem
1245 2645 1564 2713 hominem,
1587 2650 1795 2703 etcum

154 2724 240 2784 eis
270 2728 670 2784 fraudulenter
700 2736 1016 2798 versatum,
1048 2734 1325 2789 adversus
1366 2751 1474 2791 sua
1506 2740 1674 2807 pacta
1704 2751 1795 2791 ve·

104 2815 111 2825 “
156 2816 338 2871 nisse.
372 2815 533 2873 Unde
564 2823 619 2873 et
651 2819 855 2875 merito
886 2818 1011 2893 lege
1059 2827 1358 2893 pactorum
1407 2840 1470 2880 se
1526 2824 1800 2881 dicebant

155 2904 498 2962 absolutos:
526 2909 782 2980 Iniquum
828 2915 907 2966 est
938 2914 1084 2966 euim
1138 2912 1192 2968 ei
1229 2913 1392 2983 fidem
1434 2918 1671 2984 servari,
1704 2916 1800 2988 qui

153 3002 350 3053 contra
375 3005 537 3069 pacta
565 2997 765 3054 nititur
792 3004 1018 3057 versari.
1051 3002 1220 3059 Facto
1253 3006 1432 3076 igitur
1462 3022 1561 3077 per
1582 3022 1796 3062 annum

153 3085 516 3155 continuum,
576 3089 774 3145 missis
823 3092 1295 3163 procuratoribus
1327 3111 1430 3165 per
1459 3095 1794 3152 universum

1910 1847 2004 1901 tus
2043 1843 2310 1899 obsessos
2372 1841 2578 1898 acriter
2632 1840 2963 1913 impugnat,
3013 1843 3180 1912 urget
3224 1837 3560 1896 indesinen-

1905 1937 1995 1989 ter
2024 1935 2080 1989 et
2113 1933 2298 1989 multa
2341 1931 2610 1989 molestat
2666 1929 2967 1987 instantia.
3018 1929 3138 1986 Hoc
3185 1928 3436 1986 audiens
3467 1944 3555 1986 co·

1909 2039 2032 2080 mes
2060 2022 2455 2094 Tripolitanae
2505 2021 2891 2091 autmundus,
2948 2019 3308 2076 adolescens.
3365 2018 3559 2075 Pontii

1909 2111 2283 2183 praedefuncti
2316 2110 2491 2177 filius,
2537 2109 2757 2165 domini
2817 2109 2967 2181 regis
2998 2125 3067 2166 ex
3108 2121 3322 2165 sonore
3351 2123 3559 2180 nepos,

1909 2199 2107 2255 missis
2122 2199 2232 2255 sub
2253 2196 2721 2255 omniceleritate
2743 2196 2990 2267 nuntiis,
3021 2194 3328 2254 dominum
3348 2208 3548 2267 regem

1907 2289 2157 2360 profusis
2185 2288 2350 2344 anxie
2382 2287 2649 2359 precibus
2682 2292 2865 2357 rogat,
2916 2289 2983 2341 ut
3020 2285 3082 2343 in
3140 2287 3306 2340 tanta
3359 2299 3562 2341 neces-

1908 2377 2099 2444 sitate,
2115 2378 2287 2450 rebus
2303 2393 2446 2447 pene
2464 2375 2784 2447 desperatis
2797 2391 2912 2431 non
2936 2376 3195 2430 moretur
3215 2373 3559 2437 subvenire,

1907 2468 2006 2524 sed
2040 2484 2207 2539 opem
2240 2466 2467 2522 laturus
2514 2464 2812 2521 acceleret.
2864 2463 3147 2521 Dominus
3201 2463 3402 2534 itaque
3458 2478 3557 2519 rex

1909 2565 2144 2628 paterno
2177 2572 2333 2611 more
2356 2572 2459 2627 pro
2490 2554 2777 2611 universis
2793 2550 3326 2642 Christianipopuli
3349 2566 3561 2609 neces-

1908 2644 2183 2702 sitatibus
2195 2643 2456 2746 ,ιίιαω
2480 2660 2687 2716 gerens
2723 2642 3198 2709 sollicitudinem,
3222 2641 3561 2700 convocatis

1908 2734 2102 2790 subito
2133 2733 2422 2790 universis
2453 2733 2615 2806 regni
2674 2732 3027 2803 principibus
3084 2736 3142 2787 et
3197 2729 3572 2809 militaribusae
3597 2796 3612 2814 ι

1906 2831 2022 2879 tarn
2056 2825 2313 2896 equitum
2339 2839 2517 2895 quam
2567 2822 2828 2894 peditum
2877 2820 3111 2877 auxiliis
3164 2818 3557 2892 conglobatis,

1908 2913 2158 2984 impiger
2205 2912 2450 2980 advolat,
2501 2914 2558 2966 et
2598 2909 2974 2984 'tripolitanis
3010 2925 3072 2967 se
3111 2925 3181 2965 ex
3231 2909 3558 2981 improviso

1906 2993 2138 3061 exhibet
2162 3004 2398 3059 finibus.
2442 3004 2767 3059 Occurrunt
2801 3002 3017 3058 ibidem
3070 2998 3465 3057 nibilominus
3503 3006 3562 3057 et

1911 3094 2133 3150 domini
2164 3093 2443 3165 principis
2473 3091 2894 3159 Antiocheni,··
2910 3089 3154 3147 sinistra
3202 3089 3558 3159 deserentes,

155 3189 420 3246 regnum,
452 3178 522 3231 ad
559 3177 669 3232 iter
698 3185 982 3250 apparatu
1027 3197 1128 3251 pro
1174 3182 1462 3253 imperiali
1521 3185 1790 3256 magniss·
1829 3156 1872 3223 C
1910 3183 2124 3249 nuntii,
2156 3183 2391 3254 scriptis
2432 3186 2488 3237 et
2536 3180 2662 3237 viva
2716 3196 2854 3237 voce
2901 3182 3246 3246 asserentes,
3276 3178 3440 3251 quod
3498 3183 3560 3235 et

155 3263 347 3321 centia
366 3254 716 3336 necessario,
748 3268 807 3323 in
841 3270 1112 3327 curribus
1163 3276 1221 3327 et
1278 3273 1465 3345 equis,
1501 3273 1795 3330 thesauris

156 3367 467 3409 numerum
483 3359 540 3411 et
565 3357 788 3426 pondus
819 3362 875 3413 et
906 3374 1241 3416 mensuram
1295 3362 1714 3433 nescientibus,
1740 3367 1797 3419 et

153 3442 337 3514 copiis
366 3442 631 3512 infinitis,
666 3454 947 3515 superato
977 3449 1222 3520 navigiis
1260 3449 1652 3522 Hellesponto,
1694 3454 1795 3525 qui

151 3529 377 3603 vulgari
399 3534 784 3605 appellatione
806 3536 1021 3592 dicitur
1060 3537 1362 3595 brachium
1392 3540 1588 3596 Sancti
1622 3543 1795 3599 Geor-

154 3620 256 3692 gii,
287 3622 441 3676 viam
468 3639 671 3679 versus
701 3625 1067 3682 Antiochiam
1098 3628 1321 3700 dirigit,
1341 3628 1401 3685 in
1421 3630 1797 3685 multitudine

152 3710 333 3782 gravi.
366 3712 749 3771 Transcursis
781 3715 961 3788 igitur
991 3717 1202 3773 mediis
1238 3717 1548 3788 provinciis
1570 3720 1628 3776 in
1664 3720 1796 3776 Cili-

152 3800 304 3856 ciam
330 3804 612 3872 pervenit,
655 3805 754 3860 ubi
790 3821 1006 3862 moram
1040 3808 1279 3878 faciens,
1309 3808 1558 3865 Tarsum
1593 3810 1795 3883 primae

151 3888 363 3946 Citieiae
396 3894 760 3965 metropolim
821 3897 1110 3969 egregiam
1156 3899 1452 3968 obsidens,
1495 3902 1795 3971 occupavit

147 3995 275 4036 eam
308 3982 622 4049 violenter;
651 3989 707 4040 et
735 3986 935 4054 ejectis
992 4003 1058 4043 ex
1102 4004 1169 4043 ea
1234 3989 1455 4044 domini
1514 3990 1794 4062 principis

150 4068 492 4126 Antiocheni
536 4072 827 4141 fidelibus,
878 4092 1126 4146 quorum
1177 4078 1309 4133 tidei
1339 4078 1540 4134 urbem
1574 4081 1790 4150 praedi-

150 4162 305 4212 ctam
338 4161 733 4222 commiserat,
765 4179 905 4220 suos
935 4165 1185 4221 induxit.
1211 4167 1406 4238 Ipsum
1429 4173 1625 4225 autem
1648 4171 1794 4226 etde

147 4245 389 4312 Adama,
422 4256 477 4301 et
508 4248 811 4305 Mamistra
839 4254 896 4305 et
940 4253 1231 4309 Anavarza
1267 4258 1530 4312 secundae
1578 4258 1790 4315 Ciliciae

149 4334 456 4403 metropoli
488 4334 878 4405 celeberrima,
911 4345 968 4395 et
1007 4344 1234 4398 cunctis
1263 4345 1526 4415 ejusdem
1561 4348 1792 4417 provin·

148 4424 251 4480 ciae
267 4424 620 4491 civitatibus,
653 4428 1379 4504 etmunicipiisetoppidis
1403 4434 1786 4505 quibuslibet,

1907 3287 2106 3328 verum
2160 3276 2303 3338 erat,
2347 3270 2646 3326 dominum
2708 3269 3115 3342 imperatorem
3177 3265 3551 3323 Antiochiam

1906 3361 2244 3429 obsedisse;
2284 3364 2586 3416 monentes
2617 3363 2673 3415 et
2715 3358 2902 3414 multa
2940 3359 3213 3430 rogantes
3243 3356 3549 3425 instantia,

1906 3456 2191 3524 quatenus
2220 3450 2360 3507 illuc
2382 3466 2513 3506 cum
2556 3449 2829 3504 omnibus
2884 3448 3068 3519 copiis
3124 3447 3465 3511 descendat,
3497 3448 3557 3500 et

1907 3540 2188 3598 tratribus
2229 3540 2286 3596 in
2320 3538 2480 3612 gravi
2511 3538 2799 3594 anxietate
2829 3536 3057 3609 positis,
3093 3539 3325 3592 mature
3345 3537 3553 3591 subve-

1908 3631 2050 3686 niat.
2078 3630 2285 3686 Habita
2314 3630 2510 3699 itaque
2531 3626 2972 3694 deliberatione,
3024 3624 3164 3697 quid
3195 3627 3254 3680 in
3302 3628 3427 3680 tam
3450 3640 3558 3679 an-

1908 3720 2067 3790 cipiti
2084 3721 2228 3775 facto
2242 3717 2366 3774 {ieri
2388 3721 2672 3788 oporteret
2694 3734 2710 3786 3
2738 3712 3277 3787 placuituniversis,
3299 3717 3363 3769 ut
3391 3712 3558 3784 prius

1907 3807 2257 3865 Christianis
2287 3806 2346 3862 in
2404 3805 2593 3861 vicino
2641 3809 2833 3861 castro
2880 3804 3129 3869 vallatis,
3190 3801 3560 3858 ministretur

1908 3897 2212 3963 auxilium,
2236 3897 2387 3969 quod
2414 3894 2556 3951 satis
2584 3894 2708 3951 leve
2738 3893 3041 3949 videbatur
3064 3908 3079 3960 ;
3104 3891 3319 3947 debinc
3346 3905 3558 3947 omnes

1911 3985 2265 4043 unanimiter
2293 3983 2669 4041 Antiochenis
2689 3980 3051 4051 subventuri,
3081 3979 3555 4053 progrediantur.

1901 4076 2241 4148 Conjunctis
2291 4076 2463 4147 igitur
2537 4071 2865 4128 adinvicem
2925 4078 3039 4126 tam
3105 4068 3331 4127 domini
3398 4069 3555 4140 regis

1905 4182 2084 4238 quam
2114 4164 2341 4222 comitis
2374 4162 2620 4231 viribus,
2651 4164 2707 4216 et
2738 4158 2939 4216 robore
2997 4157 3227 4225 collato,
3281 4156 3558 4214 hostibus

1903 4255 2154 4320 obviam,
2186 4253 2374 4325 gratia
2395 4250 2658 4308 destituti
2692 4250 2910 4311 divina,
2944 4246 3212 4321 progredi
3254 4246 3554 4304 nituntur.

1904 4344 2008 4401 Ubi
2041 4342 2307 4399 adlocum
2330 4339 2986 4413 coeperuntappropiare
3008 4337 3392 4394 destinatum.
3418 4337 3559 4394 San-

1900 4433 2118 4507 guinus
2148 4431 2391 4487 audiens
2424 4438 2755 4485 nostrorum
2814 4428 3150 4495 adventum,
3182 4424 3557 4483 obsidionem

150 4512 337 4570 facere
361 4530 472 4569 non
505 4515 751 4572 distulit.
787 4518 996 4591 Sicque
1028 4521 1358 4577 universam
1399 4522 1657 4579 Ciliciam
1690 4542 1791 4598 per
1819 4517 1866 4583 D
1899 4522 2152 4590 solvens,
2185 4520 2469 4577 ordinatis
2504 4518 2863 4591 agminibus,
2894 4517 2981 4573 eis
3028 4515 3297 4573 occurrit.
3353 4514 3555 4573 Nostri

146 4620 331 4662 annos
357 4605 769 4678 quadraginta,
795 4625 827 4664 a
859 4609 1118 4683 principe
1149 4611 1507 4668 Antiocheno
1539 4613 1667 4669 sine
1695 4631 1791 4671 ca-

145 4695 372 4751 lumnia
412 4711 855 4768 possessam,ex
903 4714 1018 4770 quo
1079 4701 1351 4772 praedicta
1405 4701 1644 4770 Tarsus,
1690 4720 1793 4774 per

145 4797 385 4838 manum
418 4782 640 4838 domini
672 4783 962 4851 Balduini,
989 4787 1179 4841 fratris
1207 4786 1432 4842 domini
1456 4787 1620 4843 ducis
1642 4787 1788 4857 3Ma-

145 4872 350 4928 mistra
379 4888 511 4928 vero
541 4888 672 4929 cum
697 4875 854 4929 omni
887 4874 1108 4946 reliqua
1129 4876 1383 4948 regione,
1418 4894 1518 4949 per
1550 4894 1786 4935 manum

145 4962 370 5017 domini
398 4963 682 5038 Tancredi
713 4965 816 5020 viri
851 4967 1181 5035 clarissimi,
1234 4972 1543 5040 antequam
1588 4971 1787 5027 Antio·

146 5050 278 5108 chia
310 5048 367 5107 in
400 5058 658 5109 nostram
692 5056 1015 5113 devenisset
1047 5062 1414 5130 potestatem,
1447 5053 1788 5116 Christianis

144 5139 400 5195 libertati
424 5142 706 5199 restitutae
729 5150 889 5212 sunt,
923 5162 1029 5202 suo
1051 5153 1252 5204 contra
1276 5149 1376 5219 jus
1403 5152 1458 5204 et
1490 5149 1647 5221 pium
1672 5150 1789 5205 vin-

143 5225 349 5286 dicans
379 5231 624 5304 irnperio
659 5249 671 5290 :
699 5234 834 5290 inde
864 5235 1034 5291 etiam
1066 5252 1200 5291 cum
1232 5237 1520 5293 universis
1536 5238 1788 5294 exerciti·

144 5318 256 5375 bus
288 5320 410 5378 suis
439 5322 495 5376 in
531 5322 905 5379 multitudine
951 5325 1185 5381 virtutis
1208 5343 1327 5382 suae
1386 5326 1783 5399 progrediens,

144 5408 517 5467 Antiochiam
549 5414 872 5485 accelerat;
907 5414 975 5469 ad
1008 5430 1254 5487 eamque
1285 5417 1648 5487 perveniens,
1672 5420 1785 5472 sta-

144 5493 250 5549 tim
283 5511 443 5553 more
468 5500 666 5555 hostili
698 5501 1103 5558 circumvallat
1131 5504 1454 5561 obsidione.
1487 5505 1786 5562 ordinatis

144 5582 339 5654 itaque
351 5601 454 5656 per
471 5603 676 5660 gyrum
710 5589 1002 5648 machinis
1032 5590 1444 5664 etingsntibus
1474 5594 1786 5652 tormentis

1899 4626 2138 4686 quoque
2167 4607 2731 4666 instructis.aciebus
2787 4612 2845 4663 et
2889 4606 3057 4677 juxta
3088 4603 3402 4661 militarem
3462 4603 3553 4659 di·

1896 4702 2206 4774 sciplinam
2229 4696 2552 4772 dispositis,
2579 4695 3024 4767 nihilo-segnius
3048 4694 3406 4751 unanimiter
3425 4709 3557 4765 pro-

1898 4791 2187 4857 cedentes,
2210 4804 2410 4844 versus
2441 4786 2745 4859 oppidum,
2810 4784 3070 4843 obsessis
3126 4798 3299 4856 opem
3356 4780 3556 4852 laturi,

1897 4878 2264 4936 contendunt
2299 4894 2313 4943 3
2344 4881 2401 4932 et
2422 4881 2487 4932 ut
2533 4875 2920 4944 municipium
2950 4872 3246 4929 alimentis
3273 4886 3557 4942 vacuum,

1893 4966 2268 5040 comportatis
2300 4964 2561 5038 repleant
2595 4961 2961 5020 necessariis.
3011 4962 3119 5027 Qui
3150 4967 3345 5018 autem
3368 4959 3552 5017 duces

1893 5060 2061 5115 erant
2117 5052 2367 5122 itineris,
2429 5058 2697 5110 nostrum
2752 5043 3142 5125 precedentes
3191 5047 3544 5117 exercitum,

1892 5162 2084 5204 errore
2123 5162 2197 5202 an
2256 5142 2481 5200 malitia
2525 5141 2770 5198 dubium
2828 5143 2937 5207 est,
2990 5138 3453 5196 commodiorem
3492 5140 3554 5194 et

1893 5235 2125 5309 planam
2156 5251 2188 5287 a
2220 5234 2362 5289 laeva
2391 5230 2737 5288 declinantae
2767 5230 2941 5298 viam,
2984 5227 3203 5285 montis
3246 5226 3430 5283 ardua
3457 5241 3554 5283 se-

1892 5324 2035 5391 cuti,
2069 5340 2173 5396 per
2200 5322 2326 5379 loca
2355 5320 2505 5376 invia
2536 5323 2593 5376 et
2649 5323 2902 5392 angusta
2961 5318 3139 5374 nimis
3190 5320 3424 5373 nostras
3454 5314 3545 5372 in-

1892 5414 2115 5469 ducunt
2143 5412 2317 5481 acies,
2348 5409 2448 5466 ubi
2492 5408 2715 5466 Martiis
2773 5406 3184 5482 congressibus
3231 5405 3400 5463 locus
3429 5420 3547 5462 non

1893 5505 2021 5558 erat
2049 5500 2316 5569 idoneus,
2348 5514 2453 5556 nec
2483 5497 2692 5555 babilis
2720 5497 2789 5553 ad
2822 5495 3239 5563 resistendum,
3263 5494 3544 5568 nequead

1891 5588 2369 5662 impugnandum
2380 5589 2760 5660 opportunus.
2775 5583 2939 5651 Quod
2957 5582 3165 5643 videus
3183 5581 3546 5656 sanguinus,
