3784 6000
99 287 215 349 501

729 421 956 480 CAPUT
986 422 1130 479 XIV.

99 531 397 586 banorum
443 538 496 586 et
552 531 944 601 Noroeqiorum
998 531 1188 587 classis
1232 531 1499 587 deseendit
1547 535 1604 588 in
1644 534 1752 601 Sy-

173 605 321 657 rium
347 620 368 658 .·
397 619 636 676 quorum
664 617 765 672 ope
792 618 894 657 rex
937 603 1192 659 Sidonem
1235 604 1446 659 obsidet
1486 610 1537 660 et
1565 607 1709 677 capit
1729 621 1751 667 ,·

171 683 552 747 narraturque
580 691 737 730 casus
764 676 910 730 circa
938 690 1123 746 reqem
1148 677 1447 731 mirabilis.

169 782 388 838 Eodem
412 797 564 838 anno
595 780 831 852 quidam
866 781 1117 852 populus
1135 781 1205 836 de
1236 780 1444 836 insulis
1474 781 1749 838 occiden-

101 870 321 927 talibus
351 885 617 942 egressu,
652 869 1015 940 maximeque
1045 870 1116 924 de
1155 886 1219 925 ca
1249 871 1562 927 occidentis
1595 875 1754 943 parte

100 976 227 1033 quan
247 960 535 1032 Noroegia
559 959 791 1024 dicitur,
816 959 1122 1015 audientes
1145 960 1296 1031 quod
1312 977 1346 1015 a
1371 959 1583 1015 Christi
1608 960 1756 1015 tide-

106 1049 265 1105 libus
296 1053 466 1119 capta
495 1053 648 1104 esset
668 1048 871 1103 civitas
895 1054 1096 1104 sancta
1114 1048 1534 1121 Hierosolyma,
1568 1048 1755 1105 volen-

109 1147 193 1195 tes
225 1137 366 1195 illuc
406 1137 726 1194 devotionis
759 1138 946 1210 gratia
998 1155 1324 1211 properare,
1365 1139 1612 1195 classem
1645 1138 1756 1194 sibi

109 1231 458 1301 paraverant
487 1233 896 1298 opportunam.
938 1228 1123 1293 Quam
1174 1229 1579 1294 ascendentes,
1613 1244 1759 1284 aura

110 1316 293 1373 flante
348 1316 627 1384 secunda,
707 1331 865 1370 mare
930 1314 1336 1372 Britannicum
1394 1315 1755 1388 navigantes,

112 1405 244 1462 dein
269 1403 488 1478 Calpen
520 1408 577 1460 et
613 1401 912 1473 Athlanta,
942 1405 1240 1476 angustias
1279 1406 1456 1477 huJus
1485 1405 1755 1461 Mediter-

111 1511 302 1551 raneae
333 1493 668 1550 influxionis
694 1492 963 1565 ingressi,
995 1499 1259 1549 nostrum
1293 1495 1400 1551 hoc
1430 1496 1599 1552 'mare
1630 1510 1760 1567 per-

113 1587 499 1651 transeuntes,
520 1582 675 1655 apud
694 1582 921 1655 Joppen
955 1582 1379 1656 applicuerunt.
1406 1589 1543 1641 Erat
1562 1588 1759 1641 autem

114 1671 403 1743 praedicta
433 1672 636 1728 classis
662 1673 1052 1745 primicerius,
1099 1678 1157 1730 et
1202 1678 1522 1747 praeceptor
1560 1689 1761 1747 supre-

115 1778 269 1830 mus,
302 1761 540 1834 quidam
573 1762 828 1833 Juvenis,
880 1779 1155 1835 procerus
1204 1780 1440 1834 corpore
1477 1768 1535 1819 et
1577 1764 1761 1820 forma

112 1852 388 1921 decorus,
418 1851 713 1924 Noroegiae
747 1852 896 1924 regis
930 1853 1122 1909 frater.
1158 1854 1264 1918 Qui
1296 1859 1606 1926 postquam
1631 1869 1759 1925 por·

116 1946 240 1998 tum
277 1944 632 2013 Joppensem
664 1941 1000 2013 attigerunt,
1040 1944 1398 2014 propositum
1433 1945 1540 1999 iter
1568 1958 1768 2015 aggre-

117 2031 371 2097 dientes,
396 2029 876 2104 Hierosolymam,
900 2032 1067 2103 cujus
1088 2034 1274 2105 gratia
1294 2037 1586 2103 venerant,
1608 2032 1769 2088 adie-

117 2125 277 2177 runt.
313 2120 434 2177 Rex
462 2120 641 2194 igitur
670 2121 899 2194 cognito
922 2137 1121 2179 eorum
1156 2123 1425 2189 adventu,
1467 2122 1607 2179 illuc
1635 2137 1767 2177 cum

118 2208 283 2266 omni
312 2209 603 2267 celeritate
635 2219 936 2282 properat;
970 2216 1026 2267 et
1064 2227 1198 2268 cum
1231 2211 1328 2268 illo
1362 2212 1633 2284 praedicto
1664 2227 1770 2267 no-

121 2299 218 2356 bili
268 2299 418 2366 viro,
465 2300 714 2373 benigne
761 2304 820 2356 et
864 2299 1228 2357 familiariter
1266 2300 1513 2368 locutus,
1546 2304 1770 2358 tentare

121 2388 295 2460 coepit
334 2393 395 2446 et
441 2388 749 2461 diligenter
795 2389 1112 2462 inquirere,
1171 2397 1364 2446 utrum
1415 2390 1635 2447 navalis
1675 2389 1772 2445 ille

121 2478 437 2546 exercitus,
495 2495 717 2536 moram
757 2479 928 2535 vellet
958 2479 1017 2534 in
1052 2495 1228 2552 regno
1260 2481 1445 2537 iacere
1485 2484 1542 2536 et
1568 2494 1772 2552 operas

122 2586 270 2628 suas
299 2569 370 2625 ad
405 2578 633 2642 tempus
662 2568 890 2626 Christo
919 2569 1204 2639 dedicare,
1239 2578 1296 2626 ut
1322 2585 1435 2626 una
1464 2570 1534 2626 de
1564 2569 1773 2626 inlide-

124 2660 277 2716 lium
308 2658 557 2716 urbibus
578 2675 678 2732 per
707 2676 908 2715 eorum
932 2660 1216 2728 studium,
1236 2660 1391 2717 fideli
1414 2661 1626 2733 populo
1648 2677 1776 2732 pos·

125 2753 219 2806 set
258 2763 607 2806 accrescere.
641 2749 746 2816 Qui
780 2750 1209 2806 communicato
1241 2751 1485 2807 concilio
1518 2751 1587 2806 ad
1622 2750 1774 2805 invi-

124 2854 281 2906 cem,
315 2839 744 2910 responderunt
766 2838 916 2908 quod
940 2840 1010 2894 ad
1043 2840 1099 2895 id
1124 2845 1399 2896 venerant
1417 2844 1475 2897 et
1494 2857 1563 2898 ea
1585 2841 1771 2897 inten-

123 2928 291 2987 tione
308 2926 665 2995 ferebantur,
689 2932 754 2982 ut
774 2927 990 2983 Christi
1015 2928 1250 2985 servitio
1272 2944 1330 2984 se
1358 2929 1773 3002 manciparent.

622 285 819 348 Hls'l'.
870 286 1146 350 RERUM
1192 287 1746 352 TRANSMARIN.
1793 322 1871 334 —
1914 288 2066 350 LIB.
2113 290 2216 352 xl.
2262 290 2710 354 BALDUINUS
2753 294 2781 354 I
2824 294 2995 355 REX.

3392 301 3509 360 502

1783 425 1836 495 Α
1869 440 2143 496 magnam
2162 425 2407 482 intulere
2432 425 2799 484 formidinem
2822 444 2836 496 ;
2859 427 3236 504 videntesque
3259 433 3412 505 quod
3436 432 3514 489 vi-

1862 514 2027 570 ribus
2052 531 2416 588 nequaquam
2451 522 2691 587 possent
2713 517 3003 588 resistere,
3030 524 3088 576 et
3108 522 3178 576 ab
3203 522 3513 579 imminen-

1862 606 2019 661 tibus
2045 622 2105 662 se
2131 607 2279 663 tueri
2306 609 2596 678 periculis,
2621 608 2769 666 dolis
2805 610 3082 682 perficere
3102 614 3254 684 quod
3300 614 3513 675 virtute

1863 704 2180 767 nequeunt,
2213 697 2637 753 machinantur.
2672 699 2808 754 Erat
2827 714 2995 769 porro
3026 701 3086 756 in
3109 702 3333 757 domini
3355 703 3514 776 regis

1862 786 2161 855 comitatu,
2184 787 2310 857 ejus
2335 786 2633 842 familiaris
2654 792 2709 842 et
2731 788 2892 859 quasi
2926 789 3349 860 cubicularius,
3379 793 3509 864 qui-

1865 875 1996 930 dam
2023 874 2367 937 Balduinus,
2399 875 2707 946 aliquando
2738 876 2991 947 gentiliS,
3025 894 3196 950 quem
3230 880 3512 937 dominus

1864 981 1963 1021 rex
1995 964 2227 1035 pietatis
2261 965 2466 1019 intuitu
2501 963 2912 1022 accendentem
2938 968 3005 1023 ad
3031 967 3400 1041 baptismatis
3425 967 3510 1026 la-

1863 1069 2121 1120 vacrum,
2154 1053 2224 1108 de
2276 1069 2442 1110 sacro
2492 1055 2647 1110 sonte
2690 1063 3058 1125 susceperat;
3110 1062 3168 1112 et
3214 1058 3267 1113 ei
3298 1073 3511 1114 nomen

1866 1143 2173 1212 imponens
2202 1158 2402 1210 suum,
2434 1143 2490 1197 in
2533 1158 2777 1199 numero
2807 1144 3261 1202 domesticorum
3292 1161 3513 1218 recepe·

1863 1236 1958 1288 rat
1980 1250 1993 1301 ;
2030 1231 2184 1286 bunc
2206 1231 2430 1288 nobiles
2452 1234 2522 1288 de
2549 1230 2779 1289 civitate
2801 1233 2925 1303 viri,
2950 1249 3319 1306 quocumque
3341 1234 3515 1291 modo

1866 1336 1931 1376 se
1959 1319 2217 1376 volentes
2247 1320 2536 1392 expedire,
2570 1321 2719 1376 clam
2753 1337 2852 1392 per
2879 1322 3275 1378 internuntios
3305 1337 3517 1379 conve-

1869 1408 2062 1479 niunt,
2091 1408 2381 1464 infinitam
2414 1408 2818 1480 promittentes
2849 1409 3180 1481 pecuniam,
3212 1412 3268 1466 et
3298 1410 3357 1466 in
3388 1409 3518 1466 civi·

1868 1504 1987 1556 tate
2016 1497 2408 1571 possessiones
2436 1497 2851 1570 amplissimas,
2873 1499 2921 1555 si
2936 1515 2969 1554 a
2992 1500 3166 1555 tantis
3185 1498 3519 1556 calamitati-

1869 1590 1980 1645 bus
2001 1604 2119 1656 eos,
2146 1587 2765 1660 regeminterliciendo,
2789 1586 3206 1647 absolvat.!3rat
3224 1592 3412 1645 autem
3427 1587 3518 1644 hic

1872 1678 2025 1732 idern
2052 1677 2288 1732 domino
2312 1675 2430 1749 regi
2446 1677 2589 1733 adeo
2603 1675 2905 1733 familiaris
2931 1680 2989 1733 et
3008 1677 3243 1743 charus,
3262 1677 3519 1734 utetiam

1872 1765 1946 1821 ad
1976 1765 2103 1820 loca
2133 1765 2441 1822 secretiora
2470 1765 2685 1837 quibus
2717 1772 2953 1832 naturae,
2978 1782 3039 1822 se
3066 1781 3317 1838 purgare
3337 1765 3520 1823 volen-

1877 1855 1975 1921 tis,
2007 1854 2216 1911 satisfit
2248 1854 2717 1923 necessitatibus,
2762 1870 2954 1926 regem
2987 1854 3149 1911 solus
3176 1855 3521 1926 plerumque

1877 1943 2267 2001 comitaretur.
2303 1944 2551 1999 Verbum
2585 1943 2779 2014 itaque
2824 1943 3085 1999 oblatum
3136 1942 3233 1999 ille
3257 1942 3521 2015 gaudens

1878 2035 2153 2106 suscepit,
2184 2039 2241 2089 et
2269 2049 2464 2089 eorum
2490 2032 2907 2105 postulationes
2922 2031 3154 2088 effectui
3187 2032 3521 2104 mancipare

1880 2125 2245 2197 promittens,
2279 2127 2432 2179 totus
2476 2122 2535 2177 in
2584 2121 2693 2178 hoc
2724 2125 2866 2188 erat,
2902 2125 2966 2176 ut
2998 2130 3227 2192 tempus
3258 2121 3328 2177 ad
3359 2135 3523 2177 com-

1879 2212 2156 2286 plendum
2189 2212 2414 2268 facinus
2450 2214 2807 2283 exspectaret
2847 2214 3260 2282 opportunum.
3295 2209 3525 2265 Interea

1881 2303 2119 2376 quidam
2143 2301 2343 2357 fideles
2388 2301 2458 2357 de
2488 2300 2734 2371 civitate,
2753 2299 2821 2355 ad
2848 2316 2994 2371 quos
3015 2299 3172 2355 verbi
3203 2298 3380 2369 hujus
3400 2313 3524 2369 per·

1878 2402 2111 2448 venerat
2140 2391 2366 2456 notitia,
2399 2391 2692 2455 timentes,
2713 2405 2784 2445 ne
2805 2404 2904 2461 per
2934 2387 3154 2444 domini
3183 2388 3336 2460 regis
3357 2387 3526 2444 incu-

1882 2482 2026 2537 riam
2054 2482 2293 2537 verbum
2323 2479 2431 2536 hoc
2482 2485 2602 2535 tam
2634 2478 2971 2534 detestabile
3017 2482 3218 2549 posset
3256 2476 3528 2532 effectum

1883 2570 2098 2638 sortiri,
2147 2568 2371 2625 litteras
2420 2568 2680 2625 scribunt
2723 2567 2848 2623 sine
2879 2567 3016 2623 certi
3050 2565 3306 2622 auctoris
3335 2562 3526 2649 titulo,

1882 2675 2102 2732 easque
2149 2675 2280 2714 curn
2331 2658 2541 2731 sagitta
2590 2656 2646 2712 in
2681 2657 2995 2713 exercitum
3028 2660 3357 2713 nostrorum
3388 2654 3529 2711 dirl-

1883 2754 2053 2822 gunt,
2085 2749 2166 2804 rei
2199 2749 2407 2805 seriem
2431 2748 2632 2804 ordine
2655 2748 2981 2819 pandente;
3007 2762 3136 2818 quoe
3157 2760 3296 2801 casu
3326 2744 3400 2802 ad
3420 2742 3529 2801 do·

1886 2839 2112 2895 minum
2146 2854 2334 2911 regem
2361 2836 2779 2910 pervenientes,
2815 2836 3079 2892 animum
3110 2836 3260 2907 ejus,
3292 2833 3529 2891 necim-

1886 2929 2113 2996 merito,
2141 2928 2454 3000 plurimum
2481 2927 2811 2983 affecerunt.
2839 2926 2946 2992 Qui
2978 2940 3302 2982 convocans
3322 2921 3533 2995 princi-

122 3017 305 3075 Juxta
333 3016 489 3089 quod
524 3016 891 3089 propositum
922 3017 1106 3089 parati
1138 3022 1325 3083 erant,
1371 3026 1427 3073 ut
1459 3033 1780 3090 quamcun-
1887 3035 2011 3090 pes,
2043 3026 2095 3074 et
2128 3019 2266 3091 quid
2302 3034 2432 3073 eum
2460 3018 2644 3072 facere
2677 3021 2964 3088 oporteret
2993 3012 3408 3071 deliberatione
3433 3011 3531 3069 ha·

124 3122 242 3181 que
276 3106 349 3164 de
398 3106 640 3162 urbibus
688 3102 1004 3162 maritimis
1038 3122 1137 3163 rex
1183 3123 1317 3163 cum
1357 3124 1464 3164 suo
1495 3107 1771 3169 exercitu.

118 3196 395 3255 obsidere
423 3195 616 3265 vellet,
639 3196 777 3253 illuc
807 3196 1008 3253 itinere
1040 3200 1260 3255 marino
1283 3215 1416 3254 cum
1447 3198 1607 3254 omni
1628 3199 1775 3255 cele-

118 3286 298 3344 ritate
348 3287 713 3353 contendere,
750 3285 896 3342 nihil
923 3294 1124 3358 praeter
1170 3289 1383 3344 victum
1418 3304 1520 3360 pro
1550 3289 1773 3360 stipen-

116 3378 236 3434 diis
296 3376 611 3447 exigentes.
673 3379 790 3432 Rex
855 3377 1033 3448 igitur
1099 3377 1474 3434 devotissime
1528 3381 1772 3436 verbum

116 3465 499 3539 amplectens,
561 3480 919 3538 congregans
976 3468 1138 3539 regni
1189 3468 1368 3523 robur
1412 3467 1771 3537 universum,

118 3562 179 3614 et
235 3554 510 3612 militiam
563 3560 840 3627 quantam
902 3557 1108 3628 potuit,
1167 3557 1440 3614 Sidonem
1493 3558 1769 3629 pervenit.

117 3645 337 3704 Classis
396 3661 625 3717 quoque
692 3644 1075 3702 nihilominus
1127 3665 1158 3702 a
1241 3652 1404 3719 portu
1456 3647 1772 3705 acconensi

118 3750 385 3809 egressa,
414 3732 555 3789 illuc
584 3734 800 3790 directe
829 3740 1257 3805 properaverat,
1289 3737 1370 3792 ita
1410 3740 1472 3791 ut
1501 3752 1647 3807 pene
1676 3752 1773 3793 eo-

120 3825 259 3883 dem
293 3826 593 3880 momento
635 3832 872 3895 uterque
901 3825 1189 3880 exercitus
1232 3832 1363 3882 ante
1396 3827 1599 3883 urbem
1631 3843 1771 3883 con-

119 3915 369 3974 veniret.
417 3914 518 3968 Est
575 3921 767 3968 autem
817 3914 994 3969 Sidou
1040 3913 1240 3969 civitas
1289 3916 1584 3971 maritima
1626 3915 1774 3970 inter

118 4003 443 4076 Berythum
474 4007 532 4058 et
551 4001 863 4071 Tyr-ensem
899 4002 1268 4075 metropolim
1301 4004 1434 4072 sita,
1465 4004 1772 4077 provincie

118 4090 418 4149 Pboenicis
447 4092 634 4163 portio
667 4107 783 4147 non
816 4092 1062 4160 modica,
1088 4094 1631 4148 commodissimum
1667 4094 1771 4147 ha·

122 4182 274 4237 bens
300 4182 504 4249 situm,
537 4181 706 4252 cujus
737 4191 853 4237 tarn
904 4181 1126 4237 Veteris
1173 4198 1347 4253 quam
1391 4182 1529 4237 Novi
1580 4187 1771 4238 textus

121 4269 508 4327 Instrumenti
553 4271 906 4342 frequentem
958 4272 1128 4327 habet
1171 4271 1530 4327 memoriam.
1579 4271 1660 4328 De
1706 4286 1772 4329 ea

118 4360 346 4432 quippe
369 4359 428 4414 in
449 4359 706 4416 secundo
728 4364 990 4431 Regnum
1015 4360 1183 4422 libro.
1205 4361 1286 4417 ita
1301 4360 1573 4418 Salomon
1592 4363 1665 4419 ad
1684 4362 1772 4418 lli·

118 4465 280 4513 ram,
298 4449 602 4520 Tyriorum
627 4466 818 4520 regem
846 4467 859 4505 :
885 4452 1129 4520 l'roecipe
1159 4454 1358 4522 iyitur,
1391 4459 1451 4507 ut
1467 4455 1775 4524 praecidant

1889 3108 2033 3180 bita,
2065 3112 2303 3163 vocatus
2334 3111 2423 3163 est
2460 3106 2595 3175 ille3
2628 3110 2685 3162 et
2712 3105 2932 3163 crimen
2963 3105 3283 3172 consessus,
3316 3101 3531 3176 princi-

1888 3198 1996 3254 bus
2014 3198 2069 3252 in
2093 3214 2224 3253 eum
2250 3195 2605 3253 dictantibus
2619 3195 2991 3265 sententiam,
3016 3190 3331 3264 suspendio
3347 3191 3528 3247 vitam

1883 3287 2090 3343 finivit.
2142 3287 2416 3342 videntes
2463 3302 2597 3359 ergo
2642 3286 2795 3340 cives
2837 3287 3169 3341 commenta
3200 3297 3304 3337 sua
3334 3279 3531 3337 felices

1884 3392 1996 3432 non
2031 3375 2245 3432 habere
2269 3392 2598 3442 successus,
2623 3373 2736 3430 alia
2761 3374 2850 3429 via
2870 3376 3168 3445 coeperunt
3196 3369 3451 3443 ingredi3
3474 3373 3533 3426 et

1882 3465 2371 3535 missalegatione
2393 3473 2612 3536 petunt,
2641 3468 2704 3518 ut
2734 3462 3030 3518 nobilibus
3050 3461 3404 3517 concedatur
3429 3473 3529 3514 ex·

1884 3555 2041 3618 itus:
2066 3555 2217 3627 plebi
2242 3571 2396 3621 vero,
2422 3553 2592 3608 sicuti
2614 3560 2664 3607 et
2688 3552 2872 3623 prius,
2898 3549 3267 3620 agriculturae
3291 3563 3527 3619 operam

1885 3645 2020 3700 dare
2055 3644 2240 3710 liceat,
2278 3642 2446 3698 bonis
2478 3639 2930 3697 conditionibus„
2973 3639 3095 3703 Quo
3125 3652 3398 3693 concesso
3429 3651 3528 3690 ur-

1883 3736 2012 3791 bem
2047 3736 2357 3807 resignant,
2386 3748 2518 3788 cum
2546 3730 2821 3787 uxoribus
2841 3734 2896 3784 et
2916 3727 3115 3784 liberis
3137 3727 3206 3782 ad
3231 3724 3358 3783 loca
3376 3724 3528 3781 desi-

1883 3825 2106 3891 derata,
2145 3823 2266 3879 sine
2322 3820 2741 3878 contradictore
2773 3820 3097 3875 tendentes.
3130 3818 3313 3883 Quam
3346 3816 3528 3887 proti-

1884 3930 1997 3970 nus
2035 3918 2091 3969 ct
2121 3913 2249 3969 sinc
2278 3911 2573 3974 dilatione,
2611 3908 2842 3964 cuidam
2879 3908 2949 3962 de
2981 3905 3351 3976 magnatibus
3379 3903 3526 3975 suis,

1883 4002 2192 4059 Eustachio
2223 3999 2490 4056 videlicet
2519 4000 2754 4063 Grener,
2775 3999 2909 4069 jure
2947 3993 3309 4051 haereditario
3341 3992 3528 4066 possi-

1881 4093 2131 4147 dendum
2169 4089 2484 4146 liberaliter
2503 4087 2805 4144 concessit.
2831 4086 3042 4142 Classis
3072 4100 3205 4139 vero
3228 4082 3475 4155 receptis
3494 4099 3529 4139 a

1882 4181 2120 4237 domino
2170 4195 2304 4251 rege
2336 4177 2613 4246 donariis,
2647 4181 2704 4231 et
2750 4182 2982 4248 accepta
3019 4174 3274 4238 licentia,
3326 4186 3527 4244 prose·

1880 4276 2096 4343 queute
2126 4287 2223 4326 eos
2272 4268 2681 4324 universorum
2722 4264 3149 4331 benedictione,
3185 4262 3256 4318 ad
3298 4259 3530 4333 propria

1881 4362 2091 4419 reversi
2123 4364 2277 4416 sunt.
2311 4363 2488 4429 Capta
2518 4362 2603 4414 est
2624 4365 2815 4413 autem
2848 4354 3122 4428 praedicta
3143 4352 3345 4408 civitas
3374 4367 3527 4407 anuo

1882 4453 1957 4509 ab
1990 4452 2394 4508 iucarnatione
2424 4448 2655 4506 Domini
2680 4448 2839 4515 11¹1,
2865 4461 3065 4502 mense
3087 4441 3410 4508 Decembri,
3432 4441 3530 4496 de-

116 4536 276 4593 mihi
303 4541 483 4594 cedros
536 4537 602 4593 de
652 4537 856 4595 Libano
886 4550 939 4595 et
993 4540 1137 4596 servi
1178 4541 1287 4595 mei
1315 4543 1429 4597 sint
1465 4558 1591 4598 eum
1620 4542 1729 4599 tuis
1755 4562 1777 4607 ‚-
1807 4535 1852 4601 D
1885 4545 2038 4600 cima
2065 4558 2217 4598 nona
2247 4540 2339 4596 die
2371 4538 2610 4595 mensis.

118 4626 432 4685 mercedem
458 4636 642 4684 autem
676 4643 953 4684 servorum
1002 4634 1222 4685 tuorum
1253 4631 1397 4687 dabo
1424 4632 1525 4687 tibi
1579 4648 1771 4705 quam-

117 4733 338 4791 eunque
360 4717 610 4790 petieris.
643 4717 760 4773 Scis
781 4717 931 4774 enim
958 4718 1217 4791 quoniam
1245 4736 1355 4777 non
1386 4724 1464 4778 est
1493 4720 1553 4777 in
1572 4721 1772 4793 populo

116 4823 263 4875 nnec,
292 4809 387 4879 qui
430 4809 584 4863 novit
639 4806 790 4878 liqna
818 4808 1021 4865 caedere
1075 4810 1219 4865 sicut
1264 4810 1474 4868 Sidonii
1519 4812 1770 4883 (1111309.

118 4913 182 4962 v,
212 4895 298 4967 6).
325 4899 389 4953 In
409 4894 719 4968 Evangelio
737 4913 968 4969 quoque
990 4899 1113 4968 ejus
1144 4899 1282 4957 facit
1310 4900 1592 4959 Dominus
1611 4917 1773 4958 men-

119 4986 372 5053 tionem,
401 4984 634 5042 dicens:
669 4987 841 5043 Amen
866 4987 981 5043 dico
1005 4988 1173 5058 vobis,
1204 4992 1252 5045 si
1281 4990 1398 5048 haec
1424 4993 1576 5061 facta
1595 4996 1776 5048 essent

120 5077 186 5132 in
219 5076 360 5148 Tyro
384 5082 436 5132 et
462 5075 688 5142 Sidone,
713 5081 770 5133 et
799 5081 1006 5132 caetera
1031 5078 1237 5149 (Maeni.
1272 5096 1349 5146 xi,
1386 5080 1435 5151 1)
1462 5098 1476 5143 ;
1508 5084 1565 5136 et
1592 5079 1730 5135 alibi
1756 5095 1771 5135 :

125 5166 393 5233 Boreum
446 5165 593 5233 lesu,
645 5166 857 5222 secessit
919 5169 978 5221 in
1033 5173 1214 5238 partes
1263 5168 1392 5239 Tyri
1446 5172 1499 5224 et
1554 5167 1774 5224 Sidonis

123 5254 316 5326 (Uare.
346 5269 446 5323 vu,
477 5255 594 5323 24).
644 5253 804 5311 Hanc
852 5255 1031 5312 Sidon
1078 5255 1350 5312 chanaan
1384 5258 1661 5314 fundasse
1691 5256 1770 5314 le·

120 5342 328 5417 gitur3
383 5343 544 5400 unde
570 5347 630 5401 et
676 5360 861 5417 usque
898 5344 956 5401 in
1001 5356 1340 5416 praesentem
1376 5345 1528 5402 diem
1564 5362 1772 5403 nomen

119 5435 283 5491 tenet
310 5433 590 5490 auctoris.
613 5433 716 5490 Est
745 5439 939 5491 autem
973 5451 1091 5491 una
1119 5437 1192 5492 de
1224 5435 1469 5493 urbibus
1501 5437 1773 5509 suffraga-

118 5523 255 5582 neis
283 5521 566 5592 Tyrensis
596 5523 953 5608 metropolis.
984 5524 1143 5581 Hanc
1184 5524 1364 5598 igitur
1394 5529 1589 5583 noster
1618 5542 1778 5584 exer-

119 5617 281 5674 citus
323 5630 395 5672 ex
424 5617 668 5689 utraque
715 5620 881 5690 parte
936 5618 1239 5677 obsidione
1275 5618 1523 5693 vallans,
1552 5619 1775 5680 civibus

2513 4681 2747 4741 CAPUT
2779 4679 2902 4736 XV.

1884 4797 2132 4852 Moritur
2162 4793 2437 4849 Gibelinus
2485 4790 2979 4860 Hierosolymorum
3007 4779 3328 4856 patriarcha
3358 4799 3378 4848 ,·
3406 4793 3527 4836 suc·

2095 4866 2232 4922 cedit
2257 4867 2310 4920 ei
2333 4866 2421 4919 vir
2453 4864 2660 4934 impius
2689 4869 2741 4916 et
2759 4873 2998 4931 nequam
3028 4853 3313 4922 Arnulsus.

1954 4993 2060 5048 Per
2075 4991 2227 5046 idem
2249 4994 2500 5061 tempus,
2523 4990 2791 5043 mortuus
2804 4980 3183 5063 estdominus
3200 4977 3527 5046 Gibelinus,

1884 5083 2050 5139 bonoe
2103 5079 2413 5145 memoriae,
2456 5073 2983 5147 Hierosolymorum
3040 5066 3385 5145 patriarcha.
3436 5066 3533 5122 cui

1883 5169 2235 5229 substitutus
2265 5171 2352 5225 cst
2390 5165 2592 5237 invita,
2643 5169 2706 5222 ut
2735 5162 3051 5229 credimus,
3091 5158 3393 5216 divinitate
3421 5156 3533 5211 Ar·-

1887 5261 2106 5328 null'us,
2135 5260 2334 5328 dequo
2361 5256 2751 5329 saepissimam
2784 5254 2841 5308 in
2868 5248 3265 5324 superioribus
3289 5244 3530 5303 mentio-

1886 5367 2020 5406 nem
2070 5348 2409 5414 habuimus,
2461 5343 3023 5416 Hierosolymitanus
3063 5336 3533 5401 archidiaconus,

1887 5439 1986 5511 qui
2020 5437 2187 5509 vulgo
2220 5434 2665 5509 cognominatus
2695 5436 2786 5489 est
2827 5429 3219 5486 Malacorona.
3257 5424 3368 5481 Sed
3397 5437 3534 5495 pro·

1884 5538 2007 5602 pter
2034 5534 2256 5600 peccata
2285 5523 2476 5599 populi
2503 5523 2721 5596 potitur
2755 5522 2899 5577 Deus
2927 5531 3159 5588 reonare
3187 5512 3536 5588 hypocritam

1887 5618 2003 5692 <lob
2032 5633 2223 5688 miv,
2251 5617 2364 5689 30).
2397 5615 2520 5685 Hic,
2573 5611 2740 5671 sicuti
2784 5614 2841 5668 et
2886 5608 3069 5684 prius,
3099 5606 3361 5680 seipsum
3392 5618 3528 5661 con-
