3784 6000
276 266 394 329 2⁴3

1358 260 1781 326 GUILLELMI
1824 258 2204 323 TYRENSIS
2246 259 2609 322 ARCHIEP.

3565 261 3686 321 ΞΜ

272 404 511 459 tuerent
538 397 983 474 prodeuntibus,
1005 394 1330 468 conglobati
1374 395 1585 453 iterum
1637 394 1807 469 quasi
1849 395 1923 452 ad
1955 398 2006 464 Α
2040 393 2148 451 bus
2178 392 2484 451 mensibus
2514 390 2808 449 continuis
2837 390 3195 448 consedisset
3223 391 3533 465 exercitus,
3567 409 3683 451 non

270 492 517 564 triginta
547 488 733 545 millia
758 503 961 544 rursus
991 486 1063 542 ad
1096 487 1207 543 iter
1237 501 1299 543 se
1329 486 1666 560 accingunt.
1700 486 1762 541 Et
1793 484 1929 542 licet

278 580 539 653 plaustra
558 591 902 648 currusque,
925 574 1092 647 quasi
1125 575 1199 632 ad
1221 576 1334 632 duo
1367 573 1571 644 millia,
1591 575 1928 647 impruden·

276 673 365 726 ter
395 666 752 733 amisissent,
784 670 982 721 tamen
1017 681 1051 721 a
1075 664 1372 737 proposito
1401 665 1643 722 deficere
1674 665 1929 737 ignomi-

275 758 510 813 niosum
557 756 918 828 reputantes,
937 754 1118 825 viam,
1150 752 1285 809 licet
1332 752 1514 810 multa
1557 753 1926 838 difficultate,

277 844 645 902 continuant.
694 847 962 916 Dumque
1008 846 1205 898 essent
1234 842 1293 897 in
1344 842 1785 915 proficiscendo,
1817 842 1932 898 ali-

280 942 611 995 mentorum
643 930 890 989 multam
926 930 1289 988 sustinentes
1334 929 1613 1002 inopiam,
1647 946 1779 989 ecce
1827 932 1933 989 do-

281 1021 427 1078 mlhi
458 1020 797 1092 imperatori
848 1020 1089 1077 nuntius
1120 1019 1323 1076 castris
1367 1034 1566 1075 eorum
1598 1035 1661 1074 se
1709 1018 1930 1086 intulit,

284 1110 388 1183 qui
418 1109 654 1167 Petrum
686 1113 745 1165 et
772 1108 919 1166 alios
948 1109 1210 1180 ejusdem
1256 1108 1541 1165 exercitus
1570 1107 1930 1179 capitaneos,

277 1198 499 1272 regiam
532 1198 830 1270 proferens
850 1198 1209 1269 jussionem,
1242 1196 1469 1270 publice
1513 1198 1806 1267 convenit,
1838 1199 1931 1252 di-

281 1303 422 1344 cens
455 1303 470 1343 ε
505 1286 694 1343 Sermo
732 1284 916 1359 pravis
944 1292 1001 1343 st
1041 1286 1261 1344 verbum
1310 1289 1445 1342 sotir
1491 1286 1778 1349 obsonum,
1824 1288 1934 1343 viri

279 1376 486 1435 nobiles
513 1378 564 1432 et
593 1374 814 1448 inclyti,
844 1377 1000 1446 sama
1029 1378 1315 1445 referente,
1364 1376 1433 1431 de
1459 1375 1611 1432 vobis
1658 1376 1732 1431 ad
1757 1378 1935 1449 impe·

279 1465 480 1523 rialem
504 1466 757 1536 pervenit
781 1463 1145 1532 audientiam,
1168 1464 1309 1537 quod
1339 1464 1400 1520 in
1430 1464 1660 1537 imperio
1688 1481 1786 1522 suo
1817 1468 1935 1523 vio·

282 1555 514 1612 lentiam
537 1553 780 1625 ravionis
809 1553 1209 1611 habitatoribus
1228 1561 1284 1611 et
1312 1557 1431 1628 ejus
1458 1556 1693 1612 subditis
1723 1556 1935 1628 insera-

286 1642 358 1701 tis
385 1658 685 1714 enormem,
716 1646 868 1701 rixas
895 1650 950 1699 st
977 1644 1246 1700 tumultus
1290 1647 1644 1702 concitantes.
1678 1650 1936 1717 Quapro-

285 1737 411 1806 pter
431 1733 549 1806 ejus
594 1733 947 1802 auctoritate,
976 1735 1027 1789 si
1057 1735 1117 1790 in
1144 1741 1434 1807 conspectu
1477 1735 1793 1807 majestatis
1817 1737 1935 1808 eins
1965 1765 2012 1832 B

285 1824 528 1895 qratiam
555 1822 857 1895 aliquando
899 1824 1153 1880 invenire
1194 1825 1457 1896 qum-itis,
1489 1823 1640 1881 vobis
1684 1826 1936 1899 iniungi·

288 1927 433 1981 mus,
465 1917 739 1983 quatenus
784 1913 844 1969 in
874 1912 1064 1985 aliqua
1091 1913 1316 1970 urbium
1364 1915 1483 1985 ejus
1512 1914 1660 1970 ultra
1693 1914 1938 1971 triduum

283 2016 506 2057 moram
520 2003 705 2073 lacere
731 2017 842 2058 non
861 2003 1238 2073 praesumatis,
1259 2002 1352 2059 ssd
1378 2005 1697 2061 continuato
1739 2007 1939 2062 itinere

288 2104 532 2162 conat-uo
566 2096 751 2148 tomen
799 2090 1178 2149 moderamine
1222 2096 1545 2160 temperato,
1576 2107 1766 2150 versus
1796 2093 1940 2150 Con-

284 2179 703 2252 stantinopolim
746 2180 1125 2251 expeditiones
1169 2188 1382 2237 vestras
1426 2180 1746 2254 quantocius
1793 2182 1936 2240 diri-

285 2270 454 2340 aatis.
510 2267 616 2325 Nos
687 2277 871 2326 autem
933 2268 1235 2326 exercitum
1305 2274 1547 2327 vestrum
1607 2278 1937 2343 praeeuntes,

294 2358 464 2414 victui
491 2358 803 2415 necessaria
821 2358 981 2429 ⁴lusto
1021 2361 1204 2431 pretio
1251 2359 1398 2416 vobis
1427 2362 1746 2417 ministrari
1774 2363 1942 2432 [αι-ἰε-

296 2461 437 2503 mus.
470 2446 595 2511 Quo
624 2446 850 2514 audito,
882 2446 1086 2505 revixit
1135 2448 1373 2520 spiritus
1421 2463 1646 2518 eorum,
1680 2450 1779 2523 qui
1823 2467 1942 2522 proe

290 2532 483 2593 victus
511 2532 710 2608 inopia
730 2534 859 2607 Jam
907 2536 1367 2607 contabuerant;
1399 2546 1450 2593 et
1482 2536 1775 2595 intellecta
1802 2554 1942 2613 erga

293 2638 357 2681 se
376 2623 601 2682 domini
620 2622 990 2697 imperatoris
1025 2625 1427 2692 clementia,in
1470 2643 1633 2699 spem
1659 2628 1938 2698 majorem

289 2712 488 2784 erecti,
520 2716 830 2786 postquam
879 2712 1038 2787 apud
1080 2729 1212 2770 eum
1245 2713 1346 2787 qui
1396 2714 1585 2788 regios
1612 2714 1941 2772 detulerant

291 2800 507 2875 apices,
536 2802 610 2858 de
649 2818 755 2860 sua
779 2801 1132 2874 innocentia,
1160 2806 1217 2861 et
1255 2808 1595 2876 supportata
1632 2805 1939 2878 patienter,

292 2906 472 2966 quam
489 2890 575 2949 eis
588 2890 897 2950 immeritis
918 2891 1348 2966 Bulgarigratis
1373 2893 1938 2966 intulerantinjuria,

293 2996 399 3054 pro
424 2983 689 3054 tempore
716 2982 1077 3040 sufficienter
1097 2980 1533 3056 allegaverunt3
1565 2985 1771 3042 ducem
1801 3000 1944 3056 prai-

294 3070 515 3127 dlotum
537 3075 869 3144 sequentes,
892 3072 967 3127 ab
998 3072 1159 3127 omni
1188 3072 1548 3130 abstinentes
1568 3075 1938 3144 enormitate,

295 3164 589 3216 maturato
646 3158 851 3217 itinere
911 3161 1475 3235 Constantinopolim
1530 3168 1937 3235 pervenerunt.
1971 3136 2016 3205 c

294 3246 404 3305 Ubi
436 3252 661 3321 reperto
692 3248 963 3321 praedicto
994 3250 1249 3318 Galtero,
1276 3252 1372 3324 qui
1401 3269 1536 3308 cum
1568 3253 1685 3310 suis
1708 3252 1945 3326 legioni-

295 3337 412 3396 bus
449 3339 790 3395 eorumdem
839 3339 1282 3411 praestolabatur
1348 3341 1684 3410 adventum,
1722 3343 1946 3413 junctis

299 3427 669 3498 exercitibus,
720 3434 911 3486 castra
973 3430 1032 3486 in
1083 3430 1208 3488 loco
1269 3431 1379 3489 sibi
1422 3432 1697 3504 deputato
1749 3434 1946 3492 metati

301 3520 461 3576 sunt.
512 3516 717 3576 Petrus
761 3533 897 3577 vero
926 3536 962 3577 a
1007 3519 1245 3578 domino
1292 3520 1641 3594 imperatore
1682 3527 1944 3593 vocatus,

305 3606 510 3664 urbem
558 3606 860 3680 ingressus
887 3612 1013 3676 est;
1046 3617 1102 3666 et
1131 3610 1188 3667 in
1219 3611 1346 3682 ejus
1395 3612 1701 3680 praesentia
1732 3612 1946 3668 consti·

302 3699 491 3767 tutus,
522 3694 696 3754 sicuti
727 3697 816 3753 vir
845 3699 1259 3771 magnanimus
1307 3704 1433 3757 erat
1462 3707 1515 3756 et
1544 3700 1846 3774 eloquens,
1879 3702 1950 3757 de

302 3800 410 3840 sua
436 3784 775 3854 intentione,
807 3792 867 3844 et
897 3787 1045 3843 tanti
1088 3786 1302 3844 laboris
1327 3806 1506 3846 causa
1538 3789 1948 3862 interrogatus,

297 3871 470 3946 plene
484 3873 763 3932 disseruit
782 3892 797 3931 ε
820 3880 879 3932 et
896 3879 1049 3947 quod
1073 3893 1207 3934 eum
1229 3878 1467 3934 maximi
1488 3877 1949 3936 Occidentalium

299 3962 555 4034 partium
587 3969 647 4020 et
676 3968 789 4022 Deo
819 3965 983 4037 digni
1015 3965 1321 4039 principes.
1359 3968 1418 4023 in
1450 3968 1713 4037 proximo
1742 3969 1954 4026 subse-

302 4055 643 4124 querentur,
694 4050 927 4110 edocuit
977 4071 990 4108 :
1042 4058 1200 4111 tanta
1248 4057 1459 4113 mentis
1506 4060 1852 4129 constantia,
1897 4062 1955 4116 et

300 4141 611 4198 verborum
642 4157 785 4198 usus
814 4148 1043 4211 ornatu,
1079 4147 1141 4198 ut
1170 4148 1226 4200 et
1274 4143 1470 4217 palatii
1516 4147 1829 4220 principes,
1847 4147 1953 4203 viri

302 4228 735 4285 admirarentur
763 4230 1194 4288 animositatem
1220 4237 1278 4289 et
1308 4235 1709 4306 prudentiam,
1739 4242 1796 4294 et
1827 4239 1955 4309 ipse

303 4315 580 4372 dominus
608 4316 927 4389 imperator
954 4333 1089 4376 eum
1118 4323 1464 4393 propensius
1495 4326 1952 4382 commendaret.

301 4403 561 4478 Benigne
587 4405 771 4479 igitur
797 4405 1085 4477 habitum,
1112 4417 1166 4467 et
1192 4410 1365 4468 donis
1416 4412 1775 4470 cumulatum
1808 4414 1957 4471 ube-

2033 484 2219 541 det'ult
2247 483 2329 539 eis
2361 498 2505 555 pene
2530 481 2794 555 quotidie
2824 495 3020 538 rerum
3066 480 3356 537 venalium
3407 484 3598 555 copia,
3630 489 3684 540 et

2036 573 2268 631 refectio
2296 589 2398 644 pro
2429 580 2687 644 tempore
2732 569 3078 627 necessaria.
3111 568 3237 633 Qua
3283 586 3477 627 rerum
3511 572 3685 628 uber·

2034 666 2152 720 tate
2181 660 2436 717 simulet
2464 662 2582 716 otio
2612 657 2937 716 dissolutus
2968 658 3150 715 miser
3174 663 3230 715 et
3252 659 3412 716 duras
3442 660 3687 718 cervicis

2036 752 2311 824 populus,
2342 750 2739 821 prodeuntibus
2781 764 2851 805 ex
2879 748 3039 822 adipe
3085 750 3331 806 stimulis
3379 751 3688 809 insolentias

2034 841 2207 912 (Psoi.
2241 856 2417 909 nxxn,
2446 840 2529 911 7),
2563 839 2737 911 coepit
2779 855 3047 896 seorsum
3096 838 3296 896 invitis
3329 840 3686 911 magistrati-

2035 931 2147 988 bus
2179 934 2406 987 turmas
2437 946 2626 1003 agere,
2657 934 2714 987 et
2744 930 2814 986 ad
2847 931 3045 987 decem
3077 928 3164 987 vel
3193 930 3449 1001 amplius
3479 930 3690 988 millia-

2037 1021 2124 1077 ria
2145 1018 2499 1091 perlustrare
2529 1019 2847 1092 regionem,
2869 1034 3078 1091 greges
3107 1025 3163 1076 et
3184 1023 3456 1076 armenta
3485 1036 3684 1078 secum

2036 1109 2355 1166 trahentes.
2389 1112 2748 1180 Receperant
2787 1113 2984 1165 tamen
3036 1109 3250 1183 soepius
3276 1126 3348 1166 ex
3398 1114 3560 1181 parte
3589 1112 3686 1167 do-

2039 1198 2186 1256 mini
2214 1198 2583 1270 imperatoris
2612 1196 2837 1254 litteras
2868 1198 3366 1269 commonitorias,
3399 1202 3688 1273 quatenus

2038 1292 2175 1346 ante
2206 1288 2518 1345 adventum
2554 1288 2840 1359 maj0rum
2870 1287 3223 1360 principum,
3255 1288 3358 1361 qui
3401 1289 3682 1361 subsequi

2039 1376 2404 1446 dicebantur,
2436 1377 2671 1450 longius
2698 1377 2952 1449 evagari,
2984 1383 3089 1434 aut
3135 1378 3192 1433 in
3228 1393 3292 1434 se
3322 1378 3511 1434 hostes
3542 1395 3686 1451 pro·

2038 1482 2244 1525 vocare
2285 1483 2403 1523 non
2451 1470 2901 1539 praesumerent3
2935 1467 3036 1523 sed
3086 1466 3146 1522 in
3209 1467 3333 1523 loco
3382 1466 3683 1539 designato

2042 1572 2265 1614 moram
2299 1556 2571 1622 iacerent,
2603 1555 3027 1626 circumspecte
3055 1570 3118 1611 se
3147 1555 3451 1613 babentes.
3481 1556 3684 1613 Petrus

2041 1649 2235 1703 autem
2266 1661 2368 1717 pro
2400 1645 2564 1717 plebe
2599 1644 2708 1700 sibi
2739 1644 3056 1702 commissa
3086 1643 3250 1701 valde
3281 1644 3586 1713 sollicitus,
3611 1647 3682 1702 ad

2040 1734 2241 1791 urbem
2276 1734 2492 1806 regiam
2525 1734 2816 1805 profectus
2844 1736 2987 1801 erat,
3024 1737 3087 1789 ut
3118 1749 3308 1790 rerum
3358 1733 3685 1804 ,venalium,

2045 1826 2094 1880 si
2129 1827 2341 1896 posset,
2369 1822 2669 1878 alleviaret
2699 1823 2975 1894 pretium,
3006 1827 3064 1879 et
3088 1821 3497 1879 humaniorem
3530 1839 3687 1880 com-

2046 1912 2278 1970 merciis
2309 1911 2595 1968 obtineret
2621 1910 3038 1968 conditionem.
3072 1910 3236 1968 Unde
3269 1911 3520 1984 populus
3549 1928 3689 1969 con-

2043 2006 2244 2058 tumax
2291 2005 2346 2057 et
2393 2001 2757 2068 calcitrosus,
2801 2006 3035 2072 sumpta
3085 2000 3390 2058 occasione
3441 2018 3510 2058 ex
3568 2004 3693 2072 ejus

2046 2090 2330 2159 absentia,
2360 2090 2533 2161 coepit
2578 2089 2833 2145 insanire
2881 2088 3320 2160 vehementius;
3362 2094 3420 2146 et
3457 2092 3690 2162 conglo-

2045 2179 2164 2236 bati
2197 2195 2458 2236 seorsum
2507 2179 2580 2235 ab
2610 2179 2864 2235 exercitu
2914 2180 3167 2249 eJusdem
3216 2178 3485 2236 factionis
3530 2196 3692 2237 com-

2046 2267 2248 2343 plices,
2280 2266 2450 2341 quasi
2498 2267 2567 2323 ad
2601 2266 2858 2339 peditum
2893 2270 3114 2339 septem
3164 2267 3367 2335 millia,
3399 2268 3694 2339 adjunctis

2047 2358 2157 2414 sibi
2191 2356 2494 2429 equitibus
2523 2356 2819 2426 trecentis,
2847 2356 3093 2413 aliorum
3126 2355 3506 2414 interdictum
3536 2358 3690 2413 auri-

2046 2446 2161 2504 bus
2192 2448 2389 2503 surdis
2422 2450 2765 2518 praeeuntes,
2789 2463 2991 2503 versus
3019 2447 3267 2503 Nicaeam
3288 2446 3569 2504 ordinatis
3601 2466 3695 2521 ag·

2047 2536 2310 2592 minibus
2332 2536 2570 2607 profecti
2594 2540 2752 2592 sunt.
2777 2535 2941 2593 Unde
2963 2535 3033 2592 de
3055 2536 3198 2593 locis
3221 2536 3506 2608 predicta
3533 2537 3697 2593 urbis

2047 2625 2455 2694 conterminis,
2485 2641 2688 2698 greges
2718 2632 2773 2682 et
2817 2630 3080 2682 armenta
3109 2627 3179 2682 sd
3231 2626 3552 2684 maximum
3586 2642 3695 2683 uu-

2047 2730 2276 2771 merum
2309 2714 2740 2783 contrahentes,
2765 2715 2825 2771 in
2859 2723 3049 2771 castra
3079 2718 3291 2772 reversi
3314 2721 3449 2772 sunt
3479 2714 3696 2772 incolu-

2049 2819 2196 2860 mes.
2229 2803 2403 2859 Porro
2432 2804 2697 2862 videntes
2726 2803 3033 2861 Teutonici
3058 2807 3117 2861 et
3155 2804 3314 2861 illius
3344 2804 3557 2878 linguae
3592 2804 3692 2862 ho-

2050 2894 2260 2959 mines,
2286 2892 2438 2964 quod
2465 2892 2686 2949 Latinis
2708 2893 2766 2948 in
2790 2909 2856 2950 eo
2878 2893 3108 2964 negotio
3133 2894 3203 2949 ad
3226 2895 3377 2966 quod
3408 2893 3691 2964 exierant,

2049 2998 2319 3055 prospere
2349 2987 2730 3054 successerat,
2765 2983 3102 3056 rapinarum
3150 3000 3345 3042 amore
3393 2993 3692 3057 concepto,

2050 3073 2333 3143 adjiciunt
2365 3077 2423 3128 et
2467 3073 2582 3145 ipsi
2621 3073 2814 3130 simile
2852 3073 3069 3147 aliquid
3120 3078 3422 3143 attentare,
3456 3077 3609 3131 unde
3639 3078 3697 3131 et

2053 3177 2264 3218 nomen
2298 3162 2623 3233 obtineant,
2653 3171 2703 3220 et
2734 3162 2886 3219 vires
2925 3164 3180 3221 inferant
3211 3163 3387 3221 rebus
3416 3163 3696 3221 domesti-

2051 3252 2156 3309 cis.
2190 3252 2446 3308 Tandem
2478 3268 2606 3309 vero
2636 3251 2885 3325 colligati
2918 3269 2986 3310 ex
3016 3252 3216 3310 eadem
3261 3253 3496 3310 natione
3524 3251 3692 3326 quasi

2051 3341 2123 3398 ad
2160 3340 2270 3396 tria
2301 3340 2486 3397 millia
2522 3357 2653 3397 cum
2688 3342 2957 3399 ducentis
3006 3343 3329 3414 equitibus,
3354 3357 3561 3399 versus
3589 3341 3697 3399 Ni-

2052 3444 2227 3485 caeam
2277 3429 2656 3489 contendunt.
2689 3431 2823 3486 Erat
2870 3435 3063 3487 autem
3113 3432 3172 3488 in
3223 3433 3423 3488 eadem
3462 3431 3700 3504 regione

2053 3518 2335 3590 oppidum
2353 3519 2424 3575 ad
2449 3519 2701 3575 radicem
2725 3520 2937 3575 montis
2967 3520 3168 3586 situm,
3192 3538 3223 3574 a
3243 3519 3429 3576 Nicaea
3449 3524 3702 3591 quatuor

2054 3607 2149 3664 vix
2179 3607 2519 3664 milliarium
2552 3609 2780 3666 distans
2810 3609 3021 3682 spatio,
3054 3611 3125 3665 ad
3156 3609 3314 3682 quod
3335 3612 3700 3678 accedentes,

2056 3697 2279 3768 impetu
2314 3698 2817 3754 vehementissimo
2848 3704 2906 3754 et
2937 3698 3073 3755 totis
3114 3699 3331 3755 viribus
3359 3702 3704 3771 oppugnant

2061 3786 2341 3857 undique;
2367 3785 2598 3853 et,licet
2612 3786 2932 3858 plurimum
2959 3786 3700 3860 resistentibusoppidanis.

2060 3878 2458 3948 expugnatum
2497 3880 2785 3948 occupant
2812 3875 3110 3946 violenter,
3140 3881 3199 3933 et
3246 3875 3488 3946 ibidem,
3520 3876 3704 3932 inter-

2059 3963 2274 4035 emptis
2342 3962 2766 4021 habitatoribus
2821 3968 2880 4021 et
2930 3966 3230 4038 occupatis
3301 3981 3432 4038 quoe
3503 3979 3703 4022 eorum

2060 4053 2289 4110 fuerant
2323 4054 2630 4124 universis,
2663 4055 2770 4112 loci
2823 4055 3158 4111 amoenitate
3207 4054 3377 4112 tracti
3426 4053 3603 4111 simul
3651 4058 3708 4110 et

2061 4143 2379 4215 opulentia,
2467 4148 2724 4199 castrum
2829 4145 3262 4215 communiunt,
3324 4150 3707 4217 proponentes

2065 4248 2247 4305 usque
2277 4233 2350 4290 ad
2371 4234 2683 4290 adventum
2715 4233 3044 4307 principum
3076 4233 3134 4289 in
3163 4233 3367 4292 eodem
3394 4233 3523 4290 loco
3548 4248 3705 4290 com-

2065 4340 2322 4382 manere.

2650 4432 2881 4490 CAPUT
2921 4431 3122 4490 XXIV.

301 4492 576 4562 rioribus,
608 4495 679 4552 ad
729 4511 867 4552 suos
913 4496 1100 4555 redire
1150 4501 1423 4573 proecepit
1472 4500 1808 4573 imperator.
1842 4503 1951 4560 Ubi
1983 4505 2029 4571 D
2060 4521 2411 4578 Sotimannus
2439 4522 2734 4578 rumorum
2776 4523 3026 4594 princeps
3054 4519 3374 4593 pradictum
3420 4526 3710 4590 recuperat

302 4597 438 4639 cum
484 4583 610 4640 dies
656 4581 901 4657 aliquot,
939 4585 1070 4656 ejus
1118 4592 1175 4644 et
1224 4587 1599 4658 victualibus,
1647 4595 1705 4647 et
1752 4593 1953 4663 requie

301 4671 661 4730 refocillatus
690 4678 842 4731 esset
870 4675 1161 4733 exercitus
1200 4681 1422 4750 paratis
1455 4680 1701 4737 navibus
1731 4698 1803 4737 ex
1829 4682 1949 4738 im-

303 4760 507 4833 periali
522 4763 817 4835 mandato,
835 4763 1079 4821 transito
1102 4764 1493 4839 Hellesponto,
1507 4769 1564 4826 in
1594 4769 1949 4841 Bithyniam,

303 4865 431 4921 quas
472 4852 688 4924 prima,
718 4853 790 4910 de
834 4855 1053 4912 Asiana
1099 4856 1356 4926 dioeoesi,
1405 4857 1701 4930 provincia
1747 4859 1951 4916 eodem

303 4941 451 4995 mari
482 4943 848 5014 terminatur,
873 4945 1339 5005 descenderunt:
1374 4950 1728 5024 demumque
1770 4954 1842 5008 ab
1874 4952 1953 5009 lo·

301 5051 433 5091 oum
482 5053 663 5109 supra
701 5038 855 5096 idem
906 5057 1065 5101 mare
1102 5044 1306 5113 situm,
1334 5045 1432 5102 cui
1481 5061 1692 5103 nomen
1724 5046 1949 5116 Civitot,

302 5126 725 5198 pervenientes,
757 5132 1152 5188 castrametati
1181 5139 1343 5191 sunt.

887 5228 1127 5288 CAPUT
1168 5233 1367 5291 Xthl.

302 5312 590 5396 Exercitus
609 5316 751 5398 ejus,
781 5332 843 5374 eo
868 5319 1116 5388 absente,
1146 5339 1181 5380 o
1207 5323 1413 5393 finibus
1463 5323 1698 5383 Nioaenis
1733 5323 1952 5395 praedas

355 5392 497 5454 aunt,
520 5393 567 5440 et
589 5391 754 5459 Juxta
787 5390 980 5448 urbem
1001 5392 1277 5452 Nicaenam
1304 5396 1565 5468 oppidum
1592 5402 1896 5467 expnqnat.

374 5473 512 5530 Erat
539 5482 736 5533 autem
766 5479 918 5536 idem
961 5480 1126 5540 locus
1152 5484 1212 5539 in
1263 5483 1525 5543 hostium
1558 5485 1808 5545 confinio
1840 5501 1954 5559 po-

304 5560 458 5620 situs
480 5580 495 5633 ;
521 5563 619 5622 ubi
639 5580 776 5622 cum
796 5566 859 5625 in
881 5566 1064 5630 multa
1091 5586 1288 5630 rerum
1308 5575 1607 5646 opulentia
1625 5575 1793 5649 quasi
1814 5574 1950 5634 duo·

2132 4592 2430 4675 oppidum:
2475 4600 2529 4649 st
2572 4599 2835 4666 quotquot
2884 4595 2944 4647 in
2989 4607 3051 4648 eo
3114 4591 3339 4666 reperit,
3384 4591 3572 4663 plodio
3619 4606 3711 4663 pe·

2133 4667 2304 4719 rimie.

2133 4769 2510 4827 Solimannus
2533 4786 2660 4827 vero
2682 4770 2842 4828 illius
2865 4769 3114 4843 regionis
3137 4771 3255 4825 dux
3273 4773 3330 4827 et
3352 4770 3710 4836 moderator,

2061 4859 2262 4915 audito
2275 4858 2445 4929 longe
2465 4864 2598 4917 aute
2609 4859 3069 4918 Christianorum
3085 4858 3418 4933 principum
3432 4857 3709 4928 adventu,

2060 4964 2126 5005 ex
2185 4948 2456 5005 universo
2509 4949 2742 5006 interim
2794 4948 3046 5006 Orientis
3093 4954 3305 5020 tractu,
3354 4951 3474 5003 tam
3539 4960 3709 5019 prece

2062 5054 2236 5112 quam
2288 5037 2492 5111 pretio,
2542 5043 2600 5095 et
2648 5039 2837 5096 modis
2885 5039 3101 5111 quibus
3152 5041 3402 5110 poterat.
3447 5034 3711 5091 infinitas

2058 5131 2310 5186 virorum
2343 5129 2577 5186 fortium
2610 5128 2892 5201 colligens
2936 5127 3152 5200 copias,
3184 5128 3255 5183 ad
3288 5125 3522 5184 easdem
3574 5141 3709 5197 par-

2061 5223 2147 5276 tes
2190 5218 2459 5287 redierat,
2492 5222 2557 5274 ut
2598 5224 2800 5275 contra
2829 5218 3067 5274 hostiles
3114 5217 3373 5290 impetus
3402 5213 3630 5271 civibus
3658 5221 3713 5271 et

2058 5307 2284 5379 regioni
2330 5313 2462 5378 opta
2495 5307 2811 5379 prebebret
2856 5305 3087 5364 solatia.
3130 5306 3240 5371 Qui
3272 5304 3521 5362 audiens
3553 5299 3708 5376 quod

2057 5395 2506 5454 Teutonicorum
2532 5395 2807 5468 praedicta
2837 5411 3048 5453 manus
3068 5396 3354 5469 oppidum
3382 5392 3513 5464 eJus
3533 5406 3714 5464 expu-

2057 5488 2315 5557 gnasset,
2337 5491 2394 5542 et
2420 5490 2812 5558 expugnatum
2839 5485 3094 5542 detinere
3126 5489 3527 5558 presumeret,
3559 5480 3704 5537 illuc

2057 5573 2168 5633 sub
2181 5573 2343 5635 omui
2354 5572 2646 5635 celeritate
2661 5574 2916 5648 festinat,
2928 5582 2985 5633 et
2996 5581 3251 5634 caurum
3272 5571 3575 5641 obsidens,
3590 5568 3715 5629 vio-
