3784 6000
168 319 289 384 781

721 324 928 388 mST.
977 326 1247 391 RERUM
1289 328 1843 395 TRANSMARIN.
1888 364 1967 377 —
2011 327 2162 392 LIB.
2208 327 2334 389 XX.
2379 323 2824 391 AMAmeUs
2870 325 3048 389 nux.-

3472 329 3593 391 782

171 470 340 512 more
380 455 672 527 serpentis
701 456 762 513 in
799 458 1043 529 gremio,
1077 464 1133 517 et
1177 462 1365 518 muris
1396 462 1454 520 in
1487 478 1647 537 pera,
1675 464 1832 524 male
1861 470 1916 540 Α
1946 479 2122 538 guore
2166 464 2487 535 correptus,
2527 463 2661 534 post
2696 458 2902 533 longas
2955 458 3218 534 corporis
3265 460 3589 529 molestiae.

171 542 576 599 remuneravit
625 543 881 617 hospites
944 562 1104 614 suos,
1155 563 1352 606 verum
1410 565 1536 608 esse
1594 552 1836 623 docens,
1947 554 2008 611 iu
2055 553 2248 627 primo
2298 551 2642 625 gratissimas
2695 549 3023 621 iuventutis
3071 548 3213 609 ssore
3257 567 3394 610 cum
3442 551 3596 611 mul·

175 633 337 704 quod
367 651 401 689 a
431 632 670 691 Marone
699 636 915 693 dictum
950 636 1139 695 tuerat
1169 654 1184 694 ε

521 725 704 779 Timeo
737 726 954 781 Danaos
984 732 1035 783 et
1066 725 1211 783 dona
1237 730 1497 797 ferentes.

180 812 288 868 Cui
321 812 597 870 dominns
631 829 726 869 rex
746 815 940 871 statim
976 821 1111 888 post
1142 818 1387 874 reditum
1423 837 1598 878 suum
1633 821 1835 879 urbem

180 900 346 957 dedit
393 901 844 973 Berythensem3
880 903 950 959 ad
983 920 1161 975 quam
1205 907 1389 977 gratia
1427 909 1662 966 videndi
1692 911 1839 966 civi-

180 992 341 1058 tatis,
376 991 517 1047 dum
552 993 847 1048 dominam
885 993 1280 1064 Theodoram,
1313 996 1536 1053 domini
1566 998 1835 1056 Balduini

184 1079 344 1152 regis
375 1080 632 1149 viduam,
653 1097 779 1153 quae
814 1082 1018 1139 urbem
1041 1088 1436 1141 Acconensem
1472 1088 1710 1144 nomine
1738 1089 1835 1145 do·

179 1168 440 1225 nationis
473 1177 710 1241 propter
738 1171 977 1244 nuptias
1004 1172 1363 1245 possidebat,
1383 1176 1611 1248 nepotis
1642 1177 1730 1234 sui
1760 1178 1836 1233 ti·-

175 1256 343 1326 liam,
369 1260 521 1329 apud
559 1276 734 1331 quem
758 1260 859 1315 diu
900 1261 1088 1317 suerat
1128 1262 1478 1336 hospitatus,
1508 1265 1834 1335 invitasset,

177 1345 604 1416 fraudulenter,
640 1353 703 1404 ut
738 1349 971 1418 dicitur,
996 1349 1251 1418 abduxit,
1277 1356 1333 1408 et
1373 1353 1431 1409 in
1455 1357 1667 1411 terram
1689 1355 1834 1411 hos-

173 1436 354 1504 tium,
383 1437 726 1494 Damascum
752 1438 940 1510 prius,
964 1439 1173 1497 deinde
1195 1440 1257 1499 in
1278 1443 1832 1515 Persidem,t'avente

177 1524 501 1596 Noradino,
536 1528 875 1585 transvexit.

817 1617 1047 1676 CAPUT
1087 1619 1188 1675 111.

181 1708 527 1765 Petracensc's
556 1706 802 1765 Ecclesia
820 1713 870 1765 et
896 1711 1246 1778 Ebronensi3‚
1277 1715 1540 1785 episcopis
1563 1715 1708 1772 dotis
1737 1731 1832 1773 or-

258 1779 547 1836 dinantur.
572 1781 877 1853 Stephanus
921 1786 1062 1854 repis
1112 1784 1318 1842 Siciliae
1355 1788 1737 1857 cancellarius,
1781 1791 1834 1844 et

257 1851 674 1908 Panormitanae
705 1854 961 1910 Ecclesiae
992 1856 1215 1923 electus,
1249 1858 1307 1912 in
1357 1858 1581 1931 Syrium
1611 1862 1832 1915 descen·
1866 1860 1914 1925 Β

260 1922 642 2064 plumbeorum
671 1926 1026 1982 Nevernense's
1076 1927 1378 1984 Willolmm
1422 1929 1568 2001 apud
1607 1947 1702 1985 nos
1742 1932 1834 1986 ‹ic-

289 2011 424 2064 unqz
458 2011 542 2051 ur.

262 2082 477 2139 Eodem
500 2100 652 2141 anno
675 2085 821 2142 nihil
844 2102 988 2158 pene
1008 2088 1288 2145 memoria
1309 2090 1554 2163 dignum
1577 2090 1637 2148 in
1659 2107 1836 2166 regno

187 2170 425 2241 accidit,
449 2171 559 2229 nisi
581 2173 737 2245 quod
759 2173 913 2231 circa
935 2177 1434 2249 quadragesimale
1452 2184 1683 2252 tempus
1706 2180 1834 2236 duae

187 2260 458 2317 Ecclesiae
508 2262 569 2319 in
621 2278 821 2335 regno,
872 2265 1162 2337 susceptis
1221 2266 1527 2338 episcopiS,
1558 2268 1835 2325 ordinatas

188 2354 332 2407 sunt
360 2368 374 2408 ε
425 2367 676 2424 quarum
723 2352 908 2411 altera
955 2355 1027 2410 ab
1074 2355 1346 2428 ingressu
1395 2358 1733 2414 Latinorum
1778 2359 1837 2414 in

191 2446 405 2496 terram
438 2441 865 2512 promissioniS,
898 2444 1172 2499 Latinum
1208 2462 1324 2502 non
1365 2445 1653 2504 habuerat
1690 2463 1840 2518 pon·

190 2528 436 2599 titicem,
466 2529 736 2586 videlicet
765 2530 1147 2600 Petracensis,
1181 2551 1308 2605 quoe
1342 2534 1492 2591 ultra
1529 2536 1841 2594 Jordauem

193 2618 255 2674 in
281 2616 499 2675 finibus
520 2620 688 2675 Moab
715 2621 828 2677 sita
848 2625 954 2688 est,
990 2626 1261 2680 secundae
1289 2625 1515 2681 Arabiae
1549 2629 1844 2697 metropo-

193 2705 308 2773 lis;
352 2706 532 2764 altera
569 2724 725 2775 ver0,
775 2708 1124 2767 Ebronensis
1172 2712 1460 2781 videlicet,
1497 2719 1562 2770 ut
1610 2714 1841 2781 dicitur,

196 2811 504 2867 nunquam
527 2815 543 2865 ;
565 2799 664 2853 sed
688 2803 949 2870 tempore
976 2800 1299 2857 Graecorum
1325 2803 1614 2873 prioratus
1635 2803 1841 2872 suerat,

199 2884 355 2940 sicut
376 2891 433 2940 et
453 2884 932 2943 Bethlehemitica
965 2890 1143 2945 fnisse
1172 2890 1536 2960 dignoscitur
1568 2890 1841 2947 Ecclesia.

200 2974 314 3032 Sed
335 2975 812 3035 Bethlehemitica
827 2981 898 3034 ob
914 2979 1226 3036 nativitatis
1243 2981 1553 3038 Dominicis
1583 2998 1844 3040 reveren-

200 3065 347 3121 tiam
372 3067 534 3139 prius
565 3068 798 3138 meruit,
823 3070 1024 3125 statim
1050 3074 1178 3140 post
1208 3076 1424 3127 sanctoe
1454 3077 1512 3127 et
1538 3071 1654 3127 Deo
1682 3088 1841 3128 ama-

205 3152 603 3212 biliscivitatis
619 3156 1048 3227 liberationem,
1067 3164 1326 3231 tempore
1342 3160 1561 3216 domini
1577 3159 1842 3225 Balduini

1947 643 2025 700 tis
2047 642 2312 700 omnium
2336 639 2610 712 suspiriis
2631 642 2688 696 et
2707 638 2927 712 gemitu
2949 638 3131 697 vitam
3148 639 3355 699 finivit.

2586 764 2824 822 CAPUT
2852 767 2947 823 IV.

1948 876 2313 947 Imperatoris
2354 874 2524 944 teqati
2563 871 2635 929 ad
2677 888 2861 943 reyem
2912 872 3195 939 accedunt,
3231 880 3391 945 paceo
3428 887 3595 948 ραι-

2020 951 2147 1006 dom
2178 966 2211 1004 a
2244 947 2465 1003 domino
2499 960 2625 1015 reae
2664 944 3018 1025 postulantes.
3067 943 3312 1001 Mittitur
3343 947 3594 1019 Tyn-enm

2019 1020 2457 1147 archiittkaconus,
2489 1021 2543 1073 et
2570 1024 2731 1089 pacta
2768 1020 3052 1088 propostta
3095 1031 3218 1072 cum
3259 1017 3593 1089 imperatore

2015 1109 2166 1163 comp
2193 1108 2220 1146 e
2251 1133 2263 1143 .

2017 1200 2230 1255 Eadem
2270 1201 2490 1266 aestate,
2526 1210 2723 1252 comes
2781 1193 3105 1250 Alexandro
3132 1194 3205 1250 de
3233 1194 3505 1268 Gravius,
3532 1198 3595 1254 et

1945 1290 2186 1363 quidam
2224 1287 2470 1346 Michael
2510 1286 2928 1356 Hydrontinus,
2966 1283 3189 1340 domini
3235 1283 3598 1357 imperatoris

1943 1376 2567 1449 constantinopolitani
2606 1373 2926 1432 familiares
2955 1376 3013 1430 et
3049 1371 3249 1448 legati,
3297 1375 3371 1432 ad
3403 1375 3595 1434 domi-

1943 1485 2081 1527 num
2105 1484 2294 1539 regem
2332 1466 2521 1535 missi,
2553 1466 2770 1538 Tyrum
2817 1461 3237 1537 pervenientes,
3286 1463 3596 1525 dominum

1941 1573 2162 1630 regem,
2187 1554 2464 1612 adhibitis
2486 1570 2632 1628 quos
2655 1569 2755 1611 rex
2791 1553 2860 1609 de
2876 1552 3004 1610 suis
3047 1552 3243 1610 verbis
3282 1554 3595 1629 participes

1938 1646 2126 1703 voluit
2146 1644 2297 1715 fieri,
2318 1643 2596 1701 secretius
2617 1643 2991 1713 conveniunt,
3023 1643 3127 1700 viae
3171 1657 3382 1701 causas
3419 1658 3599 1719 expo-

1941 1738 2110 1798 nunt,
2135 1738 2193 1790 et
2211 1748 2392 1806 super
2411 1731 2500 1788 his
2521 1730 2797 1788 omnibus
2817 1732 3037 1804 scripta
3074 1730 3379 1804 porrigunt
3405 1729 3598 1805 impe-

1945 1823 2130 1879 rialia.
2173 1823 2417 1879 Summa
2446 1825 2642 1878 autem
2676 1820 2982 1894 legationis
3012 1821 3134 1877 haec
3155 1824 3277 1878 erat
3306 1819 3598 1878 :Senserat

1944 1912 2203 1970 dominus
2226 1913 2546 1983 imperator,
2569 1911 2714 1981 quod
2731 1910 2958 1981 AE'qypti
2991 1924 3238 1981 regnum,
3266 1911 3457 1981 potens
3489 1907 3599 1964 ed-

1941 2001 2169 2058 modum
2190 2001 2474 2065 huctenm,
2496 2003 2547 2055 et
2567 1999 2886 2071 opulentum
2919 1998 3099 2063 valde,
3121 1999 3184 2053 in
3228 2012 3429 2053 manus
3464 2011 3596 2069 per-

1940 2094 2164 2149 venerat
2193 2088 2461 2146 debilium
2498 2098 2552 2145 ee
2595 2089 3041 2160 effeminatorum
3063 2102 3086 2150 ‚·
3127 2093 3180 2142 et
3222 2084 3365 2160 quod
3403 2084 3596 2158 finiti-

1943 2185 2049 2239 mis
2073 2181 2292 2253 populis
2330 2181 2391 2235 in
2429 2180 2693 2235 notitiam
2731 2181 2973 2239 venerat,
3017 2184 3131 2233 tom
3165 2175 3380 2232 domini
3433 2191 3600 2247 quam

1942 2271 2263 2344 principum
2290 2283 2515 2324 suorum
2562 2266 2905 2339 impotentia.
2941 2265 3246 2336 infirmitas
3281 2267 3333 2321 et
3374 2263 3598 2336 insuffi-

1943 2360 2173 2417 cientia.
2210 2359 2357 2417 Unde
2384 2356 2517 2431 quio
2544 2372 2655 2413 non
2684 2355 2972 2412 videbatur
2999 2353 3141 2426 quod
3176 2357 3355 2427 posset
3393 2353 3493 2410 diu
3536 2353 3601 2412 in

1946 2456 2095 2507 stom
2124 2465 2178 2505 se
2202 2449 2527 2505 contimmre
2555 2445 2847 2518 praesenei,
2879 2445 3015 2516 quin
3052 2444 3125 2500 ad
3160 2447 3341 2516 pentes
3383 2443 3601 2500 alienus

1947 2541 2065 2610 ejus
2085 2537 2397 2593 dominium
2416 2544 2470 2591 et
2500 2534 2849 2591 moderamen
2885 2534 3151 2605 oporteret
3178 2532 3437 2601 transire,
3470 2546 3602 2588 con-

1948 2627 2089 2700 cepit
2109 2625 2255 2699 apud
2273 2640 2349 2695 se,
2385 2623 2526 2696 quod
2559 2624 2775 2679 auxilio
2808 2621 3019 2678 domim·
3051 2622 3197 2691 reaia
3231 2620 3398 2691 facile
3426 2622 3601 2693 posset

1950 2718 2094 2772 illud
2126 2716 2191 2772 in
2225 2731 2386 2771 suam
2414 2712 2874 2785 jurisdictionem
2916 2712 3172 2776 recipere.
3211 2707 3376 2766 Unde
3425 2723 3600 2780 snper

1951 2806 2057 2862 hoc
2098 2803 2397 2876 praedictos
2445 2801 2677 2858 miserat
2714 2800 2957 2872 legatos.
2999 2801 3149 2855 Sunt
3202 2796 3459 2856 nonnulli
3494 2796 3600 2869 qui

1952 2896 2175 2960 dicunt,
2207 2892 2362 2965 quod
2391 2908 2567 2964 super
2596 2890 2799 2947 eodem
2832 2891 2982 2945 facto
3014 2889 3178 2961 prius
3217 2887 3406 2944 fuerat
3438 2904 3473 2944 a
3495 2887 3602 2943 do·

1953 2987 2113 3042 mino
2137 3000 2267 3056 rege
2289 2999 2387 3054 per
2411 2982 2647 3038 nuntios
2669 2985 2724 3037 et
2765 2981 3094 3052 frequentes
3130 2977 3402 3052 epistolas
3439 2974 3601 3034 solli·

1954 3077 2187 3142 citatus,
2212 3074 2364 3145 quod
2382 3070 2756 3128 verisimilius
2776 3076 2885 3140 est,
2907 3073 2973 3125 ut
2997 3068 3350 3125 militaribus
3394 3066 3600 3139 copiis,

1955 3165 2140 3221 classe
2161 3161 2765 3234 quoqucetimpeueis
2788 3174 2922 3215 eum
2957 3160 3209 3230 juvaret,
3251 3161 3434 3213 certas
3475 3170 3604 3229 par-

198 3244 354 3316 regis
379 3244 573 3314 primi,
596 3246 914 3302 cathedrali
937 3247 1195 3319 gaudere
1235 3252 1631 3321 praerogativa.
1661 3251 1839 3308 Ebro·
1870 3244 1914 3312 C
1953 3259 2186 3311 testum
2207 3251 2367 3323 regui
2386 3256 2508 3306 tum
2529 3249 2941 3305 manubiarum
2957 3247 3060 3305 sub
3086 3244 3445 3319 interpositis
3468 3260 3605 3301 oon·

197 3333 399 3390 nensis
433 3349 669 3406 quoque
700 3335 909 3391 intuitu
947 3353 1245 3393 servorum
1287 3339 1403 3407 Dei,
1442 3356 1687 3409 quorum
1727 3355 1842 3396 me-

197 3424 378 3480 moria
437 3424 498 3479 in
562 3425 963 3483 benedictione
1028 3436 1137 3495 est,
1217 3428 1509 3485 Abraham
1561 3430 1844 3498 videlicet,

201 3515 364 3570 Isaac
384 3520 439 3569 et
466 3511 669 3584 Jacob,
701 3514 902 3571 eadem
937 3519 1074 3572 tunc
1109 3517 1387 3589 dignitate
1425 3518 1678 3590 primum
1721 3535 1847 3576 me·

198 3603 318 3660 ruit
345 3601 637 3673 insigniri.
672 3602 988 3661 Praeiicitur
1018 3620 1153 3677 ergo
1202 3605 1526 3663 Petracensi
1561 3606 1850 3679 Ecclesiae,

199 3694 261 3748 et
309 3692 579 3749 secundas
628 3692 849 3747 Arabiae
900 3694 1383 3766 metropolitanus
1441 3695 1697 3751 efficitur
1739 3697 1842 3752 do-

203 3780 403 3837 minus
442 3780 770 3848 GuerricuS‚
822 3784 1138 3839 canonicus
1186 3784 1471 3855 regularis
1518 3785 1578 3841 in
1630 3786 1849 3858 templo

207 3868 824 3938 Domini3Ebronensi
855 3888 1011 3941 vero,
1052 3873 1326 3930 dominus
1370 3874 1705 3942 Rainaldus,
1745 3877 1850 3933 do·

210 3959 355 4016 mini
378 3958 665 4017 Fulcherii
685 3960 792 4033 pize
817 3963 1234 4019 recordationis
1267 3963 1611 4034 patriarchas
1648 3979 1851 4035 nepos.

208 4048 427 4105 AEstate
456 4049 633 4120 igitur
662 4056 964 4123 sequente,
1011 4051 1097 4107 vir
1145 4052 1357 4107 nobilis
1407 4052 1679 4108 dominus
1727 4056 1853 4108 Ste-

207 4137 462 4210 phanus,
495 4138 718 4194 domini
751 4139 902 4211 regis
938 4139 1145 4195 Siciiim
1197 4140 1602 4207 cancellarius,
1647 4145 1706 4197 et
1753 4141 1856 4198 Pa-

210 4227 552 4284 normitanae
581 4227 797 4284 electus
827 4229 1120 4299 Ecclesiae,
1162 4228 1500 4287 adolescens
1544 4230 1707 4288 bonae
1755 4230 1855 4287 in-

210 4316 384 4385 dolis,
407 4322 466 4373 et
485 4318 752 4389 egregius
776 4319 987 4387 forma,
1010 4319 1234 4376 domini
1271 4319 1500 4376 Rotoldi
1534 4319 1761 4376 comitis
1789 4322 1859 4377 de

209 4408 412 4463 Porcio
445 4405 639 4474 frater,
686 4407 1051 4479 agitantibus
1101 4426 1235 4466 eum
1288 4414 1343 4466 ct
1391 4409 1674 4467 adversus
1721 4426 1859 4466 eum

212 4495 565 4568 conspiratis
598 4497 849 4566 regionis
881 4497 1034 4554 illius
1063 4497 1451 4570 principibus,
1502 4499 1683 4557 invito
1731 4514 1862 4571 rege

1956 3342 2281 3399 ditionibus
2311 3344 2667 3412 recepturus.
2702 3342 2823 3394 Hac
2850 3353 2998 3410 ¹ergo
3046 3337 3250 3409 gratia,
3302 3332 3606 3392 memorati

1958 3431 2138 3504 legati
2162 3446 2352 3501 regem
2377 3431 2678 3495 adeuntes,
2721 3427 2970 3482 firmatis
3016 3424 3500 3482 conventionibus
3535 3420 3604 3477 ad

1959 3520 2228 3592 placitam
2271 3517 2545 3588 utrinque
2596 3514 3057 3581 consonantiam,
3099 3514 3408 3584 adiunctus
3471 3526 3607 3568 sum

1958 3626 2064 3681 ego
2086 3622 2277 3665 comes
2295 3606 2366 3663 de
2386 3604 2542 3678 regio
2566 3605 2864 3675 mandato,
2906 3606 2969 3659 nt
3004 3605 3154 3674 regis
3188 3604 3247 3658 et
3284 3598 3449 3673 regni
3476 3598 3608 3655 uni·

1962 3699 2112 3756 versi
2154 3697 2485 3764 consilium,
2529 3709 2659 3750 cum
2699 3708 2899 3751 eorum
2938 3691 3147 3748 litteris
3184 3690 3255 3748 ad
3303 3687 3609 3746 dominum

1963 3789 2398 3861 imperatorem,
2421 3798 2740 3856 properans
2752 3781 3031 3837 deferrem
3053 3797 3067 3849 ;
3091 3783 3149 3835 et
3167 3777 3351 3852 pactis
3377 3775 3610 3847 mediis,

1964 3877 2135 3949 quale
2157 3894 2190 3932 a
2213 3891 2305 3932 me
2327 3874 2673 3947 exigeretur,
2697 3872 2807 3927 sub
2829 3873 2982 3927 certa
3019 3874 3215 3925 tamen
3262 3867 3472 3937 torma,
3514 3881 3614 3923 ro·

1964 3967 2073 4024 bur
2130 3960 2862 4037 imponerem.Assumptis
2895 3958 3073 4032 igitur
3105 3956 3358 4031 proet'atis
3390 3953 3616 4013 domini

1966 4054 2339 4127 imperatoris
2371 4049 2785 4124 apocrisiariis,
2817 4049 2919 4120 qui
2948 4047 3102 4122 apud
3122 4045 3424 4118 Tripolim,
3446 4050 3508 4101 ut
3534 4042 3619 4101 eis

1968 4161 2064 4200 rex
2094 4142 2301 4198 litteris
2325 4140 2450 4197 suis
2481 4140 2826 4210 signaverat,
2878 4142 3139 4194 nostrum
3199 4133 3620 4208 priestolaban·

1968 4238 2062 4289 tur
2089 4233 2430 4297 adventum,
2465 4228 2539 4284 ad
2570 4226 2773 4284 urbem
2820 4225 3034 4300 regiam
3090 4223 3328 4299 profecti
3388 4237 3616 4281 sumus.

1970 4321 2345 4379 Detinebatur
2365 4334 2535 4391 porro
2560 4333 2627 4374 eo
2647 4317 2924 4389 temporis
2945 4314 3190 4373 articulo
3225 4312 3621 4388 imperatorin

1971 4411 2165 4468 Servia
2181 4426 2306 4483 quas
2328 4408 2484 4482 regio
2507 4414 2771 4465 montosa
2789 4413 2844 4464 et
2864 4405 3202 4463 nemoribus
3230 4403 3436 4471 obsita,
3464 4400 3623 4460 dim·

1970 4501 2112 4560 ciles
2132 4500 2358 4557 hahens
2379 4498 2596 4565 aditus,
2618 4497 2769 4553 inter
2794 4495 3134 4552 Dalmatiam
3159 4498 3217 4551 et
3266 4488 3623 4563 Hungariam

215 4599 418 4658 9⁰0¹‘02
454 4593 510 4642 0²
547 4590 732 4643 matffl
770 4588 899 4658 05⁰⁵
924 4588 1090 4642 “mili
1132 4604 1247 4644 ¹²⁰⁰
1292 4588 1538 4655 'alente’
1561 4603 1741 4660 regno
1763 4605 1870 4645 ⁶¹·-
1899 4586 1946 4653 D
1977 4589 2341 4662 etlllyricum
2359 4586 2737 4657 mediajacet,
2756 4582 3163 4641 rebellantibus
3188 4578 3476 4638 Serviiset
3491 4593 3627 4634 con-

214 4675 446 4748 pulsus,
487 4691 619 4732 cum
662 4677 866 4747 paucis
907 4677 1004 4733 vix
1036 4694 1232 4734 eorum
1274 4678 1458 4734 evasit
1508 4677 1777 4747 insidias,
1813 4682 1871 4734 et

214 4765 286 4822 ad
311 4782 417 4822 nos
451 4766 683 4838 navigio
723 4768 1017 4839 perveni13
1060 4768 1160 4839 qui
1201 4783 1314 4824 non
1356 4767 1611 4824 multum
1653 4774 1870 4840 postea,

215 4854 412 4911 valida
433 4863 734 4925 correptus
758 4858 1122 4929 aegritudine,
1145 4863 1411 4913 mortuus
1443 4864 1554 4925 est,
1577 4863 1634 4914 et
1676 4859 1874 4914 fliero-

218 4942 462 5015 solymis
482 4943 539 4999 in
560 4946 756 5014 templi
782 4945 1009 5002 Domini
1032 4946 1289 5016 capitulo
1343 4946 1660 5004 honorilice
1686 4947 1877 5019 sepul-

217 5038 315 5089 tus
341 5038 447 5090 est.
474 5034 580 5090 Per
602 5035 753 5091 idem
780 5054 1011 5108 quoquo
1051 5043 1306 5109 tempus,
1338 5038 1613 5095 dominus
1655 5036 1876 5093 Willel·

219 5140 350 5180 mus
379 5124 762 5183 Nevernensis
806 5143 1025 5196 comes,
1058 5144 1308 5199 magnus
1341 5128 1627 5197 princepe,
1662 5126 1874 5183 nobilis

218 5216 278 5269 et
298 5219 524 5285 potens,
549 5214 620 5270 de
642 5231 820 5287 regno
845 5216 1218 5286 Francorum,
1261 5231 1396 5271 cum
1437 5216 1680 5272 honesta
1718 5215 1877 5272 mili-

218 5302 300 5358 tia
320 5301 778 5373 Hierosolymam
804 5307 981 5375 venit,
1005 5306 1370 5378 propositum
1395 5304 1635 5373 habens,
1659 5304 1718 5361 in
1754 5322 1875 5363 ser-

215 5391 358 5449 vitio
380 5391 841 5451 Christianitatis
862 5401 1065 5452 contra
1089 5396 1289 5452 hostes
1315 5394 1449 5450 fidei
1484 5398 1715 5463 nostrae,
1749 5394 1876 5453 suis

217 5480 490 5554 expensis
534 5481 822 5554 militare;
847 5485 946 5542 sed
990 5485 1119 5557 ejus
1162 5485 1259 5557 pia
1281 5488 1338 5541 et
1377 5484 1620 5540 honesta
1661 5483 1876 5558 studia,

221 5586 381 5628 mors
401 5569 739 5642 immatura,
763 5572 1035 5633 felicibus
1055 5574 1184 5647 ejus
1201 5573 1470 5632 invidens
1494 5572 1746 5646 actibus,
1768 5573 1878 5631 mi.

224 5659 563 5722 serahiliter
581 5663 903 5739 praevenit3
946 5679 1086 5724 nam
1126 5664 1323 5724 subito
1346 5667 1405 5724 ot
1437 5663 1717 5723 diuturno
1755 5662 1880 5743 lanf

1984 4679 2297 4737 fidentibus
2320 4679 2392 4734 de
2412 4677 2755 4733 introituum
2778 4675 2849 4731 ad
2871 4672 3230 4746 eeangustiis
3258 4670 3401 4727 etde
3420 4669 3631 4740 imper-

1982 4771 2073 4825 via
2097 4784 2296 4825 eornm
2324 4766 2576 4839 regione.
2600 4764 2828 4820 Habent
2846 4766 3079 4820 vetustae
3102 4761 3444 4818 traditiones
3470 4756 3629 4813 bunc

1983 4873 2219 4914 omnem
2243 4857 2549 4927 populum,
2572 4869 2641 4909 ex
2660 4853 2976 4925 deportatis
2999 4856 3057 4906 et
3076 4849 3371 4922 deputatis
3408 4845 3630 4915 exsilio,

1985 4948 2086 5020 qui
2112 4948 2169 5003 in
2195 4945 2456 5017 partibus
2478 4944 2596 5000 illis
2619 4944 2688 4999 ad
2710 4942 2962 4998 secanda
2980 4956 3271 4998 marmora
3287 4943 3347 4995 et
3364 4937 3633 4995 effodien-

1989 5039 2066 5094 da
2090 5035 2328 5091 metalla
2357 5035 2618 5090 damnati
2649 5034 2899 5097 fuerant,
2928 5031 3212 5102 originem
3244 5026 3541 5094 habuisse,
3576 5027 3637 5082 et

1988 5128 2123 5182 inde
2167 5125 2343 5180 etiam
2386 5137 2598 5178 nomen
2642 5120 2887 5176 traxisse
2933 5118 3243 5176 servitutis.
3291 5118 3392 5173 Est
3436 5121 3634 5172 autem

1991 5215 2247 5289 populns
2277 5211 2562 5278 incultus,
2610 5210 2831 5282 absque
2878 5207 3204 5282 disciplina,
3255 5209 3539 5263 montium
3582 5210 3639 5260 et

1990 5305 2268 5361 silvarum
2305 5301 2610 5367 habitator,
2642 5297 3014 5371 agricultum
3042 5300 3317 5370 ignarus:
3364 5291 3640 5368 gregibus

1991 5400 2051 5452 et
2081 5390 2363 5449 armentis
2394 5389 2634 5462 copiosi,
2665 5389 2837 5459 lacte,
2867 5404 3055 5459 caseo,
3087 5389 3318 5458 butyro,
3343 5384 3642 5455 carnibus,

1987 5483 2158 5543 melle
2189 5485 2246 5538 et
2275 5495 2410 5537 cera
2438 5478 2676 5536 uberius
2720 5478 3110 5535 abundantes.
3155 5477 3224 5532 Hi
3267 5474 3645 5548 magistratus

1988 5574 2231 5642 hahent,
2251 5585 2401 5644 quos
2415 5582 2718 5643 suppanos
2731 5576 2967 5639 vocan13
2986 5565 3293 5626 etdomino
3307 5562 3647 5641 imperatori

1990 5660 2309 5739 aliquando
2338 5656 2637 5729 serviunt3
2662 5654 2981 5730 aliquando
3002 5656 3074 5717 de
3094 5654 3397 5716 montibus
3416 5655 3476 5713 et
3492 5649 3646 5711 silvi·
