3784 6000
1051 221 1252 285 HIST.
1299 221 1577 285 RERUM
1618 221 2153 287 TRANSMARIN.
2200 256 2279 271 -
2317 225 2470 289 ΠΒ.
2517 226 2653 289 vn.

130 360 607 420 detrectaverant
634 373 650 414 ε
683 360 746 415 at
772 370 929 413 nunc
957 353 1167 412 iterata
1195 356 1495 413 vocatione
1525 371 1793 413 commo-
1821 363 1875 429 Α
1906 358 2101 415 t'ratris
2130 359 2452 428 descendit,
2491 360 2551 416 in
2601 360 2822 419 tinibus
2875 361 3206 430 Turbessel,
3238 364 3425 422 Hatab
3489 373 3550 426 et

129 451 271 523 niti,
298 450 570 508 videntes
598 448 755 521 quod
786 462 904 503 non
925 448 1162 517 possent
1184 461 1318 501 cum
1353 461 1463 503 sua
1492 445 1794 504 honestate

129 542 308 599 ducis
335 554 536 614 preces
577 553 695 595 uon
744 535 1070 604 admittere,
1103 536 1435 593 convocatis
1480 536 1664 607 copiis
1688 538 1793 593 do·

128 632 369 689 minum
400 630 611 686 ducem
643 625 845 693 secuti,
868 625 998 697 ejus
1045 640 1109 681 se
1155 624 1503 698 expeditioni
1535 626 1792 682 sociave-

129 724 293 778 runt.
326 718 442 785 Qui
475 724 784 789 postquam
837 718 1225 772 convenerant
1270 714 1621 785 adinvicem,
1655 714 1791 772 iacti

132 816 270 866 sunt
298 823 514 866 omnes
544 805 715 880 quasi
743 805 818 862 ad
873 804 1117 875 triginta
1154 803 1335 861 millia
1367 808 1785 877 pugnatorum.

130 898 423 956 Rodahan
455 913 611 962 vero,
643 895 780 952 licet
807 895 1131 951 Turcorum
1154 894 1544 966 quadraginta
1574 893 1794 954 dicere-

130 993 226 1046 tur
254 989 477 1046 habere
529 985 737 1054 millia,
768 990 964 1042 tamen
1023 983 1296 1040 diflidens
1356 984 1428 1039 de
1456 983 1699 1052 viribus,
1728 990 1788 1043 et

125 1083 472 1137 nostrorum
504 1078 721 1134 timens
753 1077 1092 1145 adventum,
1123 1091 1266 1147 quos
1291 1076 1351 1130 in
1383 1075 1644 1148 proximo
1677 1076 1781 1133 ad-

131 1168 369 1225 futuras
395 1183 499 1239 per
527 1182 669 1224 suos
699 1172 932 1223 noverat
965 1163 1379 1236 exploratores,
1400 1162 1590 1221 soluta
1613 1179 1788 1237 expe-

135 1256 380 1325 ditione,
413 1271 682 1314 reversus
710 1261 799 1312 est
828 1253 1152 1326 Halapiam.
1176 1253 1321 1310 Dum
1344 1260 1536 1309 autem
1558 1260 1787 1311 nostro-

128 1360 261 1403 rnm
323 1346 611 1403 exercitus
675 1345 824 1418 iuges
873 1342 1150 1400 Rodohan
1200 1342 1465 1416 ignarus,
1532 1351 1785 1415 coeptum

129 1435 326 1493 adhuc
345 1434 836 1506 continuantiter,
853 1433 1140 1507 multique
1155 1433 1227 1489 ab
1243 1432 1552 1489 Antiochia
1569 1434 1789 1491 utrius-

128 1541 241 1598 que
271 1525 501 1583 ordinis
544 1525 649 1583 viri
698 1526 776 1604 de
825 1530 1048 1583 remoto
1104 1529 1509 1597 sequerentur,
1532 1528 1597 1582 ut
1643 1543 1784 1598 pro-

126 1614 537 1671 ficiscentibus
561 1630 625 1672 se
653 1614 1011 1672 associarent
1059 1614 1406 1686 legionibus,
1437 1614 1496 1670 in
1529 1616 1781 1687 quadam

127 1702 957 1775 hostium,quasillistudiose
977 1703 1423 1776 praetenderant,
1448 1719 1562 1759 nou
1586 1703 1776 1776 pauci,
1811 1742 1859 1809 B

126 1807 271 1850 caen
301 1791 729 1848 descenderunt
752 1790 1020 1854 insidias,
1051 1790 1227 1864 longe
1257 1808 1291 1847 a
1320 1790 1687 1863 praecedenti,
1717 1794 1781 1848 ut

123 1880 414 1949 diximus,
447 1881 679 1955 agmine
700 1881 989 1955 separati:
1024 1898 1171 1954 quos
1202 1880 1373 1954 longe
1402 1884 1460 1938 et
1488 1881 1781 1938 industria

123 1973 180 2026 et
206 1970 443 2027 viribus
470 1968 722 2042 impares
777 1973 1191 2042 exsuperantes
1245 1970 1439 2039 Turci,
1478 1969 1782 2043 captivatis

121 2057 457 2124 nonnullis,
489 2058 773 2130 plurimos
803 2074 872 2115 ex
913 2060 999 2115 eis
1040 2059 1394 2116 occiderunt.
1427 2060 1590 2123 Quod
1624 2067 1778 2131 post-

124 2162 310 2220 quam
332 2147 472 2204 duci
491 2148 825 2220 caterisque
846 2148 1209 2220 principibus
1225 2147 1495 2217 innotuit,
1526 2165 1560 2205 a
1589 2152 1777 2221 coepto

122 2235 488 2293 desistentes
516 2236 743 2303 itinere,
777 2238 1076 2310 predictos
1124 2236 1526 2294 malefactores
1566 2237 1777 2294 unani-

123 2324 302 2383 miter
326 2326 595 2393 insecuti,
627 2330 942 2399 antequam
972 2327 1032 2382 in
1064 2341 1201 2382 suos
1231 2342 1295 2383 se
1325 2330 1561 2398 possent
1587 2342 1776 2384 seces-

121 2430 230 2472 sus
263 2416 541 2487 recipere,
556 2419 614 2471 et
632 2414 802 2473 solita
835 2415 1086 2488 reperire
1117 2415 1474 2486 diverticula,
1498 2433 1598 2474 eos
1635 2432 1775 2474 casu

120 2502 466 2561 habuerunt
485 2504 715 2562 obviam
746 2522 760 2561 ε
796 2521 946 2577 quos
974 2505 1188 2578 gladiis
1235 2504 1586 2578 excipientes
1606 2508 1663 2563 et
1690 2506 1777 2562 ir-

129 2597 376 2650 ruentes
397 2594 455 2650 in
469 2610 569 2652 eos
580 2594 927 2665 animosius,
951 2595 1344 2652 dissolverunt
1367 2595 1426 2651 in
1442 2600 1737 2653 momento
1756 2612 1772 2666 ;

126 2686 188 2739 et
213 2683 462 2739 retentis
519 2684 757 2753 nostris,
789 2700 938 2756 quos
995 2684 1253 2756 captivos
1308 2685 1679 2743 abducebant
1714 2685 1775 2743 in

119 2771 528 2843 compedibus,
555 2773 1037 2846 interemptisque
1083 2789 1152 2829 ex
1181 2773 1266 2831 eis
1302 2775 1772 2847 quampluribus,

120 2864 179 2916 et
206 2859 525 2932 captivatis
544 2860 960 2929 innumeris,in
985 2863 1183 2935 fugam
1203 2867 1520 2932 verterunt,
1538 2879 1685 2935 pene
1701 2864 1772 2920 ad

120 2964 470 3022 supremam
500 2950 721 3015 deletos
753 2952 1229 3010 internecionem.
1264 2956 1437 3010 Erant
1484 2956 1681 3012 autem
1712 2953 1773 3011 hi

117 3054 189 3096 ex
219 3038 407 3095 electa
434 3055 587 3112 saepe
616 3039 756 3097 dicti
788 3041 1064 3098 Rodohan
1098 3040 1349 3113 millitia,
1380 3058 1450 3100 ex
1478 3043 1770 3100 familiari·

1892 447 2187 505 Ravandel
2218 448 2511 517 habitans,
2546 449 2776 523 regione
2824 454 2943 507 tota
2975 468 3078 524 pro
3120 468 3227 509 suo
3259 457 3428 511 utens
3460 472 3552 512 ar·

1893 536 2090 600 bitrio,
2123 541 2179 593 et
2210 536 2404 594 fratris
2427 539 2641 609 saepius
2665 539 2886 596 habens
2903 542 3294 612 praesentiam.
3316 544 3547 602 Accidit

1895 629 2112 693 autem,
2144 626 2285 682 dum
2336 643 2559 683 moram
2610 627 2694 684 ibi
2717 628 2948 700 faceret,
2982 631 3136 703 quod
3171 632 3425 704 regionis
3455 633 3546 690 in·

1893 714 2049 784 coles,
2082 721 2140 773 et
2161 715 2411 772 maxime
2441 716 2549 772 viri
2607 716 2888 790 religiosi,
2920 719 3019 790 qui
3061 719 3120 775 in
3151 723 3546 795 monasteriis,

1892 821 2021 878 ques
2049 804 2210 861 illinc
2251 810 2419 862 crant
2461 805 2733 878 plurima,
2765 823 2968 877 graves
3018 809 3088 864 de
3131 810 3437 868 Pancratio
3486 816 3546 870 et

1890 895 2179 953 Covasilio
2208 896 2338 968 ejus
2372 896 2543 953 fratre
2593 897 2652 953 in
2696 897 2825 968 ejus
2874 898 3183 970 praesentia
3216 900 3544 959 fundebant

1890 984 2265 1055 quiestiones.
2299 986 2477 1041 Erant
2533 988 2725 1042 autem
2776 985 2837 1042 hi
2867 988 2980 1044 duo
3013 987 3242 1057 iratres,
3277 990 3537 1048 Armenii

1892 1073 2149 1142 natione,
2179 1073 2286 1128 viri
2306 1074 2589 1145 praeclari,
2621 1075 2722 1131 sed
2765 1075 2998 1133 subdoli
3047 1094 3228 1149 supra
3260 1080 3534 1151 modum

1889 1160 2174 1218 habentes
2197 1162 2255 1218 in
2279 1178 2346 1219 ea
2376 1164 2605 1236 regione
2630 1165 3046 1237 municipia,de
3068 1182 3316 1238 quorum
3338 1168 3534 1224 muni-

1890 1252 2049 1308 mine
2079 1256 2521 1325 praesumentes,
2548 1253 2795 1325 regionis
2817 1253 3190 1325 habitatores,
3209 1260 3266 1313 et
3287 1257 3539 1315 maxime

1890 1340 2259 1410 monasteria,
2289 1341 2566 1414 gravibus
2596 1342 2940 1399 etindebitis
2964 1343 3359 1401 molestabant
3377 1361 3538 1403 exac-

1887 1430 2178 1493 tionibus;
2198 1436 2671 1503 processeratque
2685 1447 2752 1487 eo
2782 1446 3179 1504 usqueeorum
3213 1434 3533 1507 temeritas,

1889 1521 2042 1591 quod
2068 1519 2245 1576 etiam
2272 1519 2493 1576 domini
2514 1520 2749 1577 comitis
2797 1520 3077 1579 Edessani
3125 1522 3363 1581 nuntios
3395 1540 3530 1582 cum

1887 1608 2234 1666 muneribus
2258 1610 2330 1666 ad
2364 1609 2600 1665 fratrem
2623 1611 2896 1679 directos,
2919 1609 3062 1667 dum
3085 1611 3273 1669 adhuc
3305 1611 3533 1671 obsidio

1888 1696 2042 1754 circa
2068 1697 2436 1755 Antiochiam
2467 1704 2874 1772 perseveraret,
2907 1699 2968 1756 in
3026 1699 3235 1757 itinere
3283 1701 3534 1773 spoliare

1888 1791 2328 1861 praesumerent,
2362 1796 2418 1843 et
2467 1788 2760 1846 destinata
2817 1789 3053 1847 domino
3096 1790 3230 1848 duci
3262 1808 3530 1862 munera,

1886 1878 2128 1935 domino
2157 1879 2477 1953 dirigerent
2503 1880 2845 1937 Boamundo
2876 1886 2940 1938 ut
2960 1881 3089 1954 ejus
3118 1881 3231 1938 sibi
3253 1883 3534 1939 adversus

1885 1969 2159 2025 comitem
2189 1970 2551 2026 Edessanum
2581 1969 2964 2027 conciliarent
2995 1971 3268 2041 gratiam.
3302 1972 3536 2031 Auditis

1885 2071 2022 2128 ergo
2083 2055 2478 2127 querimoniis,
2527 2060 2583 2113 et
2636 2057 2792 2127 iusta
2849 2060 3045 2113 motus
3108 2057 3535 2130 indignatione,

1887 2144 2090 2201 missis
2113 2144 2538 2217 quinquaginta
2558 2146 2630 2200 de
2661 2160 2899 2202 numero
2931 2161 3175 2201 suorum
3209 2144 3533 2218 equitibus,

1887 2250 2014 2289 cum
2046 2231 2255 2305 populo
2287 2232 2557 2305 regionis,
2588 2248 2789 2290 eorum
2848 2231 3117 2305 praesidia
3160 2231 3382 2303 effregit
3409 2232 3533 2289 vio-

1885 2323 2090 2392 lenter,
2114 2337 2172 2379 et
2200 2323 2432 2379 effracta
2461 2321 2758 2380 solotenus
2777 2322 3006 2393 dejecit,
3023 2328 3303 2379 uteorum
3324 2321 3530 2380 intole-

1884 2413 2130 2471 rabilem
2151 2414 2520 2486 aliquatenus
2531 2412 2945 2485 comprimeret
2964 2412 3355 2470 insolentiam.
3374 2414 3531 2471 Duce

1886 2501 2066 2574 igitur
2096 2501 2153 2556 in
2184 2501 2449 2574 partibus
2494 2499 2610 2557 illis
2656 2503 3076 2566 commorante,
3105 2500 3359 2557 universi
3383 2516 3530 2572 pene

1883 2592 2138 2663 majores
2159 2590 2343 2647 nostri
2398 2590 2707 2659 exercitus,
2737 2591 2834 2647 sed
2887 2590 2959 2645 de
2988 2587 3369 2662 popularibus
3400 2589 3533 2647 infi-

1884 2680 2010 2748 niti,
2046 2684 2110 2736 ut
2157 2685 2360 2737 contra
2414 2679 2788 2736 imminentes
2819 2679 3175 2753 paupertatis
3234 2679 3536 2753 angustias

1884 2769 2122 2841 aliquod
2154 2769 2470 2842 reperirent
2500 2770 2770 2826 solatium
2800 2769 2872 2825 ad
2921 2768 3225 2825 dominum
3258 2768 3532 2827 comitem

1882 2859 2223 2930 praedictum
2246 2857 2508 2915 certatim
2539 2859 2913 2916 confluebant
2934 2875 2947 2913 ε
2973 2862 3029 2914 et
3051 2856 3300 2914 maxime
3319 2873 3389 2913 ex
3408 2873 3525 2929 quo

1882 2948 2217 3022 praesidium
2241 2949 2509 3018 Hasarth,
2533 2949 2688 3020 quod
2716 2949 2774 3006 in
2809 2948 2994 3006 medio
3019 2947 3220 3005 itinere
3249 2948 3529 3005 constitu-

1882 3042 2009 3094 tum
2041 3043 2186 3106 erat,
2226 3038 2286 3094 in
2345 3045 2674 3095 nostrorum
2734 3041 3043 3096 devenerat
3083 3037 3346 3111 gratiam.
3372 3039 3527 3105 Quos

120 3126 323 3185 buset
342 3128 677 3186 domesticis
698 3130 827 3201 ejus
849 3133 1018 3203 quasi
1040 3131 1241 3188 decem
1267 3131 1469 3188 millia.
1502 3131 1625 3197 Quo
1643 3149 1773 3205 per·
1803 3120 1846 3188 C
1884 3145 2087 3186 omnes
2107 3130 2166 3185 in
2199 3133 2360 3186 tanta
2404 3129 2760 3201 suscipiebat
2786 3128 3251 3198 honoriticentia,
3282 3133 3340 3185 et
3369 3130 3538 3185 tanta

128 3221 284 3286 acto,
316 3217 529 3275 iterum
562 3218 793 3276 rediens
823 3221 880 3276 in
915 3237 1098 3277 unum
1130 3226 1330 3279 noster
1358 3222 1669 3290 exercitus,
1699 3225 1771 3280 ad

119 3304 322 3363 locum
346 3307 707 3366 destinatum
736 3326 871 3366 cum
914 3310 1155 3368 victoria
1176 3317 1562 3383 pervenerunt
1592 3329 1605 3368 τ
1638 3314 1774 3386 qui-

118 3394 234 3452 bus
263 3412 402 3453 cum
434 3397 706 3454 trecentis
754 3398 1050 3472 equitibus
1080 3399 1334 3472 praesidii
1365 3401 1643 3458 dominus
1673 3419 1770 3460 oc-

115 3500 387 3554 currens,
406 3485 466 3542 in
495 3492 804 3570 conspectu
831 3489 1236 3547 universarum
1254 3490 1565 3561 legionum,
1588 3509 1770 3564 prono

117 3574 334 3648 capite,
365 3576 574 3634 defixis
597 3578 659 3634 in
687 3581 903 3637 terram
933 3580 1206 3652 genibus,
1240 3581 1426 3653 primo
1457 3582 1613 3648 duci,
1636 3583 1769 3640 dein

119 3663 495 3736 principibus
525 3666 659 3724 aliis
681 3668 737 3724 in
762 3668 941 3725 multa
970 3669 1276 3727 devotione
1322 3686 1565 3744 magnas
1587 3687 1769 3745 agene

119 3753 448 3824 gratiarum
478 3755 754 3824 actiones,
781 3773 844 3813 se
865 3774 1066 3816 coram
1088 3759 1245 3815 omni
1267 3760 1483 3832 populo
1507 3761 1767 3832 praebitis

114 3841 503 3914 corporaliter
526 3845 898 3918 juramentis,
920 3847 1273 3905 Christianis
1309 3848 1675 3921 principibus
1700 3849 1767 3904 fi-

113 3928 309 3989 delem
338 3929 678 4006 obligavitet
698 3934 959 4004 tradidit,
991 3952 1277 4005 asserens,
1298 3938 1451 4008 quod
1475 3937 1549 3993 ab
1562 3953 1765 3995 eorum

113 4018 312 4090 gratia
335 4023 393 4076 et
418 4020 741 4095 obsequiis,
780 4023 945 4081 nulla
972 4025 1119 4093 dies,
1150 4041 1324 4083 casus
1350 4024 1570 4093 nullus,
1594 4026 1761 4083 illum

113 4107 392 4166 avelleret
418 4110 477 4166 in
510 4117 876 4185 perpetuum.
907 4113 1202 4188 Sicigitur
1231 4114 1473 4172 feliciler
1492 4132 1764 4174 consum·

114 4200 274 4252 mato
302 4199 558 4270 negotio,
589 4205 649 4258 et
676 4201 866 4259 amico
893 4220 998 4276 pro
1048 4203 1195 4262 votis
1225 4204 1516 4276 expedito,
1546 4204 1766 4261 exerci-

111 4287 215 4341 tus
244 4301 512 4345 reversus
540 4294 632 4346 est
657 4291 1045 4363 Antiochiam,
1078 4294 1315 4350 domino
1338 4292 1624 4351 Balduino
1656 4293 1766 4351 ira·

111 4381 197 4432 tre
225 4374 390 4433 ducis
416 4376 694 4436 Edessam
725 4380 1026 4439 redeunte.

800 4487 1023 4544 CAPUT
1058 4488 1125 4545 V.

107 4587 242 4644 Dux
264 4589 476 4646 cladem
496 4590 805 4665 declinans,
840 4596 903 4650 in
924 4605 1133 4652 terram
1152 4598 1345 4664 fratris
1376 4597 1573 4654 secedit
1598 4615 1620 4665 ,-
1641 4596 1773 4669 quo·

181 4664 442 4718 rumdam
467 4663 818 4735 proditorum
844 4667 967 4723 illic
1004 4668 1208 4740 oppida
1245 4669 1439 4724 diruit.
1465 4671 1772 4739 Proper-ant

187 4729 341 4816 illuc
366 4739 420 4789 et
446 4734 556 4790 atii
572 4735 800 4806 quidam
815 4740 1113 4810 principes,
1135 4747 1197 4796 ut
1234 4740 1504 4798 Balduim'
1532 4740 1769 4812 munifi-

184 4809 433 4860 centiam
459 4813 883 4880 consequantur.

184 4910 312 4968 Dux
334 4928 469 4986 ergo
489 4915 696 4974 videns
717 4917 908 4976 adhuc
927 4919 1265 4991 praedictam
1279 4921 1341 4978 in
1364 4922 1506 4980 urbe
1520 4938 1765 4996 regnare

97 5000 528 5073 pestilentiam,
550 5008 610 5061 st
629 5006 856 5064 cladem
887 5009 1116 5081 magnis
1156 5026 1223 5066 ac
1255 5011 1438 5082 magis
1458 5010 1520 5068 in
1550 5013 1763 5086 populo

108 5087 648 5160 dominari,fratris
661 5096 1039 5168 acquiescens
1068 5098 1469 5171 petitionibus,
1504 5102 1606 5175 qui
1625 5117 1762 5159 eum

110 5194 370 5251 presens
399 5198 580 5255 quam
636 5183 842 5244 intime
899 5193 1217 5261 rogaverat,
1250 5192 1317 5245 ut
1372 5189 1433 5247 in
1464 5206 1631 5247 suam
1664 5192 1764 5248 de·

111 5268 419 5327 scanderet
472 5272 794 5345 regionem,
825 5276 1025 5349 ibique
1081 5277 1330 5349 Augusti
1393 5277 1670 5335 fervorem
1706 5282 1764 5337 et

111 5354 440 5428 pestilentis
472 5360 625 5419 aeris
655 5362 972 5422 declinaret
1002 5364 1320 5422 malitiam:
1354 5375 1654 5440 assumpto
1674 5369 1763 5425 t'a-

111 5444 331 5503 miliari
350 5449 653 5522 comitatu,
685 5457 744 5511 et
767 5452 1158 5528 indigentium
1189 5455 1442 5512 maxima
1466 5471 1665 5526 manu,
1700 5462 1762 5518 ut

107 5532 202 5591 eis
226 5533 290 5591 in
321 5538 668 5599 necessariis
696 5540 1036 5601 charitative
1078 5541 1427 5616 provideret,
1458 5542 1521 5600 in
1549 5550 1758 5605 terram

1883 3219 2300 3276 remunerabat
2329 3217 2696 3290 liberalitate,
2727 3224 2784 3277 et
2830 3219 2940 3292 ipsi
2971 3219 3145 3277 etiam
3183 3219 3286 3291 qui
3317 3217 3390 3275 ad
3422 3216 3535 3274 hoc

1882 3314 2187 3379 venerant,
2222 3309 2596 3367 mirarentur.

2511 3418 2746 3476 CAPUT
2777 3419 2873 3478 V1.

1881 3529 2037 3587 Cives
2092 3529 2370 3596 Edessani,
2399 3527 2677 3599 ineliquata·
2729 3526 2871 3599 quod
2926 3543 3100 3583 comcs
3154 3541 3341 3582 eorum
3391 3514 3525 3581 solis

1948 3606 2201 3658 uteretur
2253 3603 2484 3666 Latinis,
2506 3600 2767 3654 adversus
2804 3613 2930 3654 cum
2965 3596 3323 3668 conspirant.-
3361 3611 3524 3667 super

1948 3689 2056 3745 quo
2121 3671 2429 3729 Balduinus
2457 3669 2837 3737 commonitus,
2885 3672 3278 3739 conspiratores
3334 3667 3521 3722 inter-

1947 3745 2086 3815 ficit.

1949 3850 2190 3905 Factum
2229 3852 2319 3906 est
2348 3848 2541 3919 itaque
2570 3846 2719 3919 quod
2735 3849 3071 3902 nostrorum
3093 3842 3286 3900 turbis
3315 3840 3388 3897 ad
3420 3857 3522 3897 ur-

1875 3938 2006 3996 bem
2055 3954 2209 4010 saepe
2237 3939 2452 3994 dictam
2511 3933 2960 4001 confluentibus,
2992 3938 3155 3990 tanta
3206 3938 3328 3989 erat
3369 3931 3429 3987 in
3454 3945 3523 3987 ea

1875 4027 2208 4085 Latinorum
2240 4023 2764 4096 multitudo,quod
2812 4024 3035 4081 civibus
3074 4024 3200 4096 jam
3242 4019 3524 4091 inpreret

1874 4133 2006 4175 esse
2037 4116 2388 4174 molestum:
2430 4117 2757 4187 trequentes
2812 4113 2969 4170 enim
3023 4112 3108 4168 eis
3154 4111 3215 4167 in
3269 4109 3519 4181 hospitio

1874 4209 2134 4280 suscepti
2162 4205 2490 4263 inferebant
2519 4204 2839 4276 malestias,
2858 4201 3289 4276 supermodum
3320 4201 3380 4255 in
3415 4216 3518 4272 po-

1874 4296 2015 4369 pulo
2060 4296 2343 4353 dominari
2399 4294 2678 4353 volentes.
2722 4294 2970 4366 Jamque
3015 4291 3228 4349 civium
3276 4286 3520 4346 consilio

1873 4384 2185 4456 nobilium,
2209 4401 2461 4458 quorum
2491 4384 2775 4442 beneflcio
2806 4387 3025 4440 tantam
3075 4380 3277 4438 urbem
3320 4376 3523 4451 acqui·

1802 4464 1851 4530 D
1881 4475 2081 4546 eierat,
2121 4477 2316 4533 minus
2346 4480 2404 4533 et
2432 4474 2627 4533 minus
2660 4473 2948 4531 utebatur.
2980 4472 3146 4529 Unde
3189 4468 3524 4529 vehementi

1882 4564 2286 4637 indignatione
2317 4565 2599 4622 adversus
2629 4578 2764 4621 eum
2783 4576 3040 4633 suosque
3058 4559 3328 4617 succensi
3358 4562 3521 4628 sunt,

1879 4653 2234 4727 poenitentes
2262 4652 2605 4724 admodum,
2637 4651 2791 4725 quod
2809 4664 2946 4707 eum
2968 4647 3083 4706 sibi
3104 4645 3519 4718 proet'ecissent3

1877 4743 2172 4810 timentes,
2195 4759 2312 4799 una
2339 4741 2454 4813 die,
2476 4741 2549 4797 ab
2579 4755 2646 4797 eo
2676 4739 2769 4796 cui
2800 4736 2945 4794 nihil
2983 4735 3253 4793 sufficere
3283 4732 3517 4789 videba-

1876 4835 1997 4902 tur,
2027 4832 2197 4888 bonis
2243 4829 2517 4888 omnibus
2562 4826 2820 4901 spoliari.
2853 4825 3026 4882 Facta
3054 4838 3190 4895 ergo
3219 4823 3521 4893 conspira-

1873 4921 2032 4976 tione
2062 4936 2196 4976 cum
2219 4919 2586 4993 principibus
2614 4918 2934 4974 Turcorum
2962 4911 3252 4980 finitimis,
3273 4914 3521 4968 tractare

1874 5013 2171 5081 ceperunt
2198 5009 2489 5081 quomodo
2547 5007 2822 5063 dominus
2878 5002 3199 5060 Balduinus
3252 5005 3353 5059 aut
3382 5016 3520 5059 casu

1871 5098 2231 5156 occideretur
2286 5097 2605 5169 repentino,
2627 5099 2755 5151 'aut
2786 5093 2924 5151 urbe
2955 5091 3159 5151 saltem
3189 5090 3519 5164 pelleretur.

1873 5186 1947 5244 Ut
1973 5190 2172 5243 autem
2229 5187 2299 5242 ad
2350 5183 2457 5241 hoc
2508 5184 2863 5257 propositum
2915 5182 3312 5238 invenirentur
3354 5195 3520 5252 para-

1871 5278 2072 5348 tiores,
2105 5276 2415 5333 thesauros
2444 5291 2602 5344 suos,
2633 5279 2690 5333 et
2719 5290 2951 5333 omnem
2981 5269 3387 5329 substantiam
3418 5283 3521 5340 per

1870 5366 2112 5425 castella
2139 5370 2197 5425 et
2227 5369 2398 5423 urbes
2447 5365 2726 5422 finitimas
2765 5363 2919 5435 apud
2953 5377 3093 5418 suos
3123 5360 3524 5431 deposuerant

1873 5454 2212 5513 familiares.
2248 5458 2512 5529 Dumque
2572 5453 2726 5511 circa
2777 5453 2832 5510 id
2895 5450 3067 5526 plena
3122 5446 3523 5507 sollicitudine

1874 5548 2191 5605 tractarent
2221 5544 2607 5620 frequentius,
2638 5544 2857 5602 iactum
2886 5547 2971 5601 est
3020 5546 3082 5600 ut
3108 5537 3389 5598 relatione
3415 5552 3518 5595 cu-
