3784 6000
506 257 688 313 ffls'r.
732 256 984 315 RERUM
1024 257 1520 316 TRANSMARIN.
1566 290 1629 302 -
1668 256 1806 316 LIB.
1848 256 2023 314 xx11.
2063 254 2474 315 BALDUINUS
2513 256 2588 315 IV
2631 257 2798 316 REX.
3263 254 3372 311 862

137 387 254 442 lam
313 382 443 455 qui,
496 387 558 438 ut
620 383 1044 454 praemisimus,
1101 384 1158 439 in
1218 384 1405 454 galeis
1456 382 1617 441 exie-
1649 387 1693 441 Α
1725 385 2013 454 occupato
2065 385 2124 438 et
2151 381 2433 452 subjectis
2486 383 2796 450 omnibus,
2836 382 3079 439 liberius
3105 373 3387 438 ostendat

137 478 189 529 et
206 473 310 546 qui
342 472 729 543 postmodum
751 488 854 527 eos
877 470 1010 527 aliis
1036 473 1289 529 navibus
1315 479 1450 529 sunt
1472 474 1617 528 sub-
1724 470 1965 543 qualem
1991 472 2146 528 circa
2168 488 2270 527 eos
2289 476 2456 545 gerat
2480 472 2873 529 voluntatem.
2900 474 3142 528 Factum
3164 477 3252 527 est
3275 486 3384 527 au·

148 604 162 629 ,
185 561 480 617 habentes
502 577 707 616 secum
723 561 1166 618 multitudinem
1200 564 1529 619 maximam
1560 567 1616 619 et
1727 565 1844 616 tem
1871 561 2001 626 hoc,
2020 576 2180 617 anno
2198 561 2275 617 ab
2300 563 2714 620 incarnatione
2735 561 2970 618 Domini
2993 567 3011 616 ¹
3033 564 3149 628 ¹82,
3176 575 3383 618 mense

137 668 206 707 ‚m
237 666 357 707 non
388 649 711 715 modicam,
736 651 890 707 circa
918 650 1150 717 urbem,
1177 652 1319 708 satis
1338 654 1397 708 in
1420 651 1615 707 vicino
1723 648 1934 722 Aprili.

141 740 430 812 legerant,
460 740 544 795 rei
575 745 992 810 exspectantes
1010 740 1257 797 exitum.
1291 741 1424 808 Qui,
1459 745 1616 812 post·

137 877 141 884 .
173 828 405 901 plenius
436 834 848 898 cognoverunt
877 829 1041 900 quod
1077 830 1112 885 ii
1143 829 1246 902 qui
1288 830 1348 886 in
1379 831 1614 886 civitate

137 919 280 975 ltum
301 919 726 981 excitaverant,
742 934 952 974 eorum
979 919 1412 975 succenderant
1431 920 1614 993 regio·

143 1022 358 1064 uxores
391 1023 632 1080 quoque
663 1012 719 1063 et
748 1006 969 1063 liberos
1025 1012 1082 1063 et
1133 1024 1378 1064 omnem
1440 1007 1615 1064 fami·

137 1097 329 1152 ›artim
344 1096 786 1167 gladio,partim
803 1096 1610 1167 consumpserantincendio,

138 1184 552 1255 indignatione
575 1185 882 1254 commoti,
907 1193 1254 1242 exarserunt
1278 1187 1336 1242 in
1359 1187 1530 1243 iram.
1552 1188 1614 1242 Et
1792 1185 2043 1250 Interea,
2076 1185 2222 1242 dum
2249 1187 2377 1242 haec
2403 1188 2463 1243 in
2492 1187 2716 1244 Graecia
2744 1187 2829 1242 sic
2861 1191 3180 1259 geruntur,
3201 1186 3383 1242 navis

137 1279 258 1330 ntes
292 1275 624 1330 vehementi
640 1274 890 1340 fervore,
925 1274 1455 1332 ultumirisuorum
1473 1290 1613 1331 san·
1719 1274 2547 1348 quaedammillequingentos
2562 1276 2906 1347 peregrinos
2927 1272 3383 1346 deferens,apud

142 1379 223 1428 m,
251 1363 1512 1437 circuieruntutrumqueHellespontilittus,
1531 1366 1610 1422 ab
1721 1363 2079 1433 Damiatam,
2110 1365 2168 1419 in
2216 1364 2436 1420 tinibus
2488 1364 2741 1437 AEgypti,
2775 1363 3020 1420 flatibus
3070 1368 3204 1420 acta
3242 1362 3385 1419 sini-

143 1452 325 1508 maris
359 1452 597 1520 Pontici,
628 1451 793 1524 quod
819 1451 897 1508 ab
927 1452 1071 1507 urbe
1113 1454 1610 1524 Constantinopo·
1721 1453 1881 1519 stris,
1904 1452 2207 1509 confracta
2228 1457 2352 1525 est;
2387 1454 2585 1525 passis
2609 1460 2813 1511 tamen
2841 1452 3222 1526 naufragium
3245 1467 3385 1524 spes

163 1539 347 1596 distat
373 1541 610 1609 triginta
644 1540 1016 1606 milliaribus„
1052 1556 1243 1613 usque
1275 1541 1352 1597 ad
1383 1543 1607 1598 ostium
1718 1548 1847 1598 erat
1875 1541 2102 1607 salutis,
2132 1558 2203 1599 eo
2239 1543 2403 1614 quod
2434 1541 2837 1600 salahadinus
2890 1541 3230 1608 nobiscum,
3259 1546 3386 1598 tam

137 1664 140 1678 ·
172 1630 599 1695 Mediterranei,
627 1630 790 1702 quod
821 1629 899 1685 ab
919 1629 1131 1686 eadem
1148 1630 1327 1686 distat
1351 1629 1611 1687 milliari·
1721 1646 1825 1703 per
1854 1636 2043 1687 terras
2073 1648 2258 1704 quam
2295 1647 2402 1705 per
2432 1648 2596 1688 mare
2650 1638 2920 1704 treugam
2954 1632 3251 1688 diceretur
3274 1631 3386 1688 ha-

143 1719 389 1783 uceutis,
426 1718 603 1774 urbes
633 1727 687 1773 et
713 1718 988 1791 qnaelibet
1015 1718 1343 1791 municipia
1372 1720 1429 1774 in
1455 1726 1606 1776 utro·
1642 1740 1685 1796 Β
1721 1719 1859 1775 bere
1880 1725 1938 1777 et
1969 1736 2179 1792 pacem
2212 1721 2635 1793 temporalem.
2676 1721 2789 1776 Sed
2821 1722 3000 1791 longe
3031 1721 3201 1777 aliter
3231 1719 3386 1776 acci·

137 1808 212 1864 ita
241 1808 451 1872 littore,
484 1809 1070 1879 comprehendentes
1100 1808 1409 1878 violenter,
1432 1815 1490 1866 et
1514 1825 1611 1866 eo·
1720 1808 1806 1863 dit
1826 1809 1933 1871 eis,
1964 1824 2150 1881 quam
2174 1808 2263 1866 vel
2296 1809 2464 1882 pacis
2504 1816 2689 1875 tenor,
2727 1810 2822 1866 vel
2853 1814 3171 1882 pactorum
3199 1807 3383 1865 series

137 1897 490 1954 iabitatores
522 1897 673 1953 ferro
701 1899 1059 1970 perimentes
1090 1898 1402 1954 universos
1451 1915 1465 1965 ;
1506 1899 1612 1955 sed
1719 1898 1999 1966 exigeret.
2027 1898 2424 1954 Salahadinus
2449 1900 2607 1955 enim
2632 1898 2855 1972 proedae
2876 1899 3064 1954 victus
3078 1897 3379 1970 cupidine,

137 1986 428 2055 mustei-ia,
460 2003 595 2059 quae
622 1988 816 2043 tamin
848 1994 1098 2059 utroque
1124 1987 1395 2060 ejusdem
1430 1989 1611 2044 maris
1721 1992 1777 2043 et
1798 1992 2026 2043 tantam
2059 1987 2527 2044 Christianorum
2557 1988 2811 2052 turbam,
2845 1986 3166 2043 occasione
3191 1985 3384 2042 foede-

137 2091 173 2143 ε,
203 2092 393 2149 quam
446 2077 508 2132 in
567 2076 778 2132 insulis
826 2075 1097 2144 modicis,
1138 2092 1275 2149 quae
1327 2092 1434 2149 per
1462 2076 1611 2133 illud
1722 2075 1821 2142 ris,
1852 2075 2061 2132 nolens
2087 2076 2161 2132 de
2183 2092 2368 2147 regno
2392 2093 2500 2133 suo
2522 2077 2680 2132 exire
2701 2075 2981 2142 liberam,
3005 2091 3219 2132 omnes
3246 2089 3385 2133 con-

150 2163 438 2237 dispersae
469 2171 625 2232 sunt,
660 2166 772 2221 sita
785 2170 973 2230 erant,
990 2165 1410 2238 pervadentes,
1439 2181 1612 2238 pseu·
1715 2165 1931 2237 jecitin
1961 2164 2215 2229 vincula,
2246 2172 2530 2222 eteorum
2555 2165 2665 2221 sibi
2703 2165 2865 2222 bona
2897 2165 3211 2221 confiscari
3227 2179 3383 2237 proe-

138 2254 373 2310 nachos
398 2261 452 2310 et
472 2254 793 2324 sacrilegos
813 2270 1022 2311 eorum
1047 2255 1404 2323 sacerdotes,
1436 2255 1494 2310 in
1530 2255 1613 2311 ul·
1720 2254 1906 2326 cepit;
1925 2255 2539 2328 missaquelegatione
2570 2254 2648 2311 ad
2662 2255 2870 2311 domin
2885 2268 3384 2323 umregem,con-

2355 740 2580 797 CAPUT
2611 742 2746 798 xlv.

1722 854 2134 911 Salahadinus
2145 856 2345 926 foedus
2361 857 2520 927 quod
2544 872 2674 914 cum
2707 857 2943 912 domino
2973 870 3111 928 φερε
3137 855 3379 922 inierat,

1793 927 2231 995 rescindit‚·rex
2251 929 2349 983 itti
2369 929 2534 984 ultra
2556 930 2860 985 ,tor-danem
2884 928 3171 984 occurrit.
3203 925 3386 983 Turci

1796 1000 1987 1055 vicum
2025 999 2273 1055 Buriam
2298 999 2654 1070 effrinyunt,
2691 999 3129 1057 habitatoribus
3160 1001 3288 1070 ejus
3315 997 3383 1055 in

1795 1069 2196 1137 captivitatem
2225 1072 2514 1128 redactis.

137 2358 182 2399 n
211 2342 448 2399 fraterni
468 2345 799 2414 sanguinis,
832 2344 1031 2413 gladio
1054 2352 1453 2416 peremerunt,
1480 2345 1611 2418 ipsa

137 2432 323 2488 steria
353 2448 490 2487 cum
524 2433 592 2488 iis
620 2434 722 2505 qui
741 2433 818 2489 ad
852 2449 915 2489 ea
933 2433 1609 2505 confugerant,succen·

137 2536 189 2578 s.
231 2524 310 2578 Ex
363 2522 585 2595 quibus
618 2523 783 2589 locis,
837 2523 1093 2579 infinitas
1148 2524 1297 2588 auri,
1357 2523 1605 2593 argenti,

137 2625 335 2666 iarum
375 2616 432 2666 et
459 2611 932 2667 holosericorum
973 2613 1252 2668 dicuntur
1281 2614 1607 2669 extraxisse

137 2699 365 2766 s;unde
381 2701 889 2757 damnumrerum
907 2693 1605 2774 amissarum,etdispen·

137 2803 379 2845 enorum
402 2806 648 2846 suorum
665 2790 973 2862 multiplici
988 2790 1189 2847 fenore
1204 2790 1320 2847 sibi
1337 2796 1609 2862 poterant

137 2892 431 2948 ipensare.
448 2881 595 2935 Nam
621 2885 828 2951 praeter
843 2881 1340 2937 monasteriorum
1375 2881 1607 2936 divitias

137 2981 300 3023 aeras
324 2973 379 3024 et
407 2968 719 3025 thesauros
751 2968 1036 3036 infinitos,
1055 2984 1210 3042 quos
1241 2985 1277 3028 a
1303 2969 1502 3027 multis
1515 2985 1605 3025 re-

141 3064 490 3129 ngesserant
512 3059 899 3130 temporibus,
930 3059 1084 3116 cives
1111 3058 1609 3132 Constantinopo-
1636 3098 1677 3156 C

152 3145 417 3216 ingentia
445 3146 673 3204 ibidem
705 3149 1106 3221 deposuerant
1132 3149 1260 3205 auri
1290 3155 1345 3204 et
1370 3153 1607 3205 caetera·

138 3250 387 3292 'azarum
414 3237 682 3309 pondera
698 3255 717 3302 ,·
735 3254 868 3310 qua»
884 3238 1090 3293 omnia
1104 3253 1310 3294 secum
1337 3237 1607 3293 deferen-

142 3329 164 3378 t
189 3325 371 3382 maris
391 3326 548 3382 illius
579 3326 923 3383 deserentes
948 3327 1276 3397 angustias,
1303 3328 1455 3384 inter
1480 3328 1607 3384 Ses-

137 3414 447 3488 tAbydon,
482 3415 658 3472 urbes
679 3417 1134 3489 antiquissimas
1161 3421 1217 3472 et
1247 3416 1604 3484 maritimas,

147 3503 395 3572 ingressi
424 3510 565 3560 sunt
585 3506 1074 3563 Mediterraneum
1102 3522 1115 3573 ;
1143 3505 1338 3562 littora
1357 3505 1607 3562 Thessa-

137 3597 149 3647 t
171 3592 321 3649 mari
346 3593 747 3666 adjacentium
761 3595 1203 3667 provinciarum
1223 3594 1398 3650 urbes
1426 3600 1605 3667 etop-

137 3683 561 3753 perlustrantes
601 3683 964 3756 diligentiuS,
997 3691 1054 3740 et
1083 3691 1296 3741 cuncta
1326 3684 1605 3740 incendio

137 3770 265 3827 »inoe
308 3771 623 3839 tradenteS,
659 3779 918 3842 stragem
952 3775 1332 3829 innumeram
1372 3773 1602 3844 operati

144 3860 256 3916 Sed
285 3866 343 3915 et
372 3861 574 3931 galeas
608 3863 754 3918 alias
782 3879 817 3918 a
848 3863 1147 3933 prioribus
1172 3863 1331 3919 circa
1353 3863 1605 3934 Chryso·

143 3948 1054 4017 ,urbemMat=edonioe,dicuntur
1067 3951 1357 4023 reperisse
1371 3954 1602 4018 decem,

137 4052 231 4108 [ue
259 4037 318 4093 in
350 4038 494 4094 locis
509 4038 643 4096 aliis
671 4040 1097 4112 quamplures:
1133 4041 1290 4097 unde
1322 4040 1431 4096 sibi
1458 4040 1607 4097 clas·

137 4128 447 4183 naximam
463 4133 519 4184 et
544 4130 759 4184 Graecis
786 4129 1513 4193 omninoformidabilem,
1544 4131 1605 4186 in

137 4231 160 4270 2
194 4217 510 4287 perniciem
536 4218 818 4274 dicuntur
840 4220 1170 4275 ordinasse.
1202 4219 1308 4274 Alii
1334 4235 1475 4276 vero
1500 4220 1605 4294 qui

137 4318 218 4360 im
239 4311 294 4362 et
324 4307 601 4379 rapinam
638 4307 1150 4363 abominabantur
1179 4309 1434 4379 operari,
1465 4324 1605 4366 cum

137 4395 240 4448 bus
255 4393 540 4463 etiiberis,
564 4400 621 4450 et
642 4396 880 4465 residuo
896 4396 1307 4452 substantiolas
1330 4411 1473 4464 suoe,
1502 4413 1617 4454 na-.

137 4484 371 4553 igressi,
403 4499 662 4556 quarum
712 4484 827 4542 illis
861 4487 1080 4542 multus
1111 4485 1468 4546 occurrebat
1498 4502 1606 4543 nu-

137 4588 173 4635 s,
205 4587 241 4628 a
267 4573 550 4644 proedicto
572 4573 941 4631 declinantes
970 4575 1252 4643 exercitu,
1296 4576 1374 4631 ad
1403 4591 1516 4631 nos
1543 4576 1603 4632 in

137 4675 189 4716 m
232 4661 691 4718 descenderunt.
729 4663 1103 4719 Andronicus
1136 4663 1361 4720 interea
1394 4664 1603 4721 urbem

137 4749 251 4805 otis
282 4749 555 4807 obtinens
586 4758 643 4808 et
674 4752 905 4808 nullum
940 4751 1169 4807 habens
1202 4751 1608 4809 contradicto-

137 4845 523 4911 mperatorem
545 4858 684 4897 cum
713 4842 914 4897 futura
938 4856 1141 4906 uxore,
1172 4842 1327 4914 regis
1356 4843 1607 4899 Franco-

137 4925 249 4984 [ilia
274 4928 335 4984 in
362 4928 458 4984 die
490 4930 639 4987 festo
667 4930 1062 5000 Pentecostes‚
1093 4930 1439 4987 solemniter
1470 4930 1607 4988 fecit

142 5015 249 5082 ari,
263 5031 501 5073 omnem
525 5019 575 5074 ei
590 5018 878 5074 exbibens
901 5019 1289 5076 reverentiam
1304 5038 1320 5090 3
1338 5035 1606 5077 sororem

136 5119 195 5160 ie
215 5110 272 5161 et
300 5105 517 5162 sororis
542 5109 844 5175 maritum,
873 5107 1052 5163 simul
1073 5114 1128 5164 et
1150 5112 1400 5166 matrem
1422 5108 1608 5181 impe-

141 5209 188 5259 s,
221 5199 376 5250 intra
407 5202 577 5266 septa
615 5196 846 5268 palatii,
875 5197 1076 5253 adhuc
1102 5201 1363 5253 tractans
1394 5197 1607 5253 huma-

156 5283 284 5354 ipse
304 5290 503 5341 tamen
533 5287 726 5340 tamin
755 5285 899 5341 urbe
917 5301 1105 5358 qnam
1124 5292 1309 5350 extra,
1327 5285 1608 5358 quaelibet

137 5371 185 5427 ·ii
214 5373 475 5445 negotia.
510 5390 618 5445 pro
649 5390 757 5430 suo
784 5374 960 5430 libere
999 5373 1329 5445 disponens
1362 5373 1605 5433 arbitrio

138 5476 192 5517 ir
229 5468 454 5529 tamen,
489 5479 560 5518 ne
606 5463 762 5519 hanc
796 5462 1001 5519 fraude
1031 5462 1299 5534 palliata,
1330 5465 1605 5536 personis

137 5551 694 5618 eathumauitatem,
707 5568 1025 5628 quousque
1037 5552 1288 5627 imperio
1311 5551 1602 5626 paulatim

1723 2347 1811 2400 tra
1841 2343 2104 2400 formam
2130 2349 2467 2417 pactorum,
2502 2348 2558 2399 et
2587 2360 2723 2417 quse
2754 2359 2906 2416 pene
2937 2341 3384 2416 impossibilita-

1719 2436 1836 2487 tem
1867 2433 2274 2498 continebant,
2305 2433 2384 2488 ab
2409 2448 2482 2489 eo
2506 2433 2687 2505 coepit
2717 2447 3022 2505 reposcere
3052 2430 3340 2504 adjiciens
3366 2448 3381 2487 ε

1721 2520 1890 2587 Quod
1913 2522 2032 2578 nisi
2060 2538 2171 2592 pro
2198 2521 2471 2579 omnibus
2498 2522 2622 2579 iuis
2660 2521 2714 2578 ei
2730 2537 2842 2591 pro
2873 2528 3004 2579 voto
3044 2520 3381 2589 satisfieret,

1717 2612 1840 2679 ipse
1851 2612 2052 2668 navim
2072 2611 2416 2682 praedictam
2431 2610 2543 2667 sibi
2563 2612 2733 2668 veltet
2755 2610 2820 2667 in
2850 2609 3383 2678 compensationem

1717 2700 2054 2769 detinere,et
2070 2707 2360 2771 praeterea
2373 2700 2725 2757 renuntiare
2735 2698 2974 2769 pac-ade
2987 2714 3107 2771 qua
3121 2700 3384 2755 intereos

1717 2796 2093 2847 convenerat.
2115 2789 2286 2857 Quod
2311 2806 2447 2846 cum
2462 2805 2581 2846 non
2596 2788 2954 2845 obtinuisset
2971 2788 3100 2860 ejus
3113 2788 3381 2855 nuntius,

1715 2878 2004 2952 quoniam
2037 2878 2237 2935 calvas
2299 2878 2645 2935 occasiones
2679 2878 2871 2947 magis
2910 2877 3271 2943 innectebat,
3321 2879 3384 2933 ut

1716 2983 1938 3026 navem
1966 2969 2080 3026 sub
2111 2968 2307 3042 aliquo
2339 2970 2591 3042 quaesito
2630 2968 2828 3026 colore
2861 2967 3124 3024 detinere
3151 2971 3379 3040 posset,

1716 3073 1902 3130 quam
1925 3058 2124 3129 justas
2146 3074 2366 3115 causas
2396 3058 2678 3128 allegaret
2699 3058 2926 3124 3soluto
2957 3056 3200 3127 foedere,
3225 3056 3384 3127 cogi-

1717 3151 1840 3203 tare
1896 3148 2094 3219 coepit,
2145 3146 2454 3219 quomodo
2484 3162 2596 3203 suo
2651 3162 2834 3211 more,
2879 3151 3049 3203 vetus
3099 3160 3384 3203 exercens

1715 3236 1946 3303 odium,
1971 3252 2225 3308 regnum
2245 3242 2446 3309 posset
2461 3251 2815 3308 aggravare.
2831 3236 3183 3294 Convocatis
3197 3234 3382 3307 igitur

1716 3325 2196 3397 expeditionibus
2212 3331 2269 3381 et
2284 3325 2580 3382 universis
2598 3330 2710 3383 tam
2728 3325 2996 3397 peditum
3014 3340 3204 3398 quam
3215 3321 3384 3397 equi-

1716 3420 1845 3471 tum
1871 3414 2083 3488 copiis,
2117 3414 2295 3471 simul
2326 3419 2612 3471 eteorum
2644 3413 3049 3482 multitudine,
3077 3415 3183 3487 qui
3207 3430 3247 3470 a
3273 3412 3386 3471 Da·

1718 3518 1927 3560 masco
1950 3508 2007 3560 et
2036 3503 2443 3573 adJacentibus
2464 3504 2515 3560 ei
2549 3504 2791 3570 finibus,
2842 3502 3016 3559 annis
3048 3504 3382 3575 praeteritis,

1717 3592 1896 3649 famis
1912 3592 2297 3649 acerbitatem
2311 3593 2704 3656 declinantes,
2721 3592 2778 3647 in
2794 3592 3113 3664 AEgyptum
3131 3591 3375 3650 descen-

1715 3681 1949 3746 derant,
1976 3682 2291 3754 proposuit
2312 3680 2506 3738 redire
2534 3681 2922 3745 Damascum,
2960 3685 3022 3736 ut
3045 3679 3187 3736 inde
3207 3678 3383 3754 quasi

1714 3771 1789 3828 de
1812 3771 2007 3827 vicino
2029 3786 2139 3826 nos
2161 3771 2422 3842 amplius
2450 3770 2808 3826 molestaret.
2846 3768 3074 3842 Adjecit
3096 3768 3301 3836 etiam,
3322 3776 3382 3825 ut

1715 3859 1777 3916 in
1811 3859 2125 3927 veniendo,
2150 3860 2455 3929 regionem
2483 3864 2750 3916 nostram
2783 3875 2921 3932 quoe
2952 3864 3042 3916 est
3066 3864 3225 3914 trans
3252 3857 3384 3916 Jor-

1714 3950 1960 4017 danem,
1986 3965 2093 4022 pro
2110 3966 2288 4023 posse
2308 3948 2729 4005 damnificaret
2751 3966 2765 4017 ;
2790 3954 2892 4004 aut
2920 3946 3123 4018 fruges
3140 3962 3385 4003 succen-

1715 4038 1937 4106 dendo,
1960 4055 2097 4112 quae
2113 4040 2240 4111 Jam
2269 4038 2422 4094 albae
2441 4043 2612 4093 erant
2633 4037 2712 4094 ad
2737 4052 3000 4093 messem
3025 4052 3040 4103 ;
3066 4041 3382 4093 autunum

1714 4128 1808 4185 vel
1825 4128 1999 4200 plura
2018 4129 2091 4183 de
2122 4126 2420 4200 praesidiis
2446 4127 2682 4196 nostris,
2704 4142 2841 4200 quae
2864 4127 2922 4181 in
2950 4141 3023 4182 ea
3042 4130 3213 4183 erant
3239 4140 3384 4199 pro-

1715 4216 1928 4283 vincia,
1956 4216 2239 4273 violenter
2260 4217 2686 4290 expugnando.
2715 4215 2778 4271 ld
2796 4220 3108 4282 autem,eo
3123 4214 3383 4272 maxime

1714 4305 2026 4363 dicebatur
2052 4307 2442 4378 proposuisse
2477 4304 2714 4371 intuitu,
2751 4308 2811 4360 ut
2844 4304 2957 4360 sibi
2989 4304 3380 4372 satisfaceret,

1713 4395 1788 4451 de
1817 4394 2086 4465 principe
2136 4394 2449 4463 Rainaldo,
2480 4394 2582 4468 qui
2634 4393 2684 4450 ei
2718 4398 2971 4465 proeerat
3003 4393 3258 4465 regioni,
3310 4409 3384 4451 eo

1713 4485 1878 4557 quod
1892 4483 2122 4540 Arabes
2141 4483 2443 4556 quosdam
2475 4483 2630 4539 infra
2649 4488 2890 4555 tempus
2913 4481 3149 4538 foederis
3174 4485 3384 4541 contra

1713 4573 1906 4644 legem
1929 4578 2237 4644 pactorum
2263 4573 2488 4643 cepisse
2519 4571 2836 4639 diceretur,
2858 4575 2914 4627 et
2943 4570 3225 4642 repetitos
3245 4570 3383 4627 red-

1713 4664 1849 4719 dere
1872 4668 2218 4733 negaverat.
2239 4661 2492 4729 Cognito
2512 4676 2656 4733 ergo
2687 4676 2788 4732 per
2819 4661 3228 4733 exploratores
3249 4658 3385 4730 eius

1714 4750 1993 4816 adventu,
2015 4755 2071 4805 et
2104 4749 2428 4821 proposit0,
2460 4764 2561 4804 rex
2597 4746 3251 4821 habita'flierosolymis
3285 4762 3384 4803 cu-

1713 4839 1802 4896 ria
1829 4840 2112 4910 generali,
2148 4843 2205 4894 et
2235 4854 2416 4908 super
2447 4837 2835 4910 petitionibus
2863 4835 3215 4894 Salahadini
3246 4835 3382 4894 dili·

1716 4929 1874 4999 genti
1906 4931 2182 4993 tractatu,
2212 4926 2286 4982 de
2315 4926 2728 4999 quorumdam
2760 4924 3031 4991 consilio,
3065 4941 3205 4982 cum
3236 4925 3374 4983 totis

1716 5017 1882 5086 regni
1912 5015 2159 5081 viribus,
2183 5017 2241 5071 in
2270 5014 2618 5087 praedictam
2648 5016 2981 5085 regionem,
3001 5013 3218 5072 vallem
3246 5029 3382 5088 per·

1717 5105 2009 5163 transiens
2061 5104 2437 5177 sylvestrem,
2466 5104 2525 5160 in
2556 5119 2680 5176 qua
2708 5110 2795 5159 est
2852 5118 3019 5160 mare
3062 5105 3381 5169 Mortuum,

1717 5195 2005 5269 pervenit,
2040 5200 2103 5249 ut
2133 5194 2388 5251 venienti
2441 5193 2808 5252 Salahadino
2835 5197 3176 5249 occurreret
3205 5195 3262 5248 et
3317 5207 3382 5248 se

1715 5289 2049 5358 opponeret
2080 5282 2451 5355 provinciam
2477 5287 2711 5341 vastare
2753 5280 2994 5339 volenti.
3021 5283 3200 5338 Porro
3220 5279 3388 5338 Sala-

1713 5374 1978 5432 hadinus
1998 5378 2342 5431 transcursa
2355 5389 2494 5430 cum
2518 5372 2640 5430 suis
2663 5370 3153 5443 expeditionibus
3176 5369 3388 5428 solitu·

1714 5466 1877 5531 dine,
1905 5463 2070 5538 quod
2096 5465 2224 5530 iter,
2248 5479 2384 5521 cum
2412 5461 2602 5520 multa
2630 5460 3007 5527 difficultate,
3034 5459 3132 5516 vix
3164 5458 3382 5516 diebus

1715 5553 1922 5631 viginti
1959 5554 2319 5621 confecerat,
2349 5550 2601 5628 jamque
2621 5557 2847 5612 terram
2877 5548 3271 5612 habitabilem
3315 5548 3378 5609 in
