3784 6000
116 243 279 311 „1201

1146 240 1517 300 EPISTOLAE
1552 240 1640 298 ΕΤ
1677 236 2117 311 ΡΒΙἿΙιΕῦΙᾼ.
2158 271 2228 283 -
2267 240 2382 297 AN.
2427 237 2581 298 1¹83.

3421 242 3559 310 1202

131 367 323 434 dium,
355 369 519 441 quod
549 368 784 425 habetis
812 368 873 425 in
907 367 1063 433 villa,
1094 383 1231 440 quae
1260 367 1479 425 dicitur
1509 368 1737 426 strazze
1768 380 1788 435 ς
1824 371 1871 425 Α
1972 368 2094 436 Ego
2120 366 2352 424 Eander
2383 366 2580 439 presb.
2614 366 2780 423 card.
2804 368 2889 424 tit.
2921 367 3181 425 Basilicoe
3204 383 3285 425 xu
3304 371 3559 440 Aposto-

133 472 421 515 mansum
458 474 643 531 quem
683 457 920 515 habetis
953 457 1013 514 in
1045 456 1199 523 villa,
1236 472 1373 531 quae
1411 457 1626 514 dicitur
1664 458 1789 514 Tal-

135 549 506 618 mazzingen.

213 639 300 697 Ad
323 637 453 693 haec
482 636 830 708 adjicientes
851 636 1198 703 statuimus,
1226 634 1450 692 utnulli
1467 634 1580 691 nisi
1605 634 1789 693 eccle·

132 732 236 788 siae
260 733 468 786 vestrae
499 726 805 783 canonicis
835 724 1106 797 ejusdem
1127 724 1392 782 ecclesias
1423 723 1788 783 archidiaco·

131 824 383 878 natuum
402 816 479 873 ad
489 815 842 872 ministratio
861 815 1286 873 committatur.
1308 816 1376 871 Ut
1392 817 1596 871 autem
1617 829 1655 871 a
1674 829 1787 870 sae-

129 908 316 966 culari
329 905 572 964 tumultu
589 905 774 961 securi
789 902 1032 961 liberius
1045 903 1262 961 divinis
1274 901 1644 961 celebrandis
1657 902 1785 960 offi-

113 998 234 1058 .ciis
256 996 614 1060 consistatis,
636 993 749 1050 suh
775 992 1254 1050 interminatione
1274 992 1677 1050 anathematis
1697 992 1783 1049 in·

126 1085 495 1147 terdicimus,
528 1098 601 1139 ne
625 1084 760 1155 quis
778 1081 1443 1155 princeps‚charissimo
1464 1081 1525 1137 in
1552 1080 1780 1138 Christo

128 1174 252 1233 filio
277 1178 478 1232 nostro
507 1170 812 1229 Frederico
843 1170 1053 1228 illustri
1082 1171 1492 1228 Romanorum
1522 1171 1779 1242 impera·

112 1269 252 1333 *tore
277 1277 514 1334 semper
543 1265 808 1331 Augusto
833 1266 1101 1333 excepto,
1141 1259 1420 1317 homines
1459 1259 1549 1316 vel
1587 1275 1779 1332 equos

126 1369 271 1412 suos
301 1350 566 1426 ponendi
593 1350 650 1405 in
677 1349 944 1421 hospitia
971 1354 1189 1416 vestra,
1217 1349 1387 1407 vobis
1415 1348 1639 1415 invitis,
1669 1348 1780 1407 ha-

127 1442 272 1500 heat
304 1439 673 1498 facultatem.
713 1438 858 1494 Cum
890 1444 1092 1496 autem
1117 1438 1198 1496 ah
1235 1438 1527 1510 imperiali
1556 1437 1780 1495 sereni-

128 1536 244 1589 tate
266 1528 548 1586 solemnis
572 1529 732 1584 curia
757 1529 1319 1600 fueritcongregata,
1338 1528 1502 1600 apud
1520 1544 1626 1585 vos
1650 1528 1780 1587 sine

125 1619 564 1678 introductione
589 1633 883 1691 equorum
905 1634 1176 1691 personae
1195 1619 1483 1676 duntaxat
1506 1618 1781 1676 ecclesia·

130 1709 293 1767 sticae
331 1709 733 1780 hospitentur.
776 1708 1084 1774 Praeterea,
1117 1707 1431 1780 quoniam,
1459 1707 1615 1764 sicut
1641 1707 1783 1765 dicit
1814 1726 1859 1782 B

127 1797 474 1872 Apostolus,
507 1796 706 1854 nullus
730 1796 909 1854 dehet
918 1796 1191 1868 judicare
1232 1796 1494 1854 alienum
1517 1812 1777 1865 servum,

126 1887 275 1961 quia
304 1903 413 1944 suo
433 1885 684 1943 domino
713 1889 830 1943 stat
848 1891 953 1943 aut
968 1885 1146 1952 cadit,
1168 1886 1516 1944 auctoritate
1531 1893 1780 1960 aposto-

126 1977 242 2035 lica
268 1975 581 2050 prohibem
591 1992 679 2045 us,
707 1991 782 2032 ne
796 1974 1013 2049 aliquis
1030 1975 1334 2032 saecularis
1346 1973 1554 2047 Judex‚
1573 1981 1782 2034 contra

127 2067 441 2139 antiquam
468 2064 965 2122 consuetudinem
992 2080 1181 2137 usque
1209 2064 1289 2123 ad
1317 2065 1609 2123 moderna
1638 2071 1783 2121 tem-

127 2171 279 2229 pora
305 2155 709 2220 observatam,
750 2169 1124 2227 quemquam
1156 2153 1521 2211 servientum
1562 2160 1782 2212 vestro-

127 2260 264 2301 rum
295 2246 420 2300 sine
451 2259 702 2301 assensu
736 2247 927 2299 vestro
942 2242 1256 2314 judicandi
1284 2242 1506 2301 habeat
1533 2241 1784 2301 faculta-

128 2337 274 2399 tem,
308 2333 420 2389 nisi
451 2332 684 2389 offensa
712 2332 904 2397 fuerit,
936 2348 1072 2404 quae
1104 2333 1414 2402 sanguinis
1454 2332 1780 2389 vindictam

128 2421 397 2488 inducat,
415 2437 600 2494 quam
621 2438 723 2493 per
737 2423 928 2478 virum
942 2421 1409 2478 ecclesiasticum
1428 2435 1550 2478 non
1572 2437 1784 2479 conve·

125 2512 257 2568 niat
302 2513 580 2569 exerceri.
632 2513 1011 2569 Decernimus
1051 2527 1196 2583 ergo
1242 2519 1306 2569 ut
1351 2511 1496 2568 nulli
1534 2512 1783 2569 omnino

128 2601 447 2658 hominum
459 2601 635 2658 liceat
649 2602 963 2674 praefatum
980 2601 1108 2657 locu
1120 2617 1176 2656 m
1193 2607 1409 2657 temere
1424 2601 1782 2674 perturbare,

128 2695 231 2747 aut
257 2689 386 2760 ejus
411 2691 822 2763 possessiones
852 2689 1105 2756 auferre,
1131 2688 1221 2746 vel
1244 2689 1481 2747 ablatas
1512 2690 1783 2776 retinere,

128 2778 425 2846 minuere,
440 2795 546 2834 seu
568 2779 932 2852 quibuslibet
951 2779 1362 2836 vexationibus
1380 2778 1652 2850 fatigare,
1677 2780 1784 2836 sed

129 2866 582 2937 omniaintegra
594 2873 1042 2934 conserventur,
1057 2884 1404 2941 eorum,pro
1417 2884 1666 2941 quorum
1682 2884 1784 2940 gu·

129 2956 482 3014 bernatione
510 2973 580 3014 ac
611 2958 1037 3015 sustentatione
1067 2973 1358 3016 concessa
1383 2964 1539 3027 sunt,
1578 2958 1785 3016 usibus

129 3047 497 3103 omnimodis
510 3047 844 3119 profutura,
860 3047 1027 3104 salva
1040 3048 1201 3103 sedis
1218 3047 1564 3117 apostolicas
1582 3052 1785 3104 aucto·

129 3134 323 3201 ritate,
351 3142 406 3191 et
443 3135 769 3193 dioecesani
815 3135 1084 3209 episcopi
1124 3136 1416 3193 canonica
1450 3136 1683 3208 justitia
1727 3140 1786 3193 et

129 3223 336 3281 debita
365 3227 722 3281 reverentia.
762 3225 817 3282 Si
849 3241 972 3298 qua
1003 3226 1179 3294 igitur
1207 3225 1267 3281 in
1299 3224 1565 3282 futurum
1596 3225 1784 3282 eccle-

129 3313 375 3370 siastica
401 3313 779 3370 saecularisve
806 3329 1082 3385 persona,
1116 3313 1296 3385 hujus
1322 3318 1539 3370 nostroe
1568 3314 1784 3370 consti-

131 3402 375 3458 tutionis
400 3405 685 3474 paginam
709 3404 925 3469 sciens,
955 3410 1159 3459 contra
1175 3418 1310 3459 eam
1339 3407 1558 3459 temere
1581 3402 1781 3459 venire

129 3493 458 3555 tentaverit,
488 3491 755 3548 secundo
793 3493 1043 3548 tertiove
1070 3492 1464 3557 commonita,
1497 3490 1612 3548 nisi
1642 3507 1780 3548 rea-

129 3586 255 3637 tum
278 3598 458 3639 suum
490 3597 758 3651 congrua
774 3582 1180 3637 satisfactione
1209 3582 1550 3648 correxerit,
1584 3587 1779 3654 potes-

129 3671 262 3727 tatis
292 3672 657 3743 honorisque
691 3671 783 3726 sui
813 3677 1013 3727 careat
1046 3669 1353 3742 dignitate,
1386 3686 1678 3743 reamque
1711 3688 1775 3729 se

113 3757 320 3816 divino
344 3761 571 3832 judicio
596 3760 848 3817 existere
879 3761 952 3816 de
979 3765 1313 3832 perpetrata
1340 3760 1650 3833 iniquitate
1671 3776 1773 3818 co·

110 3855 378 3918 gnoscat,
412 3856 468 3907 et
493 3866 529 3905 a
551 3850 957 3907 sacratissimo
981 3864 1230 3921 corpore
1259 3865 1330 3905 ac
1347 3850 1643 3921 sanguine
1673 3849 1771 3907 Dei

108 3942 168 3994 et
200 3939 435 3995 Domini
477 3939 890 4011 Redemptoris
923 3939 1109 3994 nostri
1146 3938 1284 3994 Jesu
1316 3938 1528 3995 Christi
1574 3938 1770 3996 aliena

110 4025 237 4093 fiat,
257 4028 509 4101 atquein
529 4033 794 4085 extremo
812 4027 1088 4085 examine
1101 4028 1378 4083 districtas
1401 4028 1606 4085 ultioni
1629 4027 1768 4085 suh-

103 4115 320 4187 jaceat.
352 4117 590 4175 Cunctis
615 4124 815 4174 autem
843 4116 1036 4173 eidem
1068 4115 1203 4173 loco
1223 4132 1334 4173 sua
1354 4116 1493 4188 jura
1523 4132 1764 4175 servan-

104 4203 299 4267 tibus,
330 4205 406 4260 sit
433 4220 548 4277 pax
577 4204 812 4260 Domini
833 4204 1019 4260 nostri
1040 4205 1178 4260 Jesu
1205 4204 1435 4272 Christi,
1465 4208 1764 4277 quatenus

104 4299 162 4349 et
193 4293 289 4349 hic
323 4293 580 4349 fructum
624 4295 797 4351 bonae
828 4293 1079 4349 actionis
1119 4293 1473 4366 percipiunt,
1503 4300 1560 4350 et
1596 4294 1759 4366 apud

101 4381 433 4439 districtum
483 4382 752 4438 iudicem
809 4382 1056 4453 praemia
1113 4388 1351 4439 oeternoe
1386 4382 1554 4456 pacis
1596 4382 1759 4440 inve-

104 4470 289 4527 niant.
320 4473 532 4538 Amen,
561 4486 764 4527 amen.

175 4563 295 4632 Ego
329 4560 540 4618 Lucius
565 4560 872 4617 catholicas
899 4559 1173 4617 Ecclesiae
1200 4561 1541 4634 episeopus.

176 4651 296 4720 Ego
327 4650 614 4706 Theodin.
654 4652 932 4706 Portuen.
960 4653 1018 4704 et
1058 4651 1291 4707 Sanctoe
1330 4649 1554 4707 Rutinoe
1597 4649 1756 4707 sedis

99 4739 422 4812 episcopus
452 4756 540 4795 ss.

171 4831 292 4899 Ego
323 4828 632 4886 Heinricus
657 4827 949 4885 Albanen.
983 4829 1306 4901 episcopus
1331 4846 1411 4884 ss.

173 4919 292 4988 Ego
319 4919 551 4975 vunan.
578 4921 645 4974 tt.
678 4918 736 4974 S.
768 4916 1055 4989 Stephani
1094 4918 1155 4974 in
1192 4917 1370 4975 Coelio
1400 4917 1593 4975 Monte
1621 4933 1756 4991 pre-

102 5004 305 5078 sbyter
333 5008 500 5064 card.
521 5025 600 5063 ss.

172 5096 293 5166 Ego
319 5097 620 5153 Laborans
649 5096 850 5169 presb.
877 5095 1046 5152 card.
1077 5096 1133 5152 S.
1176 5095 1371 5154 litarioe
1397 5100 1562 5154 trans
1589 5096 1755 5154 Tibe-

101 5182 236 5239 rim.
262 5184 346 5240 tit.
379 5184 582 5243 Calixti
624 5202 705 5241 ss.

174 5274 296 5342 Ego
322 5273 628 5330 Rainerius
660 5274 859 5346 presb.
893 5273 1062 5332 card.
1092 5275 1190 5333 SS.
1222 5273 1471 5331 ioannis
1501 5278 1560 5331 et
1591 5273 1755 5332 Pauli

102 5362 185 5417 tit.
220 5362 584 5419 Pammachii
614 5379 694 5418 ss.

177 5452 299 5522 Ego
334 5450 630 5508 Hubertus
658 5452 862 5526 presb.
900 5453 1064 5512 card.
1110 5453 1195 5509 tit.
1248 5453 1306 5510 S.
1350 5452 1647 5510 Laurentii
1692 5452 1755 5512 in

100 5543 364 5607 Damaso
388 5556 477 5600 ss.

1792 4431 1839 4488 D

1898 455 2097 514 lorum
2126 473 2208 512 ss.

1972 548 2093 617 Ego
2118 546 2342 603 Arditio
2367 545 2527 603 diac.
2559 546 2725 604 card.
2755 548 2814 602 S.
2846 545 3142 604 Theodori
3183 563 3268 602 ss.

1969 637 2091 707 Ego
2122 633 2418 693 Gerardus
2452 636 2508 693 S.
2534 635 2777 693 Adriani
2807 636 2963 692 diac.
2996 635 3163 692 card.
3198 651 3281 692 ss.

1968 726 2088 794 Ego
2118 723 2425 781 Soflredus
2441 726 2498 782 S.
2515 724 2709 783 litarioe
2734 726 2792 782 in
2808 725 2911 782 Via
2938 727 3080 782 Lata
3100 724 3258 780 diac.
3282 724 3450 781 card.
3468 740 3556 783 ss.

1968 815 2089 886 Ego
2120 813 2369 870 Albinus
2390 812 2546 870 diac.
2574 813 2740 873 card.
2768 816 2825 872 S.
2860 813 3049 871 Mariae
3081 816 3255 870 Novae
3277 830 3367 868 ss.

1968 904 2179 960 Datum
2209 901 2458 970 velletri,
2491 918 2597 975 per
2639 919 2890 960 manum
2916 903 3137 960 Alberti
3167 902 3226 958 S.
3264 905 3548 960 Romanoe

1896 989 2168 1047 Ecclesiae
2191 991 2394 1064 presb.
2428 991 2592 1049 card.
2621 991 2896 1058 cancell..
2933 1008 2970 1048 11
3000 992 3125 1048 Kal.
3155 991 3306 1056 Maii,
3339 990 3549 1047 indict.

1890 1095 1929 1145 1,
1947 1078 2379 1137 incarnationis
2412 1080 2734 1138 Dominicae
2765 1097 2927 1139 anno
2972 1084 3125 1148 ¹183,
3162 1078 3549 1153 pontificatus

1872 1182 2033 1236 ,vero
2047 1167 2256 1226 domni
2287 1168 2446 1224 Lucii
2480 1185 2653 1241 papae
2679 1173 2743 1226 ΙΙΙ
2779 1185 2943 1227 anno
2974 1170 3261 1226 secundo.

2291 1258 2610 1315 Plumbum
2641 1261 2935 1329 appendet
2963 1278 2983 1315 .·
3015 1258 3219 1316 Luctus
3246 1260 3348 1315 ΡΡ.
3379 1257 3475 1313 111.

2673 1349 2782 1407 CV.

1886 1435 2313 1493 Monaslerium
2326 1436 2387 1493 S.
2395 1435 2650 1493 Martini
2662 1436 2725 1493 in
2737 1435 2948 1495 Insula
2961 1436 3242 1494 Barbara
3256 1435 3543 1493 tuendum

1887 1507 2152 1578 suscipit,
2197 1507 2702 1581 possessionesque
2738 1515 2793 1566 et
2832 1509 3151 1578 privilegia
3199 1508 3536 1576 confirmae.

2421 1578 2695 1650 (velletri,
2736 1580 2864 1638 Maii
2899 1580 3009 1651 tt.)

1888 1649 1991 1724 [Le
2018 1650 2369 1715 Linouneun,
2398 1651 2480 1707 les
2502 1651 2778 1708 Mazures
2807 1651 2879 1708 de
2918 1650 3112 1708 l'abba
3159 1667 3188 1707 e
3214 1650 3427 1721 royale
3465 1649 3541 1708 de

2285 1721 2444 1778 l’Isle
2481 1722 2697 1788 Bar-be.
2733 1726 2773 1779 t.
2818 1725 2858 1791 Ι,
2898 1739 2958 1795 p.
2999 1667 3156 1793 ¹¹55

1965 1812 2161 1868 Lucius
2189 1810 2531 1884 episcopus,
2563 1826 2773 1867 servus
2815 1826 3126 1867 servorum
3157 1811 3276 1878 Dei,
3307 1809 3538 1867 dilectis

1890 1899 2025 1956 filiis
2051 1901 2372 1957 Guicuinno
2401 1898 2608 1957 abbati
2642 1900 2983 1957 monasterii
3025 1901 3081 1957 S.
3116 1898 3342 1956 Martini
3372 1897 3540 1971 quod

1890 1987 2167 2045 ininsula
2191 1988 2451 2045 Barbara
2471 1989 2650 2045 situm
2676 1992 2786 2054 est,
2804 1988 3052 2060 ejusque
3083 1986 3386 2052 fratribus,
3415 1988 3540 2044 tam

1889 2077 2288 2150 praesentihus
2303 2092 2489 2150 quam
2504 2075 2738 2141 futuris,
2762 2076 3099 2149 regularem
3117 2076 3301 2133 vitam
3319 2072 3543 2147 profes-

1891 2166 1993 2237 sis,
2026 2168 2088 2222 in
2125 2171 2508 2241 perpetuum.

1964 2254 2246 2313 Effectum
2276 2256 2435 2327 justa
2463 2254 2913 2329 postulantibus
2942 2253 3256 2324 indulgere
3284 2257 3342 2311 et
3371 2253 3542 2324 vigor

1890 2343 2191 2415 oequitatis
2230 2348 2288 2401 et
2320 2344 2472 2401 ordo
2514 2343 2695 2414 exigit
2723 2342 2996 2409 rationis,
3028 2341 3364 2415 praesertim
3401 2356 3543 2399 cum

1893 2433 2222 2505 petentium
2250 2432 2622 2490 voluntatem
2656 2437 2714 2489 et
2739 2432 2929 2505 pietas
2968 2432 3214 2503 adjuvat
3242 2436 3298 2488 et
3325 2430 3546 2488 veritas

1892 2536 2016 2578 non
2055 2521 2360 2594 relinquit.
2411 2524 2755 2594 Eapropter‚
2788 2520 2987 2577 dilecti
3018 2521 3079 2576 in
3123 2520 3376 2577 Domino
3413 2519 3542 2584 filii,

1897 2610 2102 2667 vestris
2125 2609 2325 2666 multis
2358 2608 2855 2683 postulationihus
2880 2611 3199 2666 clementer
3219 2608 3547 2665 annuimus

1896 2703 1953 2755 et
1971 2698 2284 2771 praefatum
2306 2700 2735 2756 monasterium
2762 2699 2820 2753 in
2847 2713 2969 2770 quo
2980 2697 3119 2753 estis
3130 2696 3332 2754 divino
3348 2695 3548 2754 officio

1899 2789 2242 2859 mancipati,
2274 2789 2351 2844 ad
2383 2786 2693 2859 exemplar
2714 2785 2897 2844 felicis
2918 2784 3348 2843 recordationis
3376 2787 3551 2841 Inno-

1895 2877 2068 2932 centii
2091 2880 2147 2932 et
2171 2875 2492 2932 Alexandri
2525 2875 3037 2948 praedecessorum
3070 2878 3413 2930 nostrorum
3437 2873 3550 2929 Ro·

1896 2980 2216 3022 manorum
2242 2964 2616 3037 pontificum,
2641 2963 2756 3021 sub
2770 2962 2927 3022 beati
2942 2964 3087 3020 Petri
3115 2967 3170 3019 et
3196 2966 3399 3020 nostra
3413 2975 3551 3035 pro-

1822 3080 1862 3134 C
1896 3055 2149 3110 tectione
2179 3054 2544 3126 suscipimus
2574 3060 2631 3109 et
2660 3054 2972 3126 praesentis
3003 3052 3204 3124 scripti
3236 3050 3546 3124 privilegio

1891 3143 2426 3199 communimus.ln
2441 3142 2653 3216 primis
2666 3143 2964 3215 siquidem
2979 3144 3305 3199 statuentes
3327 3139 3551 3197 utordo

1891 3235 1948 3286 et
1977 3231 2411 3288 monasterium
2434 3231 2599 3305 quod
2622 3230 2955 3287 secundum
2979 3233 3164 3287 Deum
3196 3234 3253 3285 et
3279 3229 3339 3285 B.
3364 3230 3551 3286 Bene-

1890 3318 2033 3374 dicti
2062 3320 2349 3392 Regulam
2376 3320 2436 3376 in
2448 3319 2663 3376 eodem
2678 3318 2810 3376 loco
2836 3321 3170 3376 institutum
3196 3317 3551 3390 essedigno-

1890 3408 2092 3476 scitur,
2132 3409 2435 3481 perpetuis
2465 3408 2692 3465 ibidem
2727 3408 3091 3481 temporibus
3130 3406 3550 3464 inviolabiliter

1888 3496 2955 3570 observetur.Praetereaquascunque
2968 3495 3550 3569 possessionesquoe-

1887 3600 2126 3656 cunque
2166 3584 2328 3641 hona
2355 3585 2514 3642 idem
2558 3585 2985 3642 monasterium
3025 3583 3545 3657 inpraesentiarum

1879 3672 2041 3744 juste
2072 3679 2128 3729 et
2162 3673 2451 3730 canonice
2483 3672 2752 3745 possidet
2778 3679 2885 3729 aut
2913 3674 2973 3729 in
3012 3671 3279 3729 futurum
3306 3686 3546 3728 conces-

1885 3763 2056 3819 sione
2076 3762 2455 3835 pontificum,
2486 3762 2799 3834 largitione
2824 3777 3035 3833 regum
3067 3761 3156 3819 vel
3176 3759 3539 3834 principum,

1880 3851 2187 3909 oblatione
2215 3851 2483 3908 fidelium
2511 3868 2617 3908 seu
2636 3851 2769 3908 aliis
2774 3852 2798 3925 j
2811 3852 2954 3907 ustis
2977 3850 3329 3918 modis‚Deo
3340 3849 3541 3924 propi·

1880 3943 1963 3997 tio
1993 3941 2210 4013 poterit
2238 3940 2510 4012 adipisci,
2538 3940 2717 3997 firma
2752 3940 2922 3997 vohis
2948 3940 3274 4011 vestrisque
3301 3953 3544 3995 succes-

1877 4029 2121 4086 soribus
2151 4036 2205 4086 et
2237 4028 2464 4086 illibata
2490 4033 2902 4102 permaneant.
2919 4032 2978 4084 ln
3001 4028 3223 4102 quibus
3251 4027 3380 4085 haec
3400 4041 3536 4101 pro·

1875 4118 2025 4190 priis
2049 4118 2338 4176 duximus
2367 4117 2763 4190 exprimenda
2792 4117 3102 4175 vocabulis
3137 4133 3152 4173 t

1945 4208 2166 4264 Locum
2188 4207 2392 4280 ipsum
2412 4207 2471 4264 in
2504 4223 2627 4281 quo
2655 4206 2974 4280 praefatum
3002 4204 3438 4264 monasterium
3459 4204 3531 4263 si·

1874 4301 1999 4354 tum
2025 4301 2116 4352 est
2154 4313 2293 4353 cum
2320 4295 2609 4353 omnihus
2637 4296 3007 4369 pertinentiis
3036 4296 3158 4351 suis
3188 4299 3247 4352 et
3267 4293 3527 4352 ecclesiis

1869 4385 1931 4442 in
1959 4386 2174 4442 eadem
2197 4385 2394 4442 insula
2423 4386 2812 4443 constructis.
2838 4388 2899 4441 ln
2925 4385 3122 4455 burgo
3143 4388 3332 4449 extra,
3364 4383 3528 4441 littus

1867 4476 2067 4534 Araris
2093 4475 2407 4533 ecclesiam
2441 4477 2634 4534 Sancti
2665 4475 2890 4533 Nicolai
2919 4476 3398 4546 sanctorumque
3424 4472 3522 4531 ni·

1867 4566 2053 4622 nervii
2078 4570 2133 4621 et
2153 4564 2434 4622 Eleazari.
2469 4567 2532 4622 ln
2554 4566 2746 4623 Monte
2769 4569 2961 4620 Aureo
2985 4562 3300 4619 ecclesiam
3322 4560 3523 4619 Sancti

1867 4653 2090 4720 Nicetii,
2138 4654 2194 4710 in
2232 4653 2373 4711 villa
2411 4654 2658 4711 Pomerii
2701 4651 3013 4709 ecclesiam
3064 4651 3121 4707 S.
3166 4647 3405 4715 iuliani,
3458 4650 3519 4709 S.
3571 4641 3576 4646 ’

1866 4742 2144 4816 Cypriani
2177 4742 2252 4799 de
2292 4742 2596 4799 cassania.
2636 4739 2936 4813 Capellam
2979 4741 3034 4796 S.
3073 4736 3516 4795 Bartholomaei.

1867 4834 1929 4887 ln
1955 4830 2200 4887 Arderia
2229 4829 2543 4887 ecclesiam
2587 4829 2643 4886 S.
2671 4827 2919 4885 Joannis
2954 4833 3008 4884 et
3045 4829 3101 4884 S.
3137 4825 3414 4883 Germani
3451 4825 3515 4883 in

1862 4921 2199 4992 Taponaco.
2238 4917 2556 4974 Ecclesiam
2588 4918 2643 4975 S.
2677 4916 2872 4974 Mariae
2897 4919 2954 4972 et
2984 4917 3040 4973 S.
3072 4915 3223 4971 Justi
3255 4914 3330 4971 de
3361 4916 3516 4972 Ran-

1862 5008 2051 5073 ciaco‚
2091 5006 2405 5064 ecclesiam
2442 5004 2518 5063 de
2550 5007 2685 5070 Be0‚
2713 5004 3026 5062 ecclesiam
3069 5006 3126 5061 S.
3163 5003 3406 5060 Andreae
3438 5002 3518 5062 de

1860 5096 2181 5162 Cimaloco,
2214 5094 2525 5152 ecclesiam
2555 5094 2612 5151 S.
2647 5093 3074 5166 christophori.
3117 5091 3413 5165 capellam
3451 5092 3514 5150 S.

1865 5184 2302 5250 Bartholomoei,
2322 5183 2637 5241 ecclesiam
2653 5184 2707 5241 S.
2723 5182 2949 5242 Martini
2969 5182 3045 5239 de
3070 5181 3515 5254 Franchelams,

1862 5274 2176 5332 ecclesiam
2197 5274 2254 5329 S.
2281 5272 2625 5345 Euphemioe
2645 5272 2720 5329 de
2746 5272 3072 5337 luviniaco,
3105 5269 3423 5328 ecclesiam
3453 5271 3516 5330 S.

1867 5362 2136 5420 Florentii
2167 5368 2224 5418 et
2243 5360 2557 5418 ecclesiam
2585 5361 2641 5418 S.
2670 5361 2863 5418 uariae
2885 5360 2961 5417 de
2984 5360 3305 5427 Visiniaco,
3333 5359 3516 5416 eccle·

1866 5452 2020 5510 siam
2053 5451 2110 5508 S.
2142 5449 2287 5507 Petri
2321 5449 2398 5507 de
2428 5448 2487 5507 la
2518 5450 2892 5523 montaneyo,
2932 5448 3251 5507 ecclesiam
3281 5448 3340 5503 S.
3377 5449 3518 5506 Bar·

1870 5538 2195 5608 tholomai,
2222 5538 2536 5602 ecclesiam
2563 5539 2622 5600 S.
2659 5537 2888 5601 nai-tini
2913 5537 2990 5598 de
3018 5537 3305 5606 Floriaco,
3335 5536 3520 5596 eccle·
