3784 6000
164 250 288 315 383

1240 224 1658 295 (intumum
1702 220 2087 286 TYRENSIS
2125 218 2491 283 AncntEP.

3451 212 3575 276 88⁴

162 381 429 456 jusdam,
463 377 564 452 qui
594 391 732 449 erga
753 371 1012 430 eumdem
1036 367 1292 443 piurima
1312 363 1445 420 fidei
1476 364 1534 418 et
1554 358 1816 418 dilectio·
1843 355 1896 424 Α
1929 354 2110 411 tutius
2138 352 2467 426 iudicantes
2523 368 2629 426 per
2683 349 2826 408 alias
2865 365 3146 423 personas
3174 347 3285 405 boo
3313 347 3575 421 primum

175 471 269 529 nis
302 467 632 527 sinceritate
653 461 1007 528 abundabat,
1030 453 1370 529 hujusmodi
1393 452 1464 510 ad
1480 466 1611 508 eum
1626 462 1819 506 sermo

176 558 505 634 perveniret
536 571 551 611 ε
583 553 677 610 cui
706 551 789 607 rei
809 548 1064 621 plurima
1093 549 1150 602 et
1171 545 1350 616 digna
1378 542 1492 598 lide
1522 538 1819 612 reperiens

175 649 541 721 argumenta,
600 643 783 698 missa
821 637 1136 696 satellitum
1191 649 1437 692 suorum
1512 644 1819 687 numerosa

175 754 379 806 manu,
412 751 613 793 omnes
661 731 989 790 homicidas
1027 728 1159 785 ilios
1205 724 1388 783 teneri
1433 722 1726 797 praecepit,
1765 722 1823 776 et

177 825 425 884 vinculis
457 821 707 895 alligari.
737 820 994 876 Tandem
1027 834 1087 874 re
1117 833 1220 890 per
1249 813 1584 872 eorumdem
1599 810 1824 869 confes-

175 914 396 972 sionem
432 910 662 986 plenius
691 908 1006 974 intellecta,
1039 905 1308 963 factionis
1352 902 1509 959 iilius
1534 898 1823 975 principes

176 1003 447 1061 excaecari
475 999 821 1074 praecipiens
847 1016 864 1067 3
894 996 1039 1054 alios
1059 992 1331 1067 vero,qui
1357 992 1556 1049 minus
1572 989 1824 1062 delique-

177 1100 330 1158 rant,
365 1090 698 1149 conflscatis
728 1104 931 1146 eorum
962 1085 1152 1154 bonis,
1187 1084 1330 1140 urbe
1361 1083 1498 1139 fecit
1526 1084 1782 1137 extorres
1807 1096 1822 1148 ;

179 1180 429 1241 aliorum
450 1186 646 1238 autem
687 1175 1069 1235 substantiam
1111 1190 1249 1232 suos
1275 1171 1570 1245 applicans
1599 1168 1826 1238 aerario,

180 1269 346 1327 urbis
383 1268 742 1326 habitatione
787 1266 1107 1323 clementer
1155 1262 1400 1329 indulta,
1451 1257 1827 1333 pecunialiter

179 1363 412 1417 tantum
441 1356 728 1414 multavit.
759 1354 946 1425 Unde,
978 1356 1252 1426 suscepta
1290 1351 1361 1408 ad
1391 1349 1595 1423 viginti
1626 1363 1831 1405 aureo-

180 1464 312 1508 rum
333 1445 517 1504 millia
546 1445 893 1520 quantitate,
924 1443 1016 1501 his
1045 1441 1146 1517 qui
1175 1442 1248 1499 ad
1277 1456 1341 1498 se
1367 1442 1658 1507 venerant,
1691 1453 1830 1510 quo-

186 1552 430 1610 rumque
458 1551 565 1610 ope
598 1535 774 1592 urbes
805 1541 861 1592 et
907 1532 1161 1589 finitima
1188 1531 1298 1587 sibi
1320 1528 1673 1603 subjiciebat
1702 1542 1827 1583 mu·

190 1626 428 1700 nicipia,
453 1624 640 1682 multa
695 1622 1039 1680 liberalitate
1096 1617 1370 1692 erogabat
1416 1616 1710 1690 stipendia
1730 1634 1746 1686 ς
1770 1618 1831 1670 et

181 1720 307 1774 tam
329 1714 553 1772 civibus
565 1729 743 1786 quam
756 1710 990 1786 populis
1007 1707 1434 1781 adjacentibus,
1455 1703 1580 1763 solo
1595 1704 1831 1760 nomine

185 1805 468 1863 inferebat
498 1802 890 1860 formidinem.
923 1798 1086 1855 Unde
1116 1801 1174 1854 et
1208 1796 1279 1853 de
1317 1796 1446 1867 ejus
1489 1791 1833 1850 exterminio

188 1895 360 1953 multi
383 1911 519 1952 cum
549 1893 708 1951 omni
740 1890 1131 1949 sollicitudine
1162 1886 1531 1960 cogitabant3
1562 1884 1643 1942 ita
1667 1886 1729 1940 ut
1742 1898 1832 1940 so-

186 2000 284 2043 cer
313 1984 444 2056 ejus
474 1984 712 2051 timens,
736 1997 840 2038 nec
871 1997 974 2054 pro
1005 1979 1160 2037 dotis
1207 1976 1464 2048 residuo,
1492 1990 1668 2048 quam
1696 1988 1830 2030 cum

185 2074 305 2131 fllia
335 2073 706 2146 promiserat,
731 2070 978 2128 necdum
1036 2067 1414 2142 persolverat,
1440 2079 1642 2137 graves
1671 2079 1833 2136 quae·

185 2163 408 2221 stiones
434 2165 750 2236 pateretur,
781 2161 841 2216 iu
873 2163 1120 2226 montes,
1154 2156 1250 2214 ubi
1280 2173 1389 2214 sua
1408 2153 1663 2212 habebat
1694 2168 1837 2225 proe·

188 2252 362 2324 sidia,
396 2251 543 2309 clam
577 2250 818 2322 aufugit.

813 2372 1041 2430 CAPUT
1086 2371 1208 2429 vn.

189 2504 355 2560 Bolas
381 2503 750 2575 proditionem
803 2501 1058 2557 adversus
1084 2501 1337 2557 comitem
1368 2498 1598 2554 molitur
1614 2512 1637 2563 ;
1665 2510 1836 2552 comes

261 2573 374 2632 sibi
422 2577 720 2645 praecum,-
749 2575 1046 2643 capiuntut·
1100 2588 1171 2628 ex
1223 2572 1340 2639 eius
1395 2572 1558 2626 sociis
1586 2568 1832 2640 quidam.

263 2645 559 2702 Pulcher-us
590 2646 940 2701 Carnotemis
969 2659 1156 2700 casum
1184 2641 1358 2700 reddit
1388 2640 1666 2697 leviorem.
1699 2639 1837 2695 Bal-

264 2717 370 2774 duc
395 2716 645 2791 proditor
663 2714 950 2774 occiditur.

267 2861 403 2919 Erat
432 2878 601 2935 porro
631 2861 691 2918 in
712 2862 912 2918 eadem
945 2861 1175 2934 regione
1205 2859 1418 2918 nobilis
1440 2858 1705 2932 quidam,
1736 2870 1836 2928 ge-

198 2966 335 3010 nere
362 2951 608 3025 Tarona,
639 2950 812 3009 Baias
829 2951 1084 3024 nomine,
1105 2952 1296 3010 eidem
1320 2949 1522 3008 comiti
1550 2946 1838 3006 confoede-

1924 443 2045 501 fleri
2079 443 2562 515 experimentum.
2616 441 2873 506 Quorum
2931 439 3204 512 prudenti
3246 453 3448 494 comes
3477 453 3576 494 ae-

1925 533 2234 607 quiescens
2265 531 2534 598 consilio,
2560 530 2870 588 duodecim
2918 530 2990 585 de
3030 528 3157 584 suis
3202 527 3353 583 viros
3400 527 3579 584 robu-

1925 621 2218 678 stissimos
2246 624 2303 677 et
2357 623 2617 676 armatos
2668 617 2916 690 egregie,
2948 617 3007 672 in
3041 614 3582 687 praesidiumjussit

1925 707 2205 776 introire;
2237 709 2361 780 ipse
2418 710 2616 763 autem
2666 705 2921 762 exterius
2950 703 3013 760 iu
3039 702 3167 760 loco
3210 701 3355 759 satis
3384 701 3580 758 vicino

1927 816 2062 858 cum
2121 798 2346 871 reliqua
2393 797 2629 855 millitia
2671 796 2936 854 subsedit
2993 795 3248 867 quietus,
3279 794 3467 851 donec
3496 792 3583 850 rei

1928 889 2149 946 exitum
2182 889 2295 944 tide
2324 886 2683 959 conspiceret
2703 885 2952 943 oculata.
2976 883 3085 949 Qui
3106 887 3303 939 autem
3325 882 3583 956 ingressi

1930 988 2106 1047 sunt;
2138 977 2402 1035 fraudem
2456 984 2514 1032 et
2571 974 2857 1033 malitiam
2905 972 3095 1045 iniqui
3150 972 3463 1045 proditoris
3520 971 3580 1028 in

1931 1069 2158 1142 seipsos
2187 1067 2409 1140 experti
2441 1070 2614 1123 sunt:
2642 1081 2776 1122 nam
2828 1063 3040 1136 egressi
3091 1061 3165 1119 de
3192 1060 3462 1119 latibulis
3489 1079 3585 1119 ar·-

1932 1159 2075 1216 mati
2106 1158 2178 1215 ad
2211 1171 2465 1229 unguem
2498 1155 2696 1224 Turci,
2717 1156 2792 1210 de
2816 1154 3031 1226 quibus
3050 1151 3429 1226 praediximus
3446 1167 3586 1210 cen-

1930 1255 2081 1319 tum,
2113 1251 2387 1307 seductos
2443 1247 2664 1319 equites
2711 1245 2980 1301 resistere
3019 1242 3299 1310 volentes,
3334 1243 3438 1298 sed
3491 1240 3583 1297 in-

1932 1357 2187 1409 cassum,
2238 1337 2515 1396 violenter
2561 1334 3145 1409 comprehenderunt,
3182 1331 3434 1391 vinculis
3483 1346 3587 1389 eos

1934 1431 2360 1503 mancipantes.

2006 1522 2130 1587 Quo
2164 1519 2416 1593 cognito,
2449 1531 2642 1574 comes
2681 1532 2781 1589 pro
2830 1513 2957 1571 suis
2985 1512 3283 1582 fidelibus,
3317 1528 3467 1586 quos
3500 1513 3586 1570 ita

1933 1609 2334 1667 fraudulenter
2363 1605 2663 1671 amiserat,
2684 1604 2873 1660 tristis
2900 1602 3217 1659 admodum
3246 1604 3304 1657 et
3333 1603 3588 1658 maxime

1938 1700 2239 1768 sollicitus,
2291 1697 2569 1754 accedens
2615 1693 2857 1768 propius
2906 1694 2976 1750 ad
3017 1691 3370 1766 proesidium‚
3409 1691 3589 1764 coepit

1941 1792 2107 1850 Baias
2136 1789 2445 1862 diligenter
2490 1801 2889 1856 commonere;
2921 1789 2980 1841 et
3027 1784 3138 1842 sub
3170 1783 3588 1856 obtentujura-

1940 1883 2298 1946 mentorum,
2330 1894 2455 1953 quoe
2486 1876 2572 1933 illi
2602 1878 2674 1934 de
2705 1875 3065 1933 observanda
3104 1873 3384 1931 fidelitate
3413 1860 3588 1932 exhi-

1941 1971 2168 2041 buerat,
2184 1969 2461 2027 attentius
2474 1966 2779 2025 convenire
2806 1968 2889 2033 ut,
2923 1971 3162 2037 sumpta
3192 1962 3591 2022 immensitate

1941 2059 2222 2135 pecunias,
2252 2074 2397 2132 quos
2446 2056 2760 2130 proditiose
2789 2058 3040 2127 ceperat,
3070 2053 3441 2123 restitueret;
3488 2067 3590 2110 ne·

1942 2150 2097 2222 gavit
2119 2149 2370 2220 penitus,
2410 2146 2524 2203 nisi
2569 2148 2621 2203 ei
2679 2144 2947 2215 Sororgia
2995 2144 3355 2201 redderetur.
3385 2143 3591 2201 Comes

1943 2243 2139 2297 autem
2170 2238 2369 2295 videns
2394 2237 2549 2309 quod
2584 2252 2696 2292 non
2729 2235 3073 2308 proficeret3
3107 2237 3232 2291 erat
3261 2234 3415 2290 enim
3440 2250 3589 2305 prae·

1947 2328 2159 2386 sidium
2196 2327 2254 2382 in
2286 2325 2532 2384 excelsis
2588 2323 2834 2396 rupibus
2879 2323 3081 2389 situm,
3116 2329 3237 2379 arte
3283 2324 3341 2379 et
3366 2321 3591 2379 viribus

1949 2415 2368 2490 insuperabile,
2401 2429 2666 2471 reversus
2704 2421 2790 2469 est
2838 2412 3139 2480 Edessam,
3174 2426 3413 2467 suorum
3440 2426 3594 2484 tegre

1945 2508 2138 2566 ferens
2169 2504 2581 2578 captivitatem,
2612 2507 2669 2560 et
2721 2502 2980 2558 fraudem
3037 2516 3215 2573 quam
3268 2499 3594 2573 pertulerat

1944 2594 2140 2654 animo
2170 2591 2470 2650 revolvens
2529 2590 2813 2647 anxietate
2871 2589 3071 2646 nimia.
3107 2588 3355 2645 Praeerat
3391 2591 3590 2645 autem

1944 2683 2231 2761 praedictae
2261 2681 2391 2738 urbi
2412 2681 2715 2752 sororgiae,
2747 2679 2986 2752 quidam
3025 2677 3334 2734 Fulbertus
3371 2677 3592 2734 Carno-

1945 2773 2150 2843 tensis,
2180 2773 2270 2829 vir
2322 2772 2386 2828 in
2434 2770 2786 2827 militaribus
2827 2768 3071 2842 negotiis
3120 2766 3593 2840 expertissimus,

1946 2869 2180 2922 centum
2210 2859 2681 2935 expeditissimos
2722 2859 2832 2916 sub
2872 2875 2934 2915 se
2963 2858 3186 2915 habens
3216 2857 3465 2930 equites.
3486 2856 3596 2913 Hic

1947 2954 2145 3012 dolum
2178 2950 2541 3025 comperiens
2571 2965 2746 3023 quem
2777 2948 3053 3007 dominus
3073 2948 3201 3020 eius
3233 2962 3445 3021 passus
3467 2947 3594 3005 fue-

195 3042 491 3115 ratus‚qui
512 3040 831 3115 aliquando
852 3042 1137 3115 Sororgiae
1173 3040 1448 3098 dominus
1471 3039 1680 3108 fuerat,
1702 3040 1838 3093 ante
1952 3049 2061 3116 rat,
2094 3048 2215 3101 tota
2254 3047 2446 3100 monte
2484 3057 2842 3113 compassus,
2883 3038 3165 3096 estuabat
3195 3039 3412 3105 animo,
3446 3053 3594 3111 quo.

196 3129 367 3188 tuum
398 3132 739 3189 Latinorum
771 3134 1131 3205 frequentem
1154 3147 1458 3188 accessum
1490 3128 1691 3188 comiti
1715 3127 1836 3200 plu·
1869 3116 1913 3184 C
1953 3136 2121 3193 modo
2140 3135 2363 3190 tantam
2397 3131 2774 3188 ulcisceretur
2797 3129 3099 3202 injuriam,
3123 3127 3288 3185 Unda
3316 3127 3412 3184 (110
3453 3143 3597 3201 qua.

199 3219 420 3277 rimum
447 3220 772 3278 familiaris.
791 3221 1106 3278 liicvidens
1121 3221 1273 3294 quod
1288 3220 1437 3277 circa
1456 3235 1591 3276 eum
1613 3218 1844 3275 comitis

202 3325 364 3367 amor
386 3310 738 3380 intepuerat,
768 3311 889 3367 sive
935 3316 1142 3383 rogatu
1178 3310 1413 3379 civium,
1443 3310 1563 3366 sive
1611 3304 1846 3380 propria

203 3400 416 3456 ductus
441 3398 686 3469 malitia,
718 3400 963 3457 accessit
991 3401 1059 3456 ad
1091 3416 1224 3457 eum
1258 3415 1434 3456 orans
1464 3403 1521 3454 et
1549 3403 1752 3470 petens
1784 3402 1845 3453 ut

205 3488 468 3559 unicum,
499 3490 657 3561 quod
687 3490 740 3546 ei
771 3494 1074 3562 supererat
1095 3489 1453 3562 praesidium,
1472 3485 1847 3559 veniensipse

204 3576 268 3635 iu
300 3580 537 3651 propria
593 3596 862 3652 persona,
894 3580 1214 3651 susciperet
1242 3595 1258 3635 ε
1317 3580 1612 3637 asserebat
1666 3578 1846 3644 enim,

208 3668 324 3725 sibi
349 3670 478 3741 ejus
509 3669 756 3741 gratiam
778 3670 1065 3739 sufficere,
1087 3673 1144 3725 et
1173 3686 1274 3741 pro
1298 3668 1484 3725 multa
1512 3668 1847 3725 haereditate

210 3757 491 3831 reputari.
525 3758 773 3816 Uxorem
798 3764 994 3816 autem
1026 3777 1091 3816 ao
1121 3760 1426 3829 liberoS,et
1450 3775 1681 3816 omnem
1714 3758 1848 3815 sub-

210 3847 483 3904 stantiam
540 3865 706 3906 suam
747 3850 807 3905 in
867 3852 1071 3908 urbem
1102 3849 1452 3907 Edessenam
1475 3850 1769 3905 asserebat
1788 3865 1850 3906 se

208 3935 352 3993 velle
381 3938 747 3995 introducere
780 3954 796 3994 τ
827 3939 1083 3996 multum
1112 3939 1264 3995 enim
1288 3938 1696 3996 contribulium
1726 3953 1851 3994 suo·

211 4041 343 4081 rum
376 4026 833 4097 indignationem
849 4028 1107 4101 fingebat
1127 4044 1191 4086 se
1223 4029 1424 4099 vereri,
1445 4045 1512 4085 eo
1542 4044 1658 4101 quo
1696 4026 1853 4084 Chri-

211 4113 423 4171 stianis
453 4117 635 4171 factus
666 4120 821 4174 esset
850 4118 1174 4175 familiaris.
1206 4118 1431 4184 Quibus
1451 4119 1641 4175 verbis
1662 4131 1854 4174 comes

213 4219 550 4275 persuasus,
575 4204 726 4261 diem
765 4206 1040 4273 condixit,
1071 4214 1134 4263 ut
1164 4209 1236 4265 ad
1265 4209 1458 4266 locum
1491 4209 1850 4281 perveniens,

214 4291 342 4360 ejus
366 4294 728 4350 satisfaceret
773 4294 1077 4351 voluntati.
1112 4297 1341 4355 Statuta
1393 4302 1588 4355 autem
1619 4298 1732 4367 dic,
1767 4314 1854 4354 as·

215 4382 471 4455 sumptis
490 4397 688 4439 secum
711 4383 978 4440 ducentis
1000 4386 1316 4456 equitibus,
1340 4390 1411 4444 ad
1434 4389 1629 4446 locum
1646 4390 1855 4462 praevio

1950 3229 2086 3285 dam
2118 3223 2322 3299 positis
2354 3222 2411 3278 in
2443 3221 2570 3279 loco
2594 3221 2664 3279 ad
2705 3221 2762 3277 id
2819 3223 3142 3292 opportuno
3173 3217 3425 3284 insidiis,
3460 3220 3598 3276 aute

1952 3317 2164 3388 saepius
2214 3315 2601 3371 memoratum
2649 3311 2947 3383 oppidum,
2976 3309 3145 3383 quasi
3193 3310 3450 3384 praedam
3494 3310 3598 3367 ab·

1956 3410 2360 3473 acturus,cum
2384 3402 2585 3475 paucis
2600 3400 2949 3470 studIose,ut
2976 3416 3110 3458 eum
3129 3400 3601 3473 insequerentur,

1955 3494 2235 3566 accessit3
2267 3492 2368 3567 qui
2399 3496 2594 3549 autem
2642 3495 2809 3549 erant
2846 3492 2905 3548 in
2954 3491 3293 3564 municipio,
3340 3489 3607 3547 videntes

1958 3586 2114 3658 quod
2146 3600 2216 3640 ex
2243 3581 2471 3656 pascuis
2503 3580 2757 3651 praedam
2790 3578 3063 3651 abigeret,
3088 3578 3267 3635 armis
3297 3577 3605 3650 correptis,

1960 3673 2224 3731 certatim
2258 3671 2423 3728 illum
2470 3670 2622 3726 ultra
2652 3686 2800 3741 quas
2831 3669 2988 3725 idem
3030 3671 3302 3741 posuerat
3330 3668 3605 3736 insidias,

1957 3762 2224 3820 insectati
2255 3764 2392 3817 sunt
2429 3760 2769 3831 fugientem.
2803 3757 2968 3815 Unde
3014 3758 3328 3830 resumptis
3354 3756 3609 3829 viribus,

1958 3856 2016 3909 et
2043 3848 2486 3921 erumpentibus
2504 3847 2598 3904 his
2627 3847 2726 3920 qui
2762 3848 3142 3913 latuerant‚in
3161 3862 3263 3904 eos
3285 3846 3604 3909 irruentes,

1957 3940 2314 4014 quibusdam
2336 3938 2679 4007 interfectis,
2694 3936 2823 3994 aliis
2836 3937 2895 3993 in
2907 3937 3187 4011 oppidum
3203 3937 3293 3993 vix
3314 3934 3610 4010 refugium

1959 4029 2336 4099 habentibus,
2367 4045 2438 4086 ex
2475 4028 2561 4085 eis
2610 4043 2713 4084 sex
2757 4028 2917 4084 vivos
2967 4025 3411 4100 comprehendit
3452 4045 3469 4097 ς
3503 4041 3611 4098 pro

1961 4122 2173 4196 quibus
2202 4120 2444 4178 totidem
2467 4120 2538 4176 de
2560 4118 2702 4186 suis,
2727 4118 2952 4175 modico
2974 4116 3256 4190 temporis
3276 4114 3611 4185 intervallo,

1965 4213 2115 4269 facta
2178 4207 2671 4283 compensatione,
2724 4206 2976 4280 recepit3
3025 4215 3275 4281 quatuor
3336 4221 3474 4264 vero
3542 4221 3615 4263 ex

1964 4302 2205 4371 eisdem,
2237 4300 2494 4372 deceptis
2524 4297 2866 4355 custodibus
2914 4296 3114 4368 elapsi,
3146 4295 3209 4353 in
3240 4311 3403 4354 suam
3437 4312 3500 4353 se
3523 4311 3617 4353 re-

1964 4394 2241 4463 ceperunt
2303 4389 2664 4455 libertatem;
2696 4387 2845 4443 duos
2901 4402 3058 4454 vero,
3101 4386 3201 4459 qui
3260 4386 3329 4443 de
3370 4383 3615 4443 illorum

216 4472 358 4530 Bala
415 4473 766 4531 destinatum
825 4475 1102 4547 pervenit.
1138 4477 1307 4534 Baias
1346 4482 1538 4535 autem
1569 4481 1851 4552 oppidum
1884 4495 1931 4560 D
1964 4484 2312 4554 supereraut
2353 4493 2616 4544 numero,
2645 4477 2735 4533 vir
2760 4492 3008 4547 nequam
3052 4482 3108 4532 et
3154 4475 3366 4548 impius
3413 4473 3612 4533 decol-

214 4562 444 4622 occulte
462 4564 893 4637 praemunierat.
916 4566 1139 4622 Turcos
1160 4573 1391 4625 centum
1421 4569 1601 4626 fortes
1632 4570 1854 4631 viribus
1965 4570 2073 4627 lari
2096 4566 2573 4641 praecepit.Unde
2589 4568 2806 4622 factum
2832 4569 2997 4623 estut
3024 4564 3098 4621 ab
3122 4580 3195 4622 ea
3222 4565 3316 4621 die
3337 4564 3617 4621 domiuus

214 4664 269 4713 et
294 4655 478 4714 armis
505 4654 722 4726 optime
748 4656 1069 4713 instructos
1100 4657 1494 4729 introducam,
1524 4661 1624 4732 qui
1655 4662 1734 4717 ita
1764 4663 1857 4719 la-

214 4746 418 4805 tebant
446 4747 504 4804 in
552 4746 849 4820 praesidio,
880 4754 940 4803 ut
996 4746 1196 4805 nullus
1240 4764 1309 4806 ex
1345 4750 1428 4806 eis
1478 4757 1857 4823 compareret.

215 4838 360 4894 Cum
391 4850 529 4909 ergo
550 4842 683 4893 ante
730 4833 1012 4908 oppidum
1069 4835 1488 4908 constitissent,
1513 4838 1738 4910 rogavit
1766 4857 1859 4898 co-

218 4926 422 4982 mitem
452 4929 517 4982 ut
546 4941 679 4983 cum
712 4925 915 4999 paucis
944 4931 999 4981 et
1046 4925 1436 4983 familiaribus
1485 4933 1743 4987 castrum
1773 4929 1862 4987 in-

217 5014 575 5085 grederetur,
606 5031 679 5073 ne
707 5015 850 5073 forte
874 5015 1036 5072 omni
1093 5014 1194 5072 illa
1223 5017 1558 5074 intromissa
1589 5018 1860 5077 multitu-

219 5103 376 5172 dine,
406 5102 607 5177 ipsein
626 5104 956 5162 substantia
977 5093 1354 5179 sua'aliquam
1364 5108 1657 5179 jacturam
1685 5110 1862 5165 susti-

220 5198 398 5253 neret.
431 5198 499 5252 Et
521 5195 647 5267 jam
708 5212 809 5265 pro
856 5202 983 5252 voto
1033 5200 1243 5253 cuncta
1285 5212 1429 5268 pene
1469 5202 1858 5271 persuaserat,

220 5301 353 5344 oum
398 5286 790 5358 proditionem
847 5284 1275 5357 quodammodo
1309 5288 1713 5361 praesagientes
1733 5287 1860 5360 qui·

218 5375 376 5444 dam,
408 5375 510 5448 qui
542 5375 696 5433 circa
742 5387 879 5431 eum
926 5379 1092 5432 crant
1121 5375 1344 5433 nobiles
1393 5381 1451 5434 et
1477 5376 1583 5433 viri
1617 5377 1862 5435 circum·

222 5464 425 5535 specti,
440 5464 664 5534 ingredi
677 5464 964 5521 volentem
981 5465 1151 5538 quasi
1164 5464 1448 5523 violenter
1456 5467 1768 5526 detinueru
1776 5470 1861 5536 nt,

223 5551 479 5611 hominis
524 5559 860 5626 suspectam
907 5555 1113 5614 merito
1150 5554 1434 5615 habentes
1464 5557 1775 5628 malitiam,
1803 5561 1864 5617 et

1968 4659 2292 4718 Baiduinus
2349 4657 2676 4712 Turcorum
2708 4655 3024 4711 declinaret
3054 4652 3395 4721 amicitiam,
3423 4657 3482 4710 et
3512 4668 3616 4710 su-

1972 4759 2229 4823 spectam
2287 4748 2520 4821 penitus
2564 4745 2805 4803 haberet
2833 4745 3007 4803 fldem
3042 4760 3059 4803 ε
3091 4745 3246 4818 quod
3269 4743 3475 4801 statim
3504 4743 3622 4801 evi-

1971 4840 2131 4897 denti
2163 4839 2360 4895 docuit
2383 4834 3057 4909 argumento.Eratenim
3074 4834 3136 4891 in
3156 4835 3357 4892 eadem
3379 4833 3621 4908 regione

1972 4928 2214 5002 quidam
2228 4927 2491 4997 eJusdem
2506 4924 2757 4998 generis,
2779 4923 2916 4980 Bald
2928 4940 2998 4980 uc
3015 4924 3270 4994 nomine,
3286 4921 3388 4996 qui
3408 4924 3621 4981 urbem

1972 5017 2345 5074 Samosatum
2373 5016 2625 5070 veterem
2648 5016 2706 5068 et
2723 5011 3207 5078 munitissimam,
3229 5009 3414 5080 pretio
3444 5009 3625 5067 inter-

1970 5108 2258 5174 veniente,
2291 5104 2479 5162 eidem
2514 5100 2716 5161 comiti
2755 5100 3112 5158 vendiderat.
3148 5101 3254 5158 Hic
3282 5115 3533 5157 uxorum
3565 5105 3628 5157 et

1970 5197 2276 5266 liberos,et
2296 5195 2630 5252 universam
2652 5189 2932 5249 familiam
2945 5189 3006 5246 in
3034 5190 3238 5248 urbem
3259 5189 3623 5247 messanam

1970 5288 2277 5346 traducere
2305 5283 2616 5342 tenebatur
2640 5297 2711 5339 ex
2738 5288 3040 5353 compacto
3065 5297 3081 5353 3
3111 5281 3213 5339 sed
3243 5279 3438 5337 calvas
3468 5296 3628 5354 qute-

1973 5393 2106 5434 rens
2136 5374 2495 5442 occasiones,
2524 5372 2893 5447 propositum
2935 5370 3256 5445 adimplere
3293 5368 3627 5442 differebat,

1970 5467 2328 5543 malignandi
2387 5480 2653 5539 quaerens
2682 5462 3148 5537 oppotunitatem
3176 5480 3191 5521 ε
3223 5462 3381 5519 buno
3420 5461 3496 5519 ad
3560 5480 3627 5521 se

1972 5573 2135 5618 more
2164 5559 2496 5632 ingressum
2525 5553 2718 5626 solito,
2741 5558 2798 5612 et
2827 5568 3002 5611 mores
3031 5567 3239 5611 causas
3268 5551 3623 5624 allegantem
