3784 6000
276 196 425 255 1467·

1719 199 1910 258 LUCII
1946 198 2022 255 III
2059 197 2267 254 PAPAE

3553 198 3693 257 {¹68

260 319 362 388 jus
387 319 625 376 valeant
665 322 1035 393 malignitate
1088 325 1344 393 turbari,
1408 325 1742 398 apostolico
1783 327 1925 380 sunt
1953 326 2001 381 Α
2032 337 2212 395 super
2230 321 2343 378 hoc
2356 321 2574 378 muniri
2599 320 2949 378 auctoritate
2961 321 3292 393 apostolica
3310 322 3691 396 postulastis.

270 408 606 466 munimine
616 409 977 469 roboranda.
992 412 1584 487 Quapropter,dilecti
1597 415 1655 469 in
1667 412 1925 469 Domino

269 495 397 564 filii,
441 501 651 554 vestris
663 499 844 570 justis
877 502 1261 574 petitionibus
1305 508 1476 574 grato
1505 505 1925 559 concurrentes

269 600 541 652 assensu,
568 589 1007 645 concessionem
1030 589 1198 647 vobis
1226 598 1283 647 et
1316 607 1419 664 per
1466 606 1574 647 vos
1620 596 1925 647 monaste-

271 673 361 730 rio
392 679 582 731 vestro
607 675 826 733 factam
855 693 893 734 a
922 679 1248 736 venerabili
1295 680 1472 736 Iratre
1494 685 1700 736 nostro
1731 681 1794 736 G.
1828 679 1926 735 Seae

272 764 527 819 nonensi
542 765 1015 839 archiepiscopo,
1031 772 1088 823 et
1102 769 1233 840 ejus
1248 768 1730 826 antecessoribus
1750 767 1925 824 bonae

272 852 597 919 memoriae,
626 853 907 912 Daiberto
952 863 1009 913 et
1040 858 1378 924 Vuillelmo‚
1419 857 1495 914 de
1535 856 1797 914 ecclesiis
1848 856 1924 911 de

272 940 475 1009 Belna,
500 942 574 998 de
605 944 822 1000 Sancto
852 946 1042 1019 Lupo,
1084 946 1160 1003 de
1194 946 1544 1012 losenuilla‚
1566 946 1642 1003 de
1693 947 1821 1014 ver,
1848 944 1925 1001 de

276 1030 591 1098 Fericiaco,
620 1033 694 1088 de
726 1036 944 1090 Grandi
972 1035 1176 1108 Puteo,
1204 1042 1261 1094 et
1289 1037 1502 1093 Sancto
1527 1036 1928 1102 Andooeno,et

273 1120 735 1191 praesentatione
774 1123 1264 1197 presbyterorum
1288 1125 1349 1181 in
1379 1126 1608 1181 eisdem
1637 1123 1923 1190 ecclesiis,

273 1206 424 1263 sicut
453 1209 737 1265 canonice
768 1210 920 1268 facta
957 1217 1048 1269 est
1090 1218 1146 1270 et
1205 1218 1463 1277 servata,
1496 1219 1552 1270 et
1579 1213 1639 1269 in
1687 1212 1926 1283 scriptis

273 1295 630 1353 authenticis
657 1299 1017 1371 continetur,
1050 1301 1402 1359 auctoritate
1455 1301 1787 1374 apostolica
1832 1301 1929 1357 fir-

273 1401 515 1442 mamus
545 1388 920 1459 etpraesentis
953 1390 1151 1462 scripti
1177 1391 1399 1465 pagina
1429 1392 1876 1447 communimus
1907 1405 1923 1458 ;

276 1478 603 1531 statuentes
637 1481 699 1532 ut
745 1476 890 1533 nulli
941 1478 1192 1536 omnino
1220 1480 1536 1535 hominum
1572 1479 1767 1540 liceat.
1798 1484 1918 1536 etc.

348 1565 560 1620 Datum
592 1564 838 1637 velletri,
871 1572 1088 1639 quarto
1115 1570 1316 1624 Nonas
1342 1568 1556 1643 Aprilis
1587 1569 1744 1638 1¹82.

989 1673 1225 1733 Lxxvi.

274 1759 631 1818 Monasterio
659 1761 723 1817 S.
753 1759 1022 1831 Dionysii
1051 1764 1257 1820 asserit
1281 1763 1590 1820 ecclesiam
1614 1763 1688 1819 de
1715 1763 1923 1821 Forest

284 1889 288 1893 ,
346 1837 402 1888 et
429 1831 647 1888 alteria
666 1833 962 1904 quaedam,
989 1834 1066 1889 ab
1091 1834 1370 1906 episeopis
1396 1835 1924 1892 Gamerae-ensibus

345 1916 647 1960 concessa.

764 1974 1046 2047 (velletri,
1088 1975 1278 2049 April.
1344 1977 1425 2048 4.)

877 2064 1074 2138 [lbid.,
1105 2080 1163 2138 p.
1191 2066 1339 2136 517.]

349 2170 545 2224 Lucius
569 2167 908 2240 episcopus,
942 2182 1149 2222 servus
1189 2178 1500 2222 servorum
1533 2162 1658 2226 Dei,
1684 2161 1924 2232 §dilectis

273 2256 405 2313 filiis
443 2255 646 2314 abbati
674 2262 730 2312 et
760 2255 1075 2312 monachis
1105 2253 1301 2311 Sancti
1339 2252 1631 2325 Dionysii,
1666 2251 1921 2309 salutem

274 2350 332 2402 et
355 2342 747 2418 apostolicam
772 2343 1274 2401 benedictionem.

347 2432 807 2492 concessionem
828 2432 1001 2489 vobis
1025 2438 1083 2489 et
1113 2447 1331 2505 pervos
1343 2432 1707 2488 monasterio
1733 2436 1925 2487 vestro

278 2523 497 2580 factam
524 2539 560 2579 a
580 2523 904 2579 venerabili
931 2522 1108 2578 fratre
1139 2528 1342 2577 nostro
1369 2521 1781 2577 cameracensi
1806 2521 1928 2592 epi-

277 2626 463 2685 scopo
487 2617 544 2666 et
570 2610 621 2682 ej
633 2628 700 2666 us
736 2610 1215 2667 antecessoribus
1243 2608 1421 2666 bonoe
1449 2609 1756 2665 memoriae
1778 2607 1929 2664 Wal-

281 2708 425 2766 tero,
485 2699 712 2770 Odone,
764 2699 1003 2756 Nicolao
1056 2704 1113 2756 et
1162 2701 1410 2770 Rogero,
1461 2697 1536 2754 de
1575 2699 1824 2755 ecclesia
1851 2698 1928 2754 de

280 2791 501 2860 Forest,
527 2787 697 2844 altari
716 2788 792 2843 de
822 2786 1165 2859 Solempna,
1197 2785 1366 2842 altari
1395 2784 1473 2841 de
1503 2784 1845 2851 vertiniolo,
1871 2790 1930 2841 et

276 2878 612 2950 poriionem
635 2876 954 2949 cujusdam
982 2874 1231 2931 decimas
1286 2873 1357 2930 de
1414 2873 1577 2940 Kevi,
1634 2874 1785 2930 sicut
1835 2888 1932 2930 ca-

277 2966 492 3024 nonice
513 2966 671 3022 facta
707 2970 815 3031 est,
837 2973 894 3021 et
912 2963 1200 3020 hactenus
1220 2963 1559 3031 observata,
1599 2967 1657 3019 et
1688 2964 1747 3019 in
1787 2963 1932 3019 scri-

276 3056 394 3129 ptis
424 3054 780 3112 authenticis
807 3054 1163 3127 continetur,
1196 3054 1551 3110 auctoritate
1595 3052 1930 3125 apostolica

277 3143 710 3201 confirmamus
727 3148 785 3198 et
814 3140 1114 3215 praesentis
1135 3140 1337 3212 scripti
1389 3139 1722 3213 patrocinio
1764 3156 1927 3197 com·

196 3231 201 3236 '
277 3233 623 3298 munimus;
667 3235 995 3287 statuentes
1025 3234 1089 3285 ut
1127 3228 1274 3284 nulli
1330 3230 1579 3285 omnino
1612 3228 1927 3285 hominum

274 3320 446 3378 liceat
495 3320 654 3377 hanc
707 3320 996 3392 paginam
1056 3323 1275 3374 nostrae
1334 3316 1808 3374 confirmationis
1839 3318 1929 3374 in-

275 3410 552 3481 fringere,
580 3407 674 3465 vel
688 3399 756 3465 'ei
790 3423 941 3465 ausu
975 3406 1288 3464 temerario
1326 3405 1638 3464 contraire.
1686 3406 1742 3464 si
1789 3406 1928 3479 quis

277 3504 499 3565 autem,
530 3503 641 3555 etc.

350 3587 563 3643 Datum
616 3584 866 3651 velletri,
914 3582 1185 3641 secundo
1235 3582 1436 3640 Nonas
1484 3581 1723 3654 Aprilis.
1766 3583 1927 3639 ¹182.

970 3689 1224 3746 Lxxvu.

276 3779 532 3838 Henrico
555 3778 824 3849 episcopo
861 3785 915 3835 et
963 3778 1261 3833 Willelmo
1290 3776 1515 3833 decano
1541 3781 1597 3832 et
1620 3776 1923 3833 canonicis

350 3850 770 3923 Baiae-ensibus
796 3850 1105 3907 concedit«
1141 3848 1661 3918 uttamipsiquam
1701 3863 1923 3905 succes·

345 3938 504 3980 sores
533 3937 733 3979 eorum
761 3922 925 3991 apud
947 3920 1254 3978 ecetesiam
1266 3918 1666 3976 cathedralem
1681 3919 1924 3975 valeant

344 3993 601 4064 sepeliri.
630 4014 660 4046 »

797 4060 1073 4134 (velletri,
1093 4058 1275 4131 April.
1288 4059 1316 4113 1
1331 4064 1349 4115 1
1362 4060 1405 4131 .)

508 4145 513 4151 ’
588 4153 761 4224 [Opp.
813 4149 956 4205 Petri
1007 4148 1326 4213 Blesensis,
1358 4162 1418 4220 p.
1453 4144 1608 4221 771.]

346 4241 547 4298 Lucius
587 4239 927 4311 episcopus,
951 4252 1160 4293 servus
1184 4251 1496 4293 servorum
1518 4235 1639 4301 Dei,
1681 4249 1929 4292 venera-

276 4328 379 4387 bili
408 4328 572 4385 fratri
624 4329 867 4384 flenaico
912 4327 1191 4399 episcopo
1253 4331 1310 4382 et
1363 4325 1594 4382 dilectis
1621 4323 1754 4380 filiis
1786 4325 1927 4378 wit.-

274 4433 447 4475 ιιιιιο
480 4419 711 4474 decano
741 4419 796 4471 et
828 4414 1135 4472 canonicis
1191 4413 1641 4485 Bajocensibus,
1668 4412 1924 4469 salutem

274 4513 332 4564 et
358 4506 748 4580 apostolicam
775 4502 1289 4561 benedictionem.-

344 4593 872 4652 Reierentedilecto
895 4593 1016 4649 filio
1031 4592 1310 4664 magistro
1342 4590 1597 4650 Radulio
1625 4590 1923 4648 canonico

274 4690 488 4751 vestro,
527 4684 703 4741 nobis
739 4682 997 4739 innotuit
1046 4683 1207 4754 quod
1238 4696 1377 4736 cum
1425 4679 1572 4736 olim
1639 4678 1919 4736 monachi

271 4771 474 4831 Sancti
516 4771 741 4841 vigoris
772 4771 1259 4827 constitutionem
1305 4768 1622 4839 cuiusdam
1652 4765 1921 4840 episcopi

270 4862 452 4919 vestri
509 4859 786 4916 fecissent
843 4875 881 4916 a
934 4857 1117 4914 felicis
1174 4855 1605 4914 recordationis
1659 4857 1918 4913 Honorio

269 4950 403 5017 PP„
436 4950 876 5022 praedecessore
918 4950 1144 5013 nostro,
1172 4946 1525 5002 auctoritate
1585 4943 1918 5017 apostolica

267 5036 632 5102 confirmari,
685 5051 805 5107 qna
856 5034 969 5089 sub
1016 5032 1570 5090 excomunicatione
1609 5030 1916 5088 constituit

266 5143 342 5183 ne
379 5126 514 5198 quis
565 5124 988 5196 episcoporum
1041 5120 1129 5178 vel
1176 5120 1611 5178 canonicorum
1648 5118 1912 5176 ecclesiae

266 5220 467 5271 vestrae
496 5212 640 5268 alibi
670 5225 856 5283 quam
881 5210 1045 5283 apud
1077 5208 1507 5266 monasterium
1539 5206 1909 5281 sepulturam

262 5299 924 5371 haberet,nihilominus
937 5304 1137 5356 tamen
1151 5297 1314 5370 apud
1328 5296 1635 5353 ecclesiam
1648 5300 1909 5354 vestram

264 5390 732 5461 praedecessores
761 5388 936 5444 vestri
973 5387 1187 5460 sepulti
1227 5385 1489 5442 fuerunt.
1537 5385 1652 5441 vos
1707 5388 1907 5442 autem

260 5476 608 5550 praedictam
646 5475 1130 5535 constitutionem
1151 5473 1452 5532 humiliter
1486 5472 1905 5542 formidantes,

2032 414 2149 468 Nos
2178 411 2355 480 igitur
2385 410 2660 482 precibus
2683 409 2895 467 vestris
2925 409 3246 481 benignius
3270 412 3564 479 inclinati,
3587 427 3699 469 ex-

2031 499 2621 556 communicationem
2635 497 2934 570 praetatam
2948 497 3336 558 decernentes
3347 500 3424 558 de
3439 500 3696 559 fratrum

2031 588 2278 645 consilio
2304 603 2426 645 non
2456 593 2673 659 tenere,
2717 586 3051 659 apostolica
3079 591 3432 648 auctoritate
3471 605 3695 647 conce-

2030 676 2256 743 dimus,
2289 681 2354 732 ut
2382 681 2505 732 tam
2534 691 2637 732 vos
2681 691 2867 749 quam
2901 691 3281 734 successores
3307 679 3492 737 vestri
3520 678 3694 752 apud

2032 765 2437 822 cathedralem
2466 764 2782 821 ecclesiam
2809 763 3075 831 valeatis,
3124 767 3611 826 contradictione
3636 772 3700 824 et

2032 854 2432 927 appellatione
2464 853 2823 926 postposita,
2838 853 3091 926 sepeliri.
3107 855 3260 912 Nulli
3279 871 3422 928 ergo
3433 858 3699 914 omnino

2032 943 2709 1001 hominumliceathanc
2740 942 3027 1013 paginam
3061 950 3276 1002 nostrae
3305 946 3701 1003 constitutio-

2033 1033 2125 1088 nis
2155 1037 2212 1088 et
2240 1033 2644 1089 concessionis
2699 1031 3045 1101 infringere,
3078 1033 3166 1089 vel
3196 1034 3248 1090 ei
3301 1051 3456 1092 ausu
3510 1041 3701 1092 teme-

2033 1121 2192 1178 rario
2217 1121 2534 1178 contraire.
2563 1121 2621 1177 Si
2651 1121 2788 1192 quis
2816 1126 3020 1177 autem
3055 1122 3171 1179 hoc
3195 1129 3488 1182 attentare
3533 1140 3700 1197 prae-

2034 1212 2378 1284 sumpserit,
2409 1210 2886 1280 indignationem
2899 1211 3328 1283 omnipotentis
3341 1213 3445 1269 Dei
3467 1217 3530 1271 et
3545 1213 3702 1270 bea-

2034 1303 2231 1356 torum
2257 1299 2410 1355 Petri
2438 1304 2495 1355 et
2526 1297 2693 1356 Pauli
2734 1297 3145 1372 apostolorum
3193 1302 3320 1375 ejus
3350 1317 3416 1359 se
3453 1301 3698 1360 noverit

2032 1389 2435 1445 incursurum.

2103 1477 2318 1535 Datum
2345 1473 2592 1540 velletri,
2624 1488 2685 1529 m
2717 1472 2855 1528 Idus
2879 1472 3117 1545 Aprilis.

2724 1561 2994 1617 LXXVIII.

2033 1651 3698 1798 ‘¹&Ji-'mlsslsszz‘fftaitss'ztt-ssffsstir.‘2⁸22ssae

2963 1763 2977 1788 2

2107 1797 2399 1853 libertatis
2426 1796 2706 1850 Romana?
2723 1793 3002 1849 Ecclesiae
3025 1794 3307 1861 debitum,
3323 1796 3697 1865 diminuant,

2063 1917 2070 1923 .
2103 1877 2157 1925 et
2184 1884 2318 1924 cum
2348 1870 2409 1922 in
2435 1865 2651 1922 eisdem
2676 1863 3009 1936 privileqiis
3034 1869 3111 1921 sit
3153 1880 3501 1938 expressum
3532 1871 3698 1943 quod

2105 1939 2309 1996 libram
2320 1936 2557 2008 arpenti
2566 1936 3097 2007 Romanopontifici
3105 1942 3410 1995 annuatim
3424 1941 3699 1999 mouere

2103 2010 2376 2073 debeant,
2402 2007 2642 2063 nonnisi
2660 2021 2926 2064 marcam
2941 2009 3123 2064 velint
3138 2011 3693 2077 exsolvet-odiorum

2105 2078 3294 2150 ibimarcamdebereinteltiqiasserentes.
3325 2103 3354 2132 ιο
3376 2085 3694 2151 Attamen,

2098 2161 2333 2223 petente
2351 2152 2406 2207 S.
2437 2152 2750 2221 praeposito
2762 2150 3115 2221 Moountino
3138 2153 3411 2209 concedit
3424 2171 3457 2205 α
3472 2161 3698 2212 utnon·

2105 2225 2221 2281 nisi
2231 2238 2479 2281 marcam
2491 2220 2761 2292 defaecati
2771 2221 3003 2292 arqenti
3016 2223 3097 2278 ad
3104 2223 3326 2294 pondus
3340 2224 3696 2284 coloniense

2105 2298 2359 2354 ulterius
2383 2295 2556 2352 annis
2581 2292 2836 2363 sinqulis
2879 2296 3247 2362 persolvant.

2530 2379 2803 2452 (Velletri,
2834 2381 3015 2453 April.
3053 2380 3162 2443 ¹4.)

2178 2468 2353 2543 [Vide
2381 2471 2591 2537 Ean-n,
2626 2470 2771 2527 Cod.
2802 2469 2954 2539 dipl.
2980 2470 3349 2543 Quedlimb„
3386 2475 3547 2549 1034

2107 2647 2202 2703 Aa
2246 2646 2494 2702 Petrum
2532 2558 3232 2721 abbatelrizxextlgapitutum
3265 2653 3623 2714 casinense.

2554 2732 2831 2806 (velletri,
2856 2739 3018 2794 Mart.
3047 2742 3174 2811 20.)

2182 2822 2387 2898 [Tusa-1,
2420 2823 2622 2880 Storia
2651 2823 2719 2879 di
2766 2823 3234 2900 Monte-Casino,
3280 2832 3350 2898 II,
3394 2833 3555 2907 210.]

2113 2915 2308 2970 Lucius
2337 2913 2680 2985 episcopus,
2704 2929 2913 2970 servus
2942 2932 3253 2977 servorum
3291 2921 3421 2990 Dei,
3464 2925 3703 2983 dilectis

1959 3030 1999 3087 C
2038 3003 2174 3060 filiis
2212 3006 2272 3059 P.
2305 3002 2532 3069 abbati,
2558 3006 2616 3058 et
2656 3003 2916 3075 capitulo
2969 3008 3299 3077 casinensi,
3333 3012 3607 3073 salutem
3648 3022 3708 3073 et

2038 3091 2431 3166 apostolicam
2451 3089 2954 3149 benedictionem.

2108 3183 2257 3238 Cum
2269 3180 2696 3236 monasterium
2707 3186 2956 3237 vestrum
2973 3181 3372 3255 multipliciter
3385 3196 3705 3258 gravatum

2038 3270 2131 3338 sit,
2163 3275 2221 3325 et
2240 3282 2618 3341 oppressum,
2642 3267 2777 3323 etin
2806 3270 3147 3341 praestanda
3159 3276 3703 3342 procurationehis

2034 3359 2140 3431 qui
2166 3357 2242 3414 de
2272 3356 2438 3412 curia
2462 3361 2668 3412 nostra
2697 3370 2802 3427 per
2822 3372 2929 3413 vos
2960 3357 3184 3428 saepius
3226 3364 3576 3435 transeunt,
3608 3384 3706 3425 ex-

2038 3461 2255 3518 pensas
2283 3444 2575 3517 plurimas
2595 3444 2789 3501 facere
2818 3445 3231 3519 compellatur,
3264 3464 3449 3524 super
3488 3470 3706 3525 gram.

2035 3534 2293 3592 minibus
2321 3535 2521 3589 vestris
2542 3538 2789 3604 paterna
2827 3533 2998 3591 vobis
3029 3533 3310 3595 volumus
3343 3545 3699 3612 provisione

2036 3624 2397 3695 prospicere,
2426 3626 2482 3677 et
2509 3635 2694 3677 onera
2723 3622 2866 3678 vesti
2892 3638 2930 3679 a
2968 3622 3030 3679 in
3071 3625 3297 3697 quibus
3349 3633 3702 3691 secundum

2036 3710 2226 3768 Deum
2241 3723 2561 3783 possumus
2576 3708 3003 3766 relevare.lnde
3014 3716 3103 3769 est
3113 3715 3282 3785 quod
3292 3715 3511 3777 locum
3529 3721 3706 3780 inter·

2034 3799 2183 3856 dum
2206 3798 2393 3871 aliqui
2416 3797 2491 3854 de
2517 3797 2684 3854 curia
2709 3802 2935 3865 nostra,
2958 3805 3017 3856 et
3056 3799 3315 3860 fratrum
3342 3816 3705 3869 nostrorum

2033 3887 2095 3945 in
2129 3887 2411 3960 expensis
2431 3886 2773 3943 monasterii
2800 3886 2964 3958 apud
2991 3889 3280 3947 Sanctum
3326 3896 3704 3957 Germanum

2034 3990 2157 4032 non
2183 3976 2534 4031 necessitate
2553 3974 2659 4030 sed
2681 3972 2983 4033 voluntate
3015 3985 3352 4048 morentur,
3385 3990 3708 4057 praesenti-

2034 4063 2151 4120 bus
2178 4063 2347 4120 vobis
2363 4062 2569 4120 litteris
2601 4060 3007 4134 indulgemus,
3048 4071 3114 4122 ut
3149 4070 3388 4129 nemini
3420 4073 3506 4133 de
3538 4079 3703 4136 curia

2034 4159 2243 4210 nostra
2259 4152 2350 4208 vel
2369 4151 2618 4208 fratrum
2639 4156 2981 4208 nostrorum
3001 4152 3156 4211 ultra
3178 4171 3378 4217 unum
3411 4164 3519 4221 vel
3547 4166 3705 4225 duos

2033 4241 2162 4297 dies
2191 4240 2350 4314 apud
2381 4241 2668 4297 Sanctum
2704 4238 3071 4297 Germanum
3108 4246 3468 4308 teneamini·
3492 4268 3711 4327 procu-

2033 4330 2328 4387 rationem
2355 4328 2727 4401 impendere,
2784 4326 2898 4384 nisi
2926 4327 3075 4387 Iorte
3112 4332 3446 4397 infirmitas
3474 4342 3708 4419 ipsum,

2033 4416 2126 4475 vel
2152 4416 2270 4475 alia
2297 4417 2622 4475 manifesta
2650 4415 2980 4474 necessitas
3023 4417 3340 4483 detineret.

2103 4509 2318 4564 Datum
2344 4504 2594 4577 velletri,
2622 4519 2705 4561 ιιι
2728 4502 3033 4565 Kalendas
3060 4510 3216 4567 Itali.

2739 4600 2950 4659 LXXX.

2098 4691 2458 4750 monasterio
2481 4691 2546 4749 S.
2570 4690 2817 4761 Remioii
2848 4692 3122 4819 Rdei'tnem
3151 4696 3499 4775 privileqia
3529 4709 3708 4768 „uffa

2702 4777 2882 4820 conce
2976 4801 2993 4817 .

2550 4847 2827 4921 (velletri,
2852 4852 2985 4909 Maii
3033 4852 3149 4925 10.)

2024 4938 2244 5011 ΝΜ,
2268 4936 2554 4995 Archives
2583 4937 2888 4998 administ.
2928 4941 3002 4998 de
3045 4942 3105 4999 la
3140 4941 3285 5001 vitto
3335 4948 3419 5008 de
3478 4954 3704 5024 Ram,

2626 5027 2670 5093 I,
2718 5042 2779 5095 ιι,
2811 5044 2871 5102 p.
2910 5028 3066 5104 395]

2093 5114 2293 5173 Lucius
2317 5115 2651 5188 episcopus.
2683 5131 2895 5173 servus
2926 5134 3245 5180 servorum
3285 5122 3427 5196 Dei,
3463 5131 3708 5193 dila-,ug

2019 5204 2156 5263 filiis
2181 5206 2240 5259 P.
2271 5202 2496 5271 abbati,
2529 5209 2584 5261 et
2634 5202 2918 5263 fratribus
2957 5208 3018 5264 S.
3050 5208 3311 5283 Remigii
3341 5217 3705 5290 Remensis,

2017 5298 2136 5351 ete.

2085 5379 2438 5438 Auctoritate
2467 5377 2797 5453 apostolica
2827 5381 2998 5441 vobis
3026 5383 3437 5459 indulgemus
3472 5401 3546 5455 ut
3577 5404 3703 5459 nm

2012 5470 2259 5529 clericos
2283 5484 2472 5544 quam
2491 5468 2701 5538 laicos,
2737 5468 2820 5528 ad
2841 5475 3106 5532 vestram
3132 5476 3591 5554 confugiente.
3609 5504 3704 5550 ι..
