3784 6000
194 231 338 289 1³05

1192 231 1563 290 EPISTOLAE
1599 229 1685 291 m·
1718 222 2157 285 PRIVILEOEA.
2198 258 2269 270 —-
2306 227 2424 284 AN.
2465 230 2626 288 1184.

3463 234 3604 292 1306

194 355 759 429 1184,pontiflcatus
780 371 926 417 vero
948 356 1183 415 domini
1201 357 1364 417 Lucii
1384 358 1455 416 111
1482 372 1655 432 papae
1685 368 1846 413 anno
1872 350 1920 407 A
1953 353 2258 408 conterere
2286 357 2344 411 et
2384 353 2865 412 benefactoribus
2901 355 3101 414 favere
3132 357 3341 424 velitis,
3385 363 3444 416 et
3470 375 3602 431 gra·

193 462 272 504 tv,

835 553 1077 609 CLXXV!
1093 553 1198 610 bis.

192 640 382 697 Bulla
408 655 521 710 pro
550 642 897 698 Hermanno
924 642 1138 699 abbate
1173 640 1832 701 Rhenhardsbornensi.

731 714 1020 784 (Veronoe.
1053 716 1189 770 Dec.
1220 715 1299 786 5.)

581 801 946 875 [Thurinqia
982 818 1181 872 sacra,
1209 819 1266 875 p.
1302 803 1448 876 tu]

262 892 463 949 Lucius
502 890 842 963 episcopus.
881 907 1094 948 servus
1123 908 1432 949 servorum
1464 891 1585 958 Dei,
1626 891 1842 948 dilecto

191 978 310 1037 filio
340 982 647 1039 Hensuuuo
681 979 887 1036 abbati
916 981 977 1039 in
1009 981 1473 1050 Reinbarsborn,
1505 980 1756 1039 salutem
1784 984 1841 1036 et

190 1068 578 1140 apostolicam
599 1069 1099 1127 benedictionem.

263 1159 412 1214 Cum
433 1157 509 1212 sit
537 1161 746 1214 sancta
769 1160 1040 1216 Romana
1069 1158 1328 1216 Ecclesia
1352 1159 1626 1216 omnium
1648 1157 1838 1214 Eccle-

190 1244 443 1312 siaruin,
474 1245 723 1303 Domino
752 1246 1132 1319 disponente,
1177 1249 1486 1319 magistra,
1518 1248 1656 1319 jura
1681 1246 1837 1320 ipsa-

183 1350 316 1391 rum
340 1351 411 1391 ea
431 1335 838 1393 moderatione
856 1336 1122 1408 disponit
1145 1337 1516 1411 utquasdam
1544 1336 1674 1394 aliis
1689 1352 1836 1408 pre·

184 1423 446 1480 eminere
470 1423 797 1481 constituat
813 1432 870 1481 et
899 1425 1237 1495 singulares
1267 1425 1511 1498 speciali
1529 1424 1836 1499 privilegio

183 1510 493 1582 indulgeat
513 1513 853 1584 dignitates,
888 1519 950 1570 ut
977 1514 1130 1571 sieut
1158 1514 1218 1571 in
1249 1530 1544 1587 compage
1578 1512 1835 1571 humani

183 1602 751 1674 corporisquesdam
776 1602 1051 1660 membra
1061 1603 1328 1674 praealiis
1349 1603 1736 1670 honorentur,
1751 1602 1835 1659 sic

182 1690 245 1748 in
279 1691 413 1763 ipsa
438 1690 819 1749 ecclesiastici
851 1691 1078 1749 ordinis
1121 1693 1367 1758 unitate,
1402 1693 1532 1750 aliae
1569 1693 1835 1750 ecclesioe
1867 1706 1911 1762 B

181 1786 326 1837 ante
355 1780 504 1837 alias
540 1779 790 1836 indultis
830 1780 943 1838 sibi
974 1781 1296 1853 privilegiis
1325 1782 1699 1841 decorentur.
1733 1785 1834 1839 Ea-

183 1873 447 1940 propter,
478 1868 690 1925 dilecte
725 1868 790 1925 in
818 1869 1096 1935 Domino,
1140 1869 1360 1927 nobilis
1408 1871 1514 1928 viri
1549 1871 1699 1928 tertii
1728 1870 1836 1927 Lu-

182 1957 417 2025 dewiei,
447 1957 784 2029 landgravii
812 1958 1125 2029 Tui-ingiam
1151 1960 1430 2032 precibus
1460 1965 1518 2018 et
1536 1960 1839 2033 supplica-

183 2046 455 2103 tionibus
492 2046 740 2113 inducti,
772 2047 882 2104 tibi
911 2054 968 2104 et
992 2049 1441 2106 successoribus
1470 2051 1587 2107 tuis
1614 2049 1676 2107 in
1709 2065 1839 2122 per-

180 2140 434 2208 petuum
465 2136 740 2207 proesenti
760 2137 985 2209 pagina
999 2137 1284 2195 duximus
1303 2139 1742 2209 indulgendum
1756 2144 1838 2216 ut,

182 2225 265 2282 ad
296 2225 588 2282 honorem
620 2224 721 2281 Dei
743 2229 802 2281 et
824 2224 1046 2282 domus
1062 2232 1275 2284 vestrm
1302 2227 1695 2298 imposterum
1716 2245 1842 2286 am-

182 2313 525 2386 pliandum,
559 2314 639 2371 uti
670 2315 844 2371 mitra
883 2314 1152 2380 valeatis,
1188 2316 1266 2372 ad
1295 2316 1606 2373 cumulum
1637 2323 1841 2375 autem

182 2405 392 2472 gratiss
422 2409 477 2461 et
507 2402 790 2461 libertatis
815 2404 1125 2476 impensis,
1160 2405 1398 2461 mitram
1425 2421 1611 2478 quam
1639 2406 1714 2463 de
1740 2423 1844 2462 ca-

182 2491 306 2561 pite
333 2499 534 2549 nostro
558 2493 1023 2565 assumpsimus,
1058 2493 1305 2564 praeiato
1321 2494 1637 2551 Ludewico
1673 2495 1842 2552 land·

178 2582 392 2651 gravio
423 2582 798 2646 tradidimus,
826 2598 932 2652 per
961 2582 1161 2654 ipsum
1193 2584 1297 2640 tibi
1323 2584 1384 2639 in
1416 2589 1838 2653 argumentum

180 2669 374 2725 nostri
409 2670 680 2727 beneficii
709 2672 1196 2743 proesentandum
1230 2688 1245 2738 ;
1279 2671 1529 2744 proinde
1561 2673 1840 2728 volumus

181 2761 326 2814 utin
346 2760 700 2815 memoriam
720 2761 861 2816 tanti
877 2761 1139 2825 honoris,
1160 2761 1362 2817 favore
1388 2761 1578 2833 ipsius
1601 2762 1835 2827 indulti,

180 2863 295 2919 pro
330 2848 518 2904 salute
548 2850 695 2920 ejus,
728 2856 784 2906 et
827 2855 1145 2920 parentum
1189 2866 1463 2916 suorum,
1503 2850 1564 2908 in
1596 2850 1729 2924 ipsa
1749 2866 1838 2906 ec·

177 2937 359 2993 clesia
377 2938 667 3010 speciales
684 2938 937 2994 Domino
959 2938 1240 3011 deinceps
1256 2940 1559 2998 orationes
1582 2939 1836 2996 offeran-

1952 439 2094 497 tiam
2146 457 2216 498 ac
2248 442 2610 516 obsequium
2661 443 2951 515 impertiri
2991 451 3052 501 ut
3102 447 3335 505 nullum
3382 448 3599 506 sentiat

1951 530 2199 601 proefata
2226 531 2447 588 domus
2481 533 2595 589 sub
2635 540 2833 590 nostra
2864 535 3227 607 protectione
3249 537 3547 595 defectum
3582 557 3596 607 ;

1951 619 2053 674 sed
2084 625 2326 676 auctore
2353 623 2605 678 Domino
2634 622 2709 679 de
2725 623 2822 679 die
2842 624 2898 679 in
2921 623 3080 679 diem
3101 626 3387 696 percipiat
3411 626 3598 683 incre-

1951 714 2240 764 mentum.
2259 710 2620 783 thuoniam
2634 726 2744 768 nos
2760 711 3104 768 defensores
3116 720 3173 769 et
3186 714 3598 771 benefactores

1950 812 2158 854 eorum
2225 797 2339 854 sub
2405 800 2747 872 apostolicoe
2807 801 3191 872 protectionis
3254 802 3600 860 defensione

1951 886 2336 958 suscipimus,
2376 904 2483 945 vos
2519 905 2621 946 eos
2646 889 2725 946 ab
2750 891 2916 947 omni
2950 890 3172 962 injuria
3201 899 3255 947 et
3285 892 3601 963 perturba-

1949 975 2107 1032 tione
2133 976 2409 1046 ampliori
2439 977 2665 1035 fiducia
2690 979 2960 1036 etfavore
2986 981 3338 1037 auctoritate
3362 987 3605 1053 aposto-

1946 1064 2062 1122 lica
2108 1064 2460 1133 defendatis,
2512 1068 2687 1124 nullis
2735 1069 2938 1126 litteris
2989 1069 3368 1128 obstantibus
3422 1072 3600 1128 tacita

1947 1154 2192 1211 veritate
2220 1171 2257 1211 a
2286 1156 2427 1211 sede
2456 1159 2789 1229 apostolica
2812 1159 3167 1230 impetratis.

2017 1244 2233 1299 Datum
2256 1246 2518 1316 Veronae,
2561 1263 2613 1301 iv
2642 1246 2778 1301 idus
2813 1246 3167 1304 Decembris.

2605 1353 2921 1410 CLxxvut.

1944 1440 2165 1497 Domus
2201 1438 2637 1498 Carthasicnsis
2661 1444 3085 1512 protectionem
3114 1443 3360 1514 suscipit
3382 1459 3598 1516 posses-

2438 1515 2747 1586 sionesque
2763 1515 3098 1583 confir-mat.

2478 1603 2769 1673 (Veronae,
2793 1607 2926 1659 Dec.
2947 1604 3060 1673 2¹).

2232 1689 2583 1761 [Pr-ivileqia
2600 1691 2798 1747 ordin.
2831 1692 3069 1757 Car-tlt„
3094 1691 3196 1748 fol.
3229 1693 3310 1768 2.]

2019 1777 2221 1834 Lucius
2249 1778 2591 1851 episcopus,
2628 1794 2837 1835 servus
2868 1796 3177 1836 servorum
3219 1782 3337 1845 Dei,
3370 1781 3600 1838 dilectis

1946 1865 2082 1923 filiis
2119 1866 2298 1939 priori
2330 1872 2388 1922 et
2407 1866 2690 1925 fratribus
2715 1868 3257 1936 Caribusiensibus,
3293 1876 3415 1927 tam
3446 1886 3603 1943 proe-

1949 1955 2220 2012 sentibus
2233 1971 2420 2029 quam
2439 1956 2670 2024 futuris,
2693 1958 3059 2015 eremiticam
3081 1959 3265 2015 vitam
3293 1958 3597 2030 professis,

1949 2044 2010 2102 in
2050 2050 2426 2117 perpetuum.

2023 2133 2379 2206 Religiosam
2411 2135 2591 2192 vitam
2638 2134 2993 2206 eligentibus
3022 2136 3418 2210 apostolicum
3440 2140 3601 2194 'con-

1952 2223 2112 2278 venit
2133 2222 2343 2278 adesse
2370 2223 2716 2295 praesidium
2742 2241 2817 2281 ne
2842 2224 2991 2282 forte
3016 2226 3337 2297 cujuslibet
3365 2226 3598 2283 temeri·

1953 2312 2087 2368 tatis
2134 2313 2405 2368 incursus
2455 2319 2556 2369 aut
2604 2329 2707 2371 eos
2768 2329 2806 2371 a
2855 2322 3164 2386 proposito
3218 2319 3458 2372 revocet
3498 2319 3602 2373 aut

1950 2399 2156 2468 robur,
2169 2403 2335 2474 quod
2348 2402 2522 2469 absit,
2539 2417 2725 2459 sacras
2741 2403 3047 2473 religionis
3060 2405 3367 2475 infringat.
3383 2407 3601 2477 Eapro-

1952 2494 2103 2561 pter,
2142 2490 2338 2545 dilecti
2369 2491 2430 2544 in
2465 2492 2716 2548 Domino
2746 2491 2868 2559 filii,
2898 2494 3111 2549 vestris
3127 2494 3303 2565 justis
3333 2494 3602 2567 postula-

1951 2578 2216 2634 tionibus
2246 2578 2565 2636 clementer
2593 2581 2919 2637 annuimus
2949 2587 3006 2637 et
3033 2581 3217 2639 felicis
3241 2582 3601 2640 recordatio-

1950 2667 2043 2724 nis
2063 2668 2381 2725 Alexandri
2411 2684 2599 2743 papae,
2626 2670 3091 2741 praedecessoris
3116 2672 3321 2738 nostri,
3346 2671 3602 2743 vestigiis

1950 2757 2309 2813 inhaerentes
2353 2758 2601 2814 domum
2644 2759 3132 2816 Carthusiensem
3168 2761 3351 2817 eremi
3387 2761 3448 2818 in
3476 2777 3604 2834 qua

1948 2846 2149 2903 divino
2180 2847 2505 2918 mancipati
2527 2848 2668 2903 estis
2703 2848 3020 2922 obsequio,
3052 2849 3165 2905 sub
3195 2849 3353 2906 beati
3380 2850 3529 2906 Petri
3546 2855 3602 2908 et

1946 2940 2155 2992 nostra
2179 2936 2545 3008 protectione
2578 2938 2942 3011 suscipimus
2976 2943 3032 2994 et
3062 2938 3374 3011 pra-sentis
3404 2939 3601 3013 scripti

177 3032 296 3082 tur.
331 3029 400 3083 Ut
424 3041 570 3096 ergo
597 3026 725 3083 boec
753 3033 959 3084 nostra
984 3028 1290 3085 concessio
1311 3027 1525 3085 futuris
1554 3029 1836 3101 tempori·
1871 3038 1913 3096 c
1947 3024 2256 3097 privilegio
2277 3027 2748 3084 communimus.
2765 3031 2832 3085 Et
2852 3028 2911 3084 in
2935 3028 3147 3101 primis
3169 3028 3471 3101 siquidem
3487 3035 3603 3086 sta-

179 3116 297 3173 bus
323 3114 672 3171 indeficiens
688 3115 873 3172 robur
883 3115 1168 3182 obtineat,
1182 3131 1318 3173 eam
1335 3117 1838 3191 auctoritateapo-

179 3203 388 3260 stolica
418 3202 848 3260 confirmamus
867 3210 924 3260 et
942 3205 1252 3275 praesentis
1279 3205 1483 3276 scripti
1506 3206 1836 3276 patrocinio

180 3294 655 3358 communimus,
671 3297 999 3349 statuentes
1015 3297 1080 3348 ut
1093 3292 1239 3348 nulli
1251 3294 1501 3351 omnino
1516 3295 1832 3352 homiuum

177 3382 355 3439 liceat
378 3381 535 3439 hanc
563 3381 850 3452 paginam
874 3386 1090 3438 nostrae
1116 3382 1591 3440 confirmationis
1614 3387 1675 3440 et
1697 3398 1835 3441 con-

179 3471 466 3529 cessionis
492 3471 834 3541 infringere,
863 3470 955 3527 vel
984 3485 1138 3527 ausu
1172 3473 1485 3528 temerario
1516 3474 1832 3530 contraire.

177 3560 237 3616 Si
276 3560 413 3632 quis
459 3568 658 3617 autem
689 3561 803 3617 hoc
839 3565 1132 3617 attentare
1177 3564 1644 3634 praesumpserit,
1682 3562 1834 3619 indi-

181 3651 527 3720 gnationem
571 3650 999 3723 omnipotentis
1047 3651 1146 3705 Dei
1197 3654 1254 3706 et
1318 3651 1634 3709 beatorum
1685 3651 1835 3709 Petri

176 3744 235 3795 et
299 3740 459 3796 Pauli
512 3741 924 3813 apostolorum
978 3742 1110 3812 eJus
1161 3756 1225 3797 se
1275 3740 1508 3799 noverit
1560 3742 1834 3799 incursu-

177 3843 335 3883 rum.

255 3918 379 3974 Dat.
410 3919 672 3991 Veronae,
704 3919 885 3976 Nonis
918 3918 1280 3977 Decembris.

858 4027 1148 4085 chxvn.

179 4115 264 4170 Ro
273 4115 431 4170 berto
445 4114 889 4183 archiepiscopo
923 4116 1255 4182 Viennensi,
1272 4118 1517 4189 eiusque
1535 4116 1834 4189 suffraqa·

322 4186 447 4243 neis
476 4187 754 4258 ‚ordinem
784 4187 1267 4246 carthusiensem
1298 4188 1689 4246 commendat.

712 4278 999 4349 (veronis,
1027 4278 1160 4334 Dec.
1191 4279 1302 4351 lo.)

176 4365 535 4439 [Privileqia
580 4366 808 4422 ordinis
853 4366 1160 4434 carthus„
1201 4366 1341 4423 edit.
1387 4369 1543 4434 1510,
1576 4366 1676 4424 fol.
1715 4368 1833 4444 26]

247 4454 449 4512 Lucius
474 4454 816 4528 episcopus,
849 4470 1054 4512 servus
1084 4471 1395 4513 servorum
1431 4456 1554 4520 Dei,
1584 4472 1833 4515 venera-

174 4543 398 4599 bilibus
414 4543 699 4601 fratribus
722 4545 1174 4618 archiepiscopo
1198 4545 1517 4602 Viennensi
1544 4552 1602 4602 et
1621 4546 1832 4605 suflra-

173 4631 383 4704 ganeis
405 4632 556 4704 ejus,
571 4632 823 4689 salutem
838 4634 1304 4707 etapostolicam
1325 4634 1826 4693 benedictionem.

245 4723 392 4778 Cum
407 4722 681 4778 omnibus
691 4722 1015 4780 debeamus
1028 4723 1425 4796 apostolicum
1441 4725 1830 4796 patrocinium

171 4811 483 4883 impertiri,
522 4811 606 4868 eis
642 4812 1023 4883 potissimum
1058 4812 1370 4885 providere
1414 4816 1691 4871 tenemur
1725 4815 1831 4887 qui

173 4902 479 4958 charitatis
518 4901 741 4958 fervent
779 4902 1063 4974 operibus
1101 4907 1177 4968 et,
1218 4902 1422 4959 soeculi
1468 4903 1831 4960 vanitatibus

171 4993 404 5064 spretis,
443 4992 662 5048 divinis
707 4991 1094 5047 inveniuntur
1124 4992 1484 5063 poenitentioe
1525 4992 1831 5066 obsequiis

174 5081 524 5153 mancipati.
570 5081 898 5153 Eaproptcr
921 5080 1352 5138 fraternitatem
1376 5086 1834 5160 vestram-roga-

178 5185 315 5226 mus
344 5171 623 5227 attentius
648 5176 705 5228 et
732 5170 1197 5228 exhortamurin
1231 5169 1502 5237 Domino,
1532 5175 1834 5243 quatenus

179 5258 426 5315 dilectos
450 5259 602 5315 filios
637 5260 847 5318 fratres
879 5260 1326 5319 carthusienses
1355 5265 1413 5315 et
1441 5275 1650 5317 eorum
1679 5260 1836 5317 ordi-

181 5364 321 5405 nem
347 5348 593 5419 diligere
616 5355 674 5406 et
704 5366 889 5408 manu
920 5356 1115 5407 tenere
1141 5349 1358 5405 curetis
1380 5364 1713 5422 eorumque
1730 5352 1836 5407 do·

186 5454 320 5495 mos
352 5442 409 5494 et
431 5440 569 5509 jura
606 5444 816 5495 contra
843 5455 1086 5496 omnem
1120 5439 1366 5495 servetis
1392 5437 1744 5510 nequitiam.
1775 5445 1834 5495 ut

185 5528 415 5587 illibata
436 5534 829 5603 permaneant
848 5533 907 5587 et
928 5545 1159 5596 secura,
1190 5526 1605 5587 malefactores
1631 5544 1839 5588 eorum

1945 3118 2177 3190 tuentes
2204 3115 2424 3172 utordo
2436 3117 2754 3174 eremiticas
2785 3118 3031 3191 vitaeqiti
3057 3118 3390 3174 secundum
3411 3121 3598 3175 Deum

1944 3203 2005 3260 in
2026 3204 2239 3261 eodem
2271 3204 2404 3261 loco
2429 3205 2735 3262 institutus
2749 3222 2879 3263 esse
2901 3206 3273 3277 dignoscitur
3297 3208 3599 3280 perpetuis

1943 3292 2170 3350 ibidem
2222 3295 2590 3365 temporibus
2642 3294 3064 3352 inviolabiliter
3105 3297 3478 3354 observetur.
3532 3296 3600 3354 Et

1942 3387 2231 3455 praeterea
2270 3383 2685 3455 possessiones
2721 3400 2933 3441 omnes
2980 3401 3016 3441 a
3059 3386 3266 3441 Christi
3311 3385 3591 3442 fidelibus

1942 3472 2177 3544 pietatis
2204 3472 2420 3528 intuitu
2449 3472 2658 3529 domui
2690 3479 2896 3530 vestroe
2917 3489 3255 3540 concessas,
3278 3489 3416 3546 quae
3441 3474 3599 3532 inira

1944 3560 2229 3618 terminos
2257 3565 2485 3618 vestros
2523 3555 2920 3628 continentur,
2963 3563 3186 3619 scilicet
3212 3563 3367 3619 infra
3395 3562 3596 3619 locum

1941 3650 2046 3725 qui
2072 3655 2322 3707 vocatur
2350 3649 2518 3706 Cluss
2550 3656 2607 3707 et
2635 3666 2849 3723 rupem
2879 3651 3263 3708 claudentem
3293 3650 3508 3707 vallem
3540 3655 3599 3708 et

1941 3740 2379 3813 protingentem
2394 3756 2582 3813 usque
2594 3740 2674 3796 ad
2688 3741 2978 3798 molarem
2990 3741 3364 3798 claudentem
3378 3745 3438 3798 et
3447 3739 3595 3797 divi·

1939 3830 2184 3888 dentem
2212 3829 2502 3887 Combam
2532 3830 2813 3888 chaldam
2837 3835 2895 3888 et
2921 3832 3372 3904 provenientem
3402 3846 3599 3904 usque

1941 3919 2018 3977 ad
2041 3935 2252 3993 rupem
2272 3935 2411 3993 quoe
2430 3924 2519 3976 est
2543 3920 2657 3976 sub
2689 3920 3040 3993 Bochgelos;
3060 3920 3277 3977 deinde
3303 3919 3596 3978 molarem

1940 4008 2127 4066 alium
2146 4009 2249 4082 qui
2269 4009 2649 4066 ascendendo
2677 4009 3050 4079 protenditur
3069 4025 3263 4082 usque
3283 4010 3362 4067 ad
3379 4025 3595 4082 rupem

1939 4099 2254 4156 Bonviant.
2283 4097 2507 4154 Exinde
2528 4098 2812 4156 molarem
2838 4098 3047 4164 alium,
3073 4099 3178 4170 qui
3207 4098 3595 4157 ascendendo

1854 4217 1859 4222 ·
1938 4188 2291 4261 producitur
2336 4203 2444 4260 per
2483 4187 2850 4259 crepidinem
2898 4187 3184 4259 plataneti
3214 4203 3252 4244 a
3307 4188 3600 4246 Bonviant

1943 4293 2134 4350 usque
2158 4279 2236 4334 ad
2256 4292 2467 4349 rupem
2492 4292 2631 4349 quae
2651 4279 2938 4346 estsupra
2953 4277 3199 4333 furnum
3214 4276 3365 4333 dela
3390 4279 3429 4334 F
3431 4276 3591 4335 ollia.

1944 4366 2223 4424 Similiter
2245 4366 2324 4423 ab
2355 4366 2459 4422 illo
2487 4370 2687 4422 monte
2709 4366 2906 4439 quide
2930 4366 3145 4423 eadem
3176 4382 3325 4439 rupe
3351 4365 3601 4439 porrigi-

1942 4464 2038 4513 tur
2058 4472 2248 4529 usque
2263 4456 2343 4513 ad
2365 4460 2632 4512 montem
2657 4456 2922 4513 aillinart
2949 4464 3004 4513 et
3031 4471 3069 4513 a
3087 4460 3296 4513 monte
3324 4457 3597 4513 Aillinart

1939 4545 2361 4603 descendendo
2381 4545 2720 4602 extenditur
2741 4545 2917 4617 juxta
2941 4547 3188 4602 Mortem
3214 4549 3423 4601 contra
3441 4545 3598 4602 occi·

1940 4635 2184 4692 dentem
2210 4649 2399 4707 usque
2427 4634 2504 4691 ad
2529 4649 2744 4705 rupem
2769 4648 2907 4707 quae
2928 4638 3215 4705 estsuper
3244 4633 3599 4700 Carrariam,

1939 4729 1994 4781 et
2019 4723 2097 4780 ab
2126 4724 2239 4780 hac
2268 4739 2415 4795 rupe
2445 4722 2767 4795 porrigitur
2793 4737 2987 4796 usque
3023 4722 3100 4778 ad
3126 4737 3340 4794 rupem
3367 4721 3446 4778 de
3465 4722 3598 4778 Per-

1939 4816 2097 4869 tuso.
2110 4811 2252 4869 lude
2275 4817 2582 4884 postremo
2596 4810 2964 4883 protenditur
2975 4809 3396 4867 descendendo
3411 4825 3601 4883 usque

1940 4900 2257 4958 adflumen
2272 4901 2437 4974 quod
2464 4901 2948 4958 vocaturGuerus
2968 4902 3249 4957 Mortuus.
3275 4901 3339 4954 Et
3358 4901 3601 4958 aGuero

1942 4993 2166 5048 Mortuo
2187 4989 2574 5046 ascendendo
2596 4989 2863 5062 procedit
2876 5003 2981 5060 per
2993 5003 3205 5061 rupem
3218 4988 3600 5046 claudentem

1947 5080 2241 5136 minorem
2284 5078 2576 5134 Carteiam
2613 5092 2805 5151 usque
2831 5077 2910 5133 ad
2938 5078 3306 5145 terrassiam,
3336 5083 3395 5134 et
3425 5093 3463 5134 a
3486 5081 3604 5134 ter·

1944 5169 2134 5227 rassia
2180 5183 2289 5240 per
2335 5167 2701 5239 crepidinem
2733 5167 3019 5240 plataneti
3057 5173 3113 5225 et
3146 5183 3256 5240 per
3303 5166 3364 5224 lo
3395 5165 3604 5241 Foleys

1944 5257 2244 5315 divertens
2258 5272 2451 5330 usque
2473 5256 2554 5313 ad
2580 5257 2953 5314 Januarium.
2989 5259 3052 5314 Et
3074 5272 3111 5313 a
3135 5256 3417 5314 ianuario
3447 5255 3604 5314 sicut

1946 5348 2121 5420 Alpes
2143 5353 2396 5419 vergunt
2416 5350 2624 5404 contra
2649 5346 3007 5420 proveysien
3044 5362 3237 5419 usque
3266 5346 3343 5402 ad
3373 5346 3601 5405 Calme-

1948 5444 2071 5495 tam
2084 5437 2413 5495 Goncelim.
2437 5436 2822 5494 EtaCalmeta
2847 5435 3151 5493 Goncelim
3167 5436 3606 5509 porrigiturper

1949 5527 2310 5602 crepidinem
2321 5527 2829 5603 usqueadrupem
2844 5527 2922 5590 dc
2947 5526 3361 5595 chart-stoa.
3389 5525 3604 5588 exinde
