3784 6000
178 236 291 299 771

1239 200 1661 289 culusum
1705 220 2098 286 arnensis
2145 222 2516 287 asamar.

3481 224 3590 286 ⁷⁷2

177 367 565 428 dentissimus
592 368 935 441 procurator
959 363 1212 437 AEgypti,
1235 367 1295 419 et
1315 361 1572 433 optimus
1595 356 1826 416 utilium
1859 358 1911 425 Α
1950 357 2316 431 compertum
2348 377 2481 434 ergo
2519 361 2802 419 habentes
2830 365 2952 419 tam
2994 364 3178 420 nostri
3210 362 3284 418 de
3331 360 3596 418 hostium

179 460 442 535 provisor
467 459 711 531 Joseph,
745 471 881 512 cum
915 456 1079 526 prius
1126 453 1317 524 solum
1373 450 1602 519 inutile,
1656 448 1833 506 aratri

180 565 392 623 prosus
422 549 718 622 ignarum,
750 550 808 602 et
837 544 1083 601 cultures
1103 548 1158 599 et
1179 559 1329 599 curat
1357 557 1563 613 expers
1592 539 1831 595 omnino

181 654 214 695 a
244 638 448 694 mundi
476 637 763 708 jacuisset
793 633 984 702 initio,
1018 632 1172 689 sicut
1202 631 1466 703 ejusdem
1499 626 1833 685 solitudinis

182 731 376 799 partes
406 725 555 793 aliae,
587 722 958 780 considerato
985 721 1096 777 loci
1130 720 1242 777 sito
1275 735 1289 775 ε
1325 719 1462 790 quia
1506 715 1831 772 circumad-

171 813 512 884 jacentibus
561 812 705 869 locis
750 809 1023 866 finitimis
1080 806 1356 863 humilior
1404 806 1733 874 videbatur,
1776 808 1835 862 et

178 902 333 971 quod
361 900 575 957 solutis
597 899 957 972 quibusdam
985 897 1320 970 aggeribus,
1350 895 1450 968 qui
1476 895 1651 951 medii
1672 896 1836 948 erant

178 988 331 1046 inter
386 988 706 1046 habitalem
756 990 1003 1044 tractum
1063 989 1120 1042 et
1167 985 1431 1041 eamdem
1499 981 1835 1041 solitudinis

183 1086 427 1152 partem,
462 1078 630 1136 facile
661 1080 864 1149 posset
893 1074 1156 1131 fluminis
1178 1074 1430 1146 recipere
1448 1072 1795 1130 beneficium
1819 1087 1834 1139 ;

179 1167 386 1242 positis
416 1168 725 1240 aggeribus
757 1170 813 1222 et
845 1163 1033 1221 media
1063 1162 1594 1236 quaeinterjacebat
1626 1176 1833 1232 super-

179 1256 309 1312 ficie
330 1258 720 1328 complanata,
743 1253 939 1310 Nilum
965 1256 1415 1325 restagnantem,
1432 1250 1645 1323 paratis
1669 1265 1834 1321 aqua!

180 1346 456 1403 ductibus
486 1344 828 1412 introduxit,
859 1349 913 1399 et
943 1360 976 1399 a
1030 1342 1260 1399 saeculis
1309 1341 1433 1398 solo
1476 1340 1834 1412 incognitam

178 1429 534 1488 familiarem
553 1429 685 1486 iecit
708 1428 1149 1487 secunditatem.
1169 1427 1286 1484 Nos
1308 1431 1502 1483 autem
1526 1426 1832 1496 antiquum

180 1519 309 1591 ejus
336 1518 687 1576 vocabulum
729 1535 842 1574 non
893 1521 1177 1587 tenentes,
1237 1516 1567 1587 opinamur,
1616 1513 1825 1588 priscis

182 1607 547 1681 temporibus
588 1606 944 1663 Thebaidam
995 1606 1235 1671 dictam,
1284 1605 1437 1661 unde
1493 1607 1829 1661 sanctorum

1943 450 2257 521 vicinitate,
2299 466 2476 523 quam
2507 450 2620 523 ipsi
2649 452 2722 507 de
2751 460 3081 509 nostrorum
3111 452 3389 518 adventu,
3424 454 3600 523 prout

1944 555 2043 595 rcx
2064 540 2293 612 exigere
2321 541 2641 610 videbatur,
2665 541 2818 597 acies
2835 542 3129 608 ordinant,
3153 556 3376 598 cuneos
3397 539 3598 612 dispo-

1943 636 2111 698 nunt,
2141 646 2305 685 arma
2333 634 2617 698 exerunt;
2651 631 2752 703 qui
2776 634 2854 687 rei
2880 630 3154 686 militaris
3182 628 3598 686 exercitatione

1944 716 2193 788 pristina
2221 723 2386 774 erant
2418 719 2837 790 prudentiores,
2871 720 3018 775 alios
3049 719 3385 788 hortantur,
3419 719 3596 775 rudes

1943 807 2263 876 instruunt,
2277 808 2644 865 sermonibus
2659 807 3460 864 exhortatoriisinflammant
3477 807 3593 863 ani-

1946 911 2091 963 mos,
2127 898 2475 966 promittunt
2505 898 2826 965 victoriam,
2853 898 3112 954 victoriae
3143 898 3424 966 fructum,
3477 897 3589 954 lau·

1944 986 2074 1041 dem
2106 986 2516 1042 immortalem.
2536 986 2671 1044 Erat
2691 991 2891 1044 autem
2914 987 3077 1043 locus
3100 987 3159 1043 in
3185 1003 3306 1059 quo
3328 986 3591 1044 commit-

1943 1075 2187 1131 tendum
2219 1080 2362 1142 erat,
2394 1074 2453 1130 in
2485 1075 2736 1132 confinio
2766 1076 2934 1132 cultas
2953 1080 3126 1132 terrae
3151 1080 3210 1132 et
3233 1074 3586 1147 solitudinis,

1943 1164 2105 1221 locus
2132 1164 2461 1234 inequalis,
2479 1181 2790 1222 arenarum
2812 1163 3061 1222 collibus
3083 1163 3459 1236 vallibusque
3475 1179 3590 1222 me-

1945 1254 2056 1309 diis
2103 1253 2505 1326 interpolatus,
2582 1253 2663 1310 ita
2711 1262 2773 1311 ut
2847 1270 3035 1326 neque
3100 1253 3480 1311 advenientes
3523 1253 3589 1311 de

1945 1350 2165 1401 remoto
2191 1344 2405 1414 videre,
2431 1361 2536 1403 nec
2563 1346 2844 1403 abeuntes
2866 1345 3099 1418 longius
3122 1344 3327 1402 liceret
3350 1344 3585 1401 intueri.

1942 1433 2165 1489 Nomen
2200 1435 2323 1490 loco
2355 1434 2567 1504 Beben,
2618 1437 2772 1507 quod
2820 1434 3236 1506 interpretatur
3280 1438 3496 1504 por-135
3525 1449 3585 1491 ec

1944 1525 2099 1595 quod
2124 1522 2275 1578 inter
2303 1522 2482 1579 colles
2512 1524 2812 1596 oppositos
2841 1523 3126 1581 transitus
3155 1529 3412 1580 arcetur.
3451 1527 3586 1579 Nam

1947 1610 2246 1679 Lemonia,
2281 1610 2437 1667 unde
2466 1612 2707 1683 quidam
2738 1611 2918 1683 hujus
2946 1610 3060 1668 diei
3090 1609 3355 1682 praelium
3405 1609 3586 1668 solent

176 1695 554 1754 Thebaeorum
588 1694 737 1768 legio
761 1699 910 1767 (quas
940 1696 1048 1751 sub
1074 1693 1426 1751 Diocletiano
1455 1697 1513 1749 et
1530 1693 1823 1749 Maximia-
1866 1728 1909 1793 B
1941 1698 2339 1764 denominare,
2389 1699 2461 1755 ab
2510 1715 2577 1755 eo
2626 1699 2750 1757 loco
2808 1700 3009 1756 decem
3066 1697 3419 1756 milliaribus
3474 1701 3588 1755 erat

178 1802 253 1843 no
282 1785 558 1859 Augustis
586 1787 737 1858 apud
783 1790 1028 1857 Agauno
1092 1783 1375 1857 martyrio
1406 1785 1680 1838 coronata
1717 1783 1830 1854 est)

178 1874 360 1932 fuisse
407 1874 640 1940 dicitur,
682 1874 853 1944 cujus
902 1872 1272 1946 primicerius
1327 1887 1574 1944 magnus
1615 1874 1833 1942 martyr

181 1962 488 2020 Mauritius
507 1962 721 2036 legitur
746 1963 944 2019 luisse.
965 1961 1031 2017 Et
1055 1960 1212 2018 aliud
1235 1966 1651 2034 argumentum
1675 1975 1833 2016 acce·

183 2053 292 2124 dit,
323 2053 472 2125 quod
503 2052 789 2123 optimum
821 2051 1020 2124 opium
1053 2051 1208 2123 quod
1245 2065 1495 2122 usquam
1520 2048 1828 2116 invenitur,

180 2141 334 2213 quod
369 2140 574 2197 medici
605 2140 960 2196 Thebaicum
980 2144 1210 2208 vocant,
1243 2139 1323 2194 ibi
1371 2139 1652 2194 nascitur.
1684 2136 1830 2192 Nam

182 2236 335 2287 terra
362 2231 598 2297 Gessen,
631 2245 759 2301 quse
791 2229 1071 2286 iratribus
1098 2227 1312 2299 Joseph
1336 2227 1675 2283 deteruisse
1697 2226 1830 2298 legi-

179 2327 298 2390 tur,
330 2320 390 2377 in
422 2335 491 2377 ea
519 2325 682 2393 parte
709 2320 936 2392 AEgypti
976 2322 1085 2389 est,
1137 2334 1262 2390 quas
1304 2317 1531 2391 Syriam
1573 2316 1827 2387 respicit,

178 2410 334 2469 sicut
361 2426 431 2466 ex
452 2409 705 2466 lectione
726 2408 857 2464 libri
879 2408 1174 2466 Geneseos
1192 2424 1321 2465 esse
1353 2407 1824 2479 deprehenditur,

179 2499 335 2572 quod
364 2499 618 2571 diligens
664 2498 831 2554 l'acile
872 2498 1054 2554 lector
1098 2497 1390 2554 inveniet:
1441 2496 1564 2552 haec
1607 2501 1825 2557 autem.

177 2587 506 2662 oppositam
553 2586 783 2660 AEgypti
822 2592 1040 2658 partem
1084 2591 1142 2642 et
1186 2585 1517 2642 ulteriorem
1565 2584 1828 2640 fluminis

174 2678 366 2750 ripam
397 2676 574 2733 habet
608 2674 949 2731 viciniorem
982 2690 1114 2746 quae
1145 2674 1386 2745 Lybiam
1421 2673 1676 2745 respicit.
1726 2672 1827 2728 Est

181 2769 376 2824 autem
406 2765 566 2838 regio
599 2781 715 2822 non
747 2763 1004 2828 modica,·
1039 2763 1158 2821 imo
1198 2769 1483 2820 trecentas
1521 2762 1824 2834 sexaginta

181 2872 284 2915 sex
312 2861 432 2914 tam
466 2855 639 2912 urbes
671 2870 845 2927 quam
875 2854 1235 2916 suburbana.
1270 2853 1488 2909 tinibus
1517 2854 1644 2910 suis
1682 2850 1823 2908 dici-

176 2953 277 3006 tur
303 2961 588 3005 coercere.
625 2945 740 3000 Hac
764 2944 958 3017 igitur,
997 2953 1055 3002 ut
1086 2944 1360 3013 diximus,
1384 2942 1508 3018 lege
1531 2943 1665 3010 loci,
1686 2943 1823 3015 quia

174 3052 417 3110 regnum
431 3043 552 3092 erat
577 3035 659 3092 ita
680 3039 1025 3105 angustum,
1048 3050 1153 3091 nec
1182 3035 1252 3091 ad
1273 3035 1597 3104 dexteram,
1621 3049 1723 3089 nec
1742 3033 1811 3088 ad

70 3193 77 3201 ,
171 3126 373 3184 laevam
403 3129 672 3197 poterant
689 3123 984 3181 declinare
1007 3141 1022 3191 ;
1046 3129 1103 3180 et
1118 3124 1293 3180 etiam
1317 3124 1534 3179 crebris
1554 3124 1789 3193 explora
1805 3153 1819 3163 ·
1848 3096 1891 3163 C

170 3220 362 3272 torum
386 3213 763 3271 internuntiis
780 3213 1018 3269 edoctus
1039 3213 1194 3269 domi
1204 3229 1314 3267 nus
1335 3228 1429 3268 rex
1450 3217 1506 3268 et
1536 3212 1818 3268 soldanus

173 3305 246 3361 de
273 3303 482 3359 itinere
503 3302 786 3367 hostium,
822 3316 919 3373 per
949 3301 1203 3357 triduum
1237 3302 1583 3357 continuum
1608 3300 1816 3369 secuti,

176 3400 381 3465 quarta
418 3392 655 3449 demum
694 3390 808 3459 die,
862 3390 1117 3447 Sabbato
1157 3388 1440 3454 videlicet,
1466 3406 1611 3461 -quae
1662 3388 1818 3444 illam

178 3480 542 3538 Dominicam
576 3479 869 3552 praecedit,
900 3495 1018 3551 qua
1048 3479 1106 3533 in
1139 3478 1396 3535 Ecclesia
1427 3477 1525 3535 Dei
1554 3482 1823 3535 cantatur

171 3571 406 3639 Loetcrc,
434 3569 800 3638 Hierusalem,
825 3567 1130 3625 nuntiatur
1173 3568 1372 3626 hostes
1419 3582 1549 3624 esse
1586 3566 1646 3622 in
1686 3583 1819 3639 pro-

170 3659 348 3718 ximo.

765 3744 1001 3803 CAPUT
1029 3744 1230 3803 XXIV.

172 3840 322 3898 Inter
349 3852 539 3913 rsqem
566 3841 619 3894 et
648 3835 981 3893 siraconum
1010 3852 1194 3908 puqna
1214 3836 1581 3891 committitur
1600 3833 1661 3890 in
1689 3833 1823 3890 soli-

354 3929 568 3996 tudine,
595 3925 844 3984 maximo
866 3927 1151 3998 utriusque
1173 3926 1356 3997 partis
1378 3923 1644 3996 periculo.

251 4016 693 4076 communicato
732 4015 930 4087 itaque
980 4015 1052 4070 ad
1097 4014 1359 4071 debitum
1409 4011 1822 4085 compendIum

175 4106 416 4164 consilio
445 4105 604 4177 (nam
640 4103 813 4161 i'erias
870 4103 1190 4171 liberiores,
1224 4104 1452 4160 instans
1481 4120 1597 4159 non
1640 4100 1824 4176 patie-

162 4199 334 4255 batur
363 4197 703 4266 necessitas)
737 4194 1007 4268 prudenti
1062 4195 1304 4251 consilio
1345 4199 1404 4251 et
1451 4196 1828 4251 animositate

169 4287 407 4359 provida
457 4301 607 4358 opus
652 4300 776 4341 esse
810 4285 1050 4350 dicunt3
1095 4285 1477 4355 omniumque
1514 4283 1825 4341 desideriis

168 4375 391 4432 bellum
414 4373 770 4439 decernitur,
828 4370 1037 4444 gladiis
1077 4375 1496 4430 conserendum
1538 4375 1825 4430 acclama-

1941 1796 2181 1851 remota,
2214 1789 2281 1843 At
2313 1804 2441 1843 vero
2472 1788 2672 1843 hostes
2704 1786 3096 1844 sollicitudine
3121 1788 3254 1859 lnon
3286 1785 3466 1859 pigri,
3497 1786 3589 1842 ni·

1941 1874 2263 1932 hilominus
2293 1875 2597 1934 instructis
2627 1877 2862 1933 aciebus
2891 1892 2925 1932 a
2954 1876 3176 1932 dextris
3194 1884 3249 1931 et
3271 1892 3306 1932 a
3326 1874 3590 1934 sinistris

1940 1964 2120 2022 colles
2150 1970 2595 2039 occupaverant.
2628 1966 2704 2022 ad
2732 1983 2881 2038 quas
2915 1969 3044 2022 tum
3078 1968 3315 2037 propter
3351 1963 3586 2036 clivum,

1942 2058 2064 2111 tum
2088 2061 2322 2127 propter
2339 2072 2645 2113 arenarum
2668 2055 2967 2112 mollitiem
2993 2053 3206 2111 nostris
3232 2054 3450 2111 durum
3469 2058 3592 2111 erat

1940 2161 2073 2201 cum
2098 2145 2319 2218 impetu
2371 2146 2675 2214 accedere;
2699 2160 2945 2217 eamque
2984 2145 3417 2202 cuiSiraconus
3444 2161 3588 2217 pre-

1939 2242 2078 2299 erat,
2106 2234 2358 2290 mediam
2385 2239 2699 2305 posuerant
2719 2233 3043 2303 cohortem,
3062 2233 3287 2290 caeterie
3312 2233 3587 2305 utrinque

1938 2323 2257 2380 collocatis.
2289 2323 2498 2394 Etjam
2532 2328 2770 2379 ventum
2801 2330 2922 2379 erat
2952 2324 3023 2378 ad
3061 2322 3190 2393 hoc,
3219 2330 3282 2378 ut
3310 2321 3584 2379 cominus

1938 2429 2057 2469 rem
2088 2414 2182 2486 agi
2230 2417 2547 2486 oporteret;
2598 2412 2937 2484 egressique
2982 2411 3162 2469 nostri
3194 2411 3299 2484 qui
3351 2411 3416 2469 in
3461 2412 3585 2469 acie

1938 2505 2089 2576 regis
2113 2509 2298 2571 erant,
2314 2504 2667 2559 unanimiter
2679 2502 2976 2560 cohortem
3001 2504 3093 2561 cui
3110 2503 3430 2561 siraconus
3450 2520 3587 2576 prae-

1937 2598 2082 2658 erat,
2113 2592 2356 2648 viriliter
2387 2597 2795 2664 prosternunt;
2830 2596 3170 2664 prostratos,
3211 2592 3429 2665 gladiis
3475 2592 3584 2649 ob—

1937 2686 2238 2751 truncant;
2271 2682 2466 2753 ipsum
2499 2680 2751 2737 etiamin
2786 2682 2984 2754 lugam
3005 2697 3236 2738 versum
3263 2682 3587 2753 insequun-

1934 2775 2048 2827 tur.
2082 2771 2256 2827 Porro
2286 2770 2450 2842 Hugo
2471 2770 2843 2827 Cesariensis
2870 2770 2929 2826 in
2950 2786 3076 2826 eam
3101 2771 3285 2827 aciem
3307 2770 3406 2827 cui
3435 2786 3586 2841 pre-

1932 2865 2054 2917 erat
2078 2860 2492 2921 Salahadinus.
2515 2859 2779 2915 Siraconi
2793 2875 2994 2930 nepos,
3017 2859 3095 2915 im
3106 2864 3303 2930 petum
3341 2859 3584 2929 iaciens,

1931 2966 1966 3007 a
1995 2949 2120 3006 suis
2149 2950 2467 3006 destitutus
2497 2946 2716 3019 delicit,
2763 2946 3044 3005 deficiens
3089 2948 3358 3020 capitur;
3413 2946 3586 3006 multi

1930 3037 2101 3094 etiam
2134 3055 2270 3096 cum
2301 3053 2367 3093 eo
2405 3036 2583 3109 capti,
2632 3036 2829 3109 plures
2877 3036 3185 3092 interfecti.
3229 3034 3316 3092 Ibi
3372 3036 3586 3094 cecidit

1929 3127 2015 3183 vir
2046 3127 2283 3194 nobilis,
2304 3131 2360 3182 ct
2385 3127 2442 3181 in
2472 3126 2653 3182 armis
2682 3130 2980 3192 strenuus,
3000 3124 3352 3181 Eustachius
3382 3124 3587 3182 Cholet

1929 3218 2003 3275 de
2030 3216 2261 3287 regione
2293 3215 2480 3271 Ponti.
2511 3215 2626 3271 Hoc
2656 3230 2934 3271 successu
2955 3214 3115 3271 elatae
3137 3213 3413 3271 cohortes
3433 3215 3583 3282 aliie,

1930 3306 2339 3363 convenientes
2389 3305 2462 3361 ad
2511 3303 2780 3369 invicem,
2829 3308 2886 3360 et
2942 3303 3207 3376 undique
3273 3301 3584 3373 vallantes,

1931 3394 2114 3452 aciem
2147 3393 2305 3450 illam
2339 3410 2470 3464 quae
2500 3393 2942 3466 impedimentis
2972 3396 3031 3448 et
3058 3390 3303 3448 sarcinis
3356 3409 3588 3449 conser-

1932 3483 2136 3539 vandis
2166 3484 2442 3553 deputata
2470 3486 2614 3550 erat,
2649 3482 3092 3553 aggrediuntur,
3123 3479 3445 3551 statimque
3464 3480 3584 3537 dis·

1932 3572 2178 3629 solutam
2230 3579 2599 3644 prosternunt
2632 3596 2647 3639 ς
2699 3570 2781 3626 ibi
2830 3569 3169 3626 occubuisse
3229 3569 3452 3625 dicitur
3502 3569 3589 3627 vir

1933 3661 2169 3729 nobilis,
2191 3660 2425 3717 Siculus
2449 3661 2703 3730 natione,
2727 3659 2946 3731 probus
2968 3664 3027 3716 et
3044 3659 3330 3715 honestus
3345 3657 3586 3730 juvenis

1934 3749 2097 3820 Hugo
2119 3749 2214 3805 ‘de
2261 3748 2503 3804 Creone.
2557 3748 2852 3821 Dissipata
2899 3746 3076 3820 igitur
3125 3746 3271 3814 acie,
3337 3746 3585 3804 mortuis

1934 3837 2224 3908 pluribus,
2247 3838 2346 3907 qui
2368 3836 2597 3909 gladios
2619 3836 2861 3894 evadere
2883 3840 3218 3910 potuerunt,
3242 3836 3379 3907 suga
3409 3835 3586 3893 saluti

1934 3926 2271 3984 consulunt.
2312 3925 2515 3982 Hostes
2567 3942 2702 3983 vero
2750 3925 3168 3998 impedimenta
3210 3928 3269 3981 et
3317 3925 3587 3983 sarcinas

1934 4016 2116 4073 libere
2146 4019 2454 4088 occupant,
2486 4019 2546 4071 et
2574 4031 2770 4071 secum
2801 4014 3047 4071 trahunt
3084 4019 3393 4086 occupata.
3439 4013 3589 4072 Inte-

1937 4106 2048 4161 rim
2078 4104 2384 4161 dissolutis
2415 4103 2715 4160 hincinde
2754 4103 3112 4174 agminibus,
3141 4107 3199 4159 et
3247 4118 3350 4173 per
3396 4102 3586 4160 dictas

1936 4194 2246 4250 valliculas
2267 4192 2570 4265 dispersis.
2585 4193 2760 4249 variis
2778 4193 3081 4248 eventibus
3096 4208 3293 4264 pugna
3308 4193 3586 4250 commit·

1938 4284 2099 4352 titur,
2119 4282 2371 4339 testibus
2403 4282 2496 4339 his
2528 4282 2667 4339 solis
2699 4283 2798 4355 qui
2831 4283 3247 4350 conserebant;
3280 4298 3419 4337 nam
3453 4282 3587 4339 aliis

1940 4390 2056 4430 non
2088 4373 2340 4428 dabatur
2370 4372 2429 4427 id
2451 4372 2676 4441 videre;
2699 4379 2817 4428 erat
2843 4378 3039 4428 autem
3064 4386 3278 4443 anceps
3296 4371 3587 4443 prelium,

173 4471 290 4522 tur.
322 4462 537 4520 Verum
569 4462 754 4534 impar
788 4460 962 4517 nimis
992 4467 1115 4518 erat
1153 4463 1540 4519 accinctorum
1573 4462 1643 4517 ad
1678 4478 1828 4533 praa·
1856 4468 1904 4534 Β
1936 4466 1994 4519 et
2025 4479 2179 4519 nunc
2213 4462 2274 4529 ii,
2308 4478 2464 4517 nunc
2490 4461 2572 4516 illi
2596 4460 2814 4518 fiebant
2842 4462 3188 4533 superiores,
3217 4460 3403 4534 ignari
3444 4461 3586 4533 quid

170 4554 320 4611 lium
359 4551 719 4608 distributio.
762 4550 1072 4607 Siraconus
1118 4551 1274 4606 enim
1320 4549 1568 4607 habebat
1611 4551 1827 4607 Turoc-

176 4659 306 4700 rum
337 4639 642 4699 duodecim
677 4640 879 4706 millia,
901 4655 971 4696 ex
999 4640 1212 4710 quibus
1244 4654 1444 4696 novem
1480 4640 1664 4696 millia
1693 4639 1827 4696 lori·

175 4733 259 4789 cis
280 4731 585 4806 galeisque
600 4730 966 4801 tegebantur,
988 4729 1211 4801 reliqua
1233 4730 1345 4785 tria
1367 4728 1552 4786 millia
1574 4730 1826 4786 arcubus

170 4826 400 4879 tantum
432 4825 489 4876 et
516 4819 749 4891 sagittis
778 4820 1123 4886 utebantur;
1158 4823 1432 4891 praterea
1453 4819 1827 4875 Arabumaut

169 4910 373 4967 decem
404 4917 500 4965 aut
535 4908 804 4965 undecim
839 4907 1025 4964 millia
1054 4908 1273 4964 lanceis
1306 4924 1403 4977 pro
1447 4924 1608 4963 more
1657 4912 1822 4964 uten-

173 4998 348 5056 tium.
381 4997 572 5053 Nostri
607 5013 739 5053 vero
770 4997 998 5070 equites
1018 4996 1109 5052 vix
1138 5001 1583 5053 erantcccnxxiv
1605 4997 1825 5069 absque

174 5087 460 5161 AEgyptiis
483 5086 696 5142 vilibus
726 5095 779 5142 et
827 5086 1196 5153 effeminatis,
1229 5086 1327 5157 qui
1363 5087 1554 5157 potius
1584 5085 1826 5157 impedi—

182 5186 381 5238 mento
399 5189 447 5237 et
473 5178 633 5236 oneri
648 5182 847 5234 essent
868 5194 1044 5250 quam
1072 5175 1322 5232 utilitati.
1359 5177 1827 5249 Erantpraeterea

177 5272 343 5328 nobis
368 5271 594 5343 equits-‚s
620 5268 759 5325 levis
790 5273 1119 5334 armaturae,
1152 5283 1298 5338 quos
1327 5266 1692 5339 Turcopulos
1721 5281 1823 5322 vo-

175 5365 329 5432 cant,
365 5362 463 5418 scd
489 5361 787 5417 nescimus
807 5361 875 5417 ad
909 5375 1082 5432 quem
1118 5372 1471 5427 numerum3
1503 5357 1823 5412 multorum

175 5464 404 5520 quoque
434 5447 710 5507 relatione
738 5450 1091 5519 audivimus,
1123 5446 1276 5518 quod
1306 5446 1408 5502 illa
1439 5445 1531 5504 die
1562 5445 1619 5502 in
1660 5449 1824 5503 tanto

172 5535 449 5597 conflictu
477 5551 545 5593 ex
568 5539 789 5614 maiore
813 5540 1000 5610 parte,
1028 5550 1270 5609 prorsus
1299 5533 1535 5592 ruerunt
1561 5533 1819 5594 inutiles.

1940 4552 2075 4609 alibi
2115 4558 2402 4623 ageretur.
2436 4549 2676 4624 Utrique
2705 4549 2843 4609 alibi
2875 4555 3152 4624 reputant
3198 4568 3263 4609 se
3307 4551 3586 4619 victores,

1938 4642 2075 4699 alibi
2107 4642 2314 4699 victos.
2348 4640 2707 4697 Venerabilis
2737 4656 2969 4712 quoque
2999 4642 3172 4697 irater
3211 4646 3430 4710 noster,
3481 4642 3588 4698 do-

1939 4732 2139 4789 minus
2171 4730 2513 4802 Radulphus
2544 4729 2962 4787 Bethlehemita
2989 4730 3322 4803 episcopus,
3358 4729 3588 4787 domini

1933 4822 2086 4893 regis
2110 4820 2518 4890 cancellarius,
2542 4819 2637 4876 cui
2658 4820 3030 4892 postmodum
3063 4836 3168 4876 nos
3191 4819 3249 4874 in
3272 4819 3482 4876 eodem
3507 4820 3589 4877 oi-

1932 4909 2064 4965 flcio
2122 4909 2539 4976 successimus,
2588 4908 2837 4980 graviter
2881 4907 3240 4976 vulneratus,
3311 4907 3588 4967 universa

1930 4998 2354 5071 impedimenta
2383 5015 2491 5054 sua
2524 5000 2579 5054 in
2612 4999 2813 5054 eodem
2836 4997 3092 5055 tumultu
3113 4997 3331 5053 amisit.
3353 4999 3588 5071 Anceps

1932 5087 2030 5143 diu
2067 5087 2355 5158 praelium,
2388 5093 2609 5144 certum
2641 5087 2712 5142 dc
2745 5086 3376 5158 victoribusjudicium
3406 5087 3587 5144 diffe—

1932 5178 2133 5245 rebat;
2165 5178 2349 5233 donec
2380 5175 2795 5248 inclinataJam
2823 5176 2969 5242 dise,
2992 5177 3289 5246 dispersos
3320 5174 3394 5231 ad
3416 5174 3590 5249 signa

1932 5266 2279 5323 hortabatur
2317 5267 2541 5335 redire;
2593 5271 2732 5321 tunc
2780 5266 3019 5322 demum
3071 5266 3254 5324 noctis
3299 5266 3591 5326 irruentis

1933 5360 2114 5422 metu,
2149 5354 2264 5425 jam
2288 5352 2602 5424 incipiunt,
2626 5351 2721 5422 qui
2745 5351 2912 5408 liberi
2931 5356 3120 5422 erant,
3143 5354 3214 5409 ad
3239 5369 3380 5410 suos
3420 5354 3587 5411 festi-

1931 5458 2069 5500 nare
2100 5461 2114 5512 ;
2148 5458 2461 5516 regemque
2491 5442 2750 5499 studiose
2779 5442 3110 5514 quaerendo,
3143 5457 3211 5498 ex
3243 5441 3419 5499 variis
3449 5459 3590 5516 par-

1928 5534 2090 5592 tibus
2138 5534 2513 5608 prodeuntes,
2565 5531 2779 5590 iterum
2828 5546 2892 5591 se
2937 5530 3241 5608 colligunt.
3289 5530 3588 5594 Dominus
