3784 6000
137 241 262 310 ⁴25

1033 250 1237 312 HIST.
1289 250 1570 315 RERUM
1616 252 2154 321 TRANSMARIN.
2202 296 2279 306 --
2321 262 2473 324 LlB.
2520 263 2677 325 VllI.

3442 263 3560 328 426

137 385 445 445 continuis
473 400 622 459 pene
644 386 855 444 ictibus
886 387 1269 459 confractum,
1301 391 1359 444 et
1388 387 1533 444 alias
1566 387 1788 445 machi·
1821 392 1876 457 Α
1907 393 2142 451 stabant
2192 396 2373 468 operi,
2424 397 2576 469 quod
2622 412 2691 453 ea
2742 400 2896 453 esset
2943 397 3088 468 dies,
3149 413 3262 470 qua
3293 399 3555 471 quidam.

135 475 401 548 nesigno
420 480 651 549 recepto
663 477 787 548 jam
802 477 861 533 fu
872 476 1398 544 mantes,1·educere
1414 475 1711 549 pusillum,
1739 479 1796 534 et

137 565 485 623 conflictum
509 582 698 639 usque
727 567 786 623 in
809 566 961 624 diem
996 565 1195 623 differe
1209 567 1523 623 crastinam
1546 572 1633 635 ;et
1667 568 1793 638 jam

135 654 428 730 paulatim
454 655 728 718 diffidens
756 655 1404 728 dilabebaturpopulus,
1425 657 1637 712 animis
1652 672 1798 727 pene

135 743 474 816 dissolutis,
505 752 564 802 et
593 746 864 803 hostibus
884 746 1305 804 insultantibus
1334 749 1390 802 et
1424 746 1797 818 provocanti-

136 835 252 892 bus
288 834 444 893 ultro
474 836 546 891 ad
581 835 775 909 praelia
835 835 1013 892 nimis
1062 835 1382 906 procaciter
1435 838 1492 891 et
1539 833 1796 908 amplius

135 922 336 992 solito,
371 941 504 982 cum
544 940 675 981 ecce
723 925 909 980 adluit
954 923 1140 980 virtus
1179 923 1393 993 divina,
1443 940 1571 995 quae
1620 923 1795 979 rebus

135 1012 468 1087 desperatis
482 1013 896 1081 necessariam,
929 1020 983 1070 et
1006 1029 1109 1085 pro
1129 1013 1281 1069 votis
1315 1012 1575 1068 fidelium
1598 1011 1797 1068 intulit

137 1104 628 1163 consolationem.
649 1105 796 1161 Nam
818 1104 890 1162 de
912 1108 1111 1161 monte
1124 1103 1333 1160 Oliveti
1350 1102 1515 1160 miles
1528 1104 1791 1177 quidam,

133 1194 236 1268 qui
285 1197 484 1251 tamen
526 1198 725 1266 postea
769 1210 885 1250 non
924 1193 1272 1264 comparuit,
1306 1192 1677 1265 splendidum
1737 1196 1796 1250 et

135 1282 533 1356 refulgentem
554 1281 892 1340 ventilando
915 1282 1208 1356 clypeum,
1227 1282 1463 1354 signum
1486 1282 1663 1338 dabat
1682 1297 1791 1339 no-

135 1373 281 1430 stris
303 1372 653 1444 legionibus,
687 1376 754 1428 ut
772 1373 1027 1429 redirent
1054 1372 1114 1427 in
1147 1372 1204 1427 id
1227 1371 1419 1443 ipsum
1446 1374 1791 1444 etcongres·

135 1464 369 1520 sionem
392 1462 693 1520 iterarent.
724 1464 846 1529 Quo
877 1461 1045 1534 signo
1078 1460 1431 1518 exhilaratus
1457 1460 1654 1518 animo
1676 1462 1792 1518 dux

134 1550 517 1619 Godet'ridus,
549 1553 648 1624 qui
680 1568 812 1609 cum
847 1551 1020 1609 fratre
1042 1567 1147 1609 suo
1167 1550 1503 1620 Eustochio,
1535 1549 1597 1607 in
1624 1567 1791 1625 supe·

134 1640 279 1699 riori
303 1640 531 1699 castelli
561 1642 742 1699 nostri
781 1640 1079 1699 coenaculo
1100 1642 1170 1699 ad
1205 1642 1407 1697 urbem
1433 1641 1789 1714 impugnan-

1909 478 2124 538 Christi
2155 500 2374 553 servus,
2411 484 2583 558 quiin
2607 489 2800 541 monte
2830 484 3034 542 Oliveti
3065 486 3387 556 habitabat,
3418 504 3559 544 con-

1910 568 2157 628 fidenter
2188 574 2538 645 promiserat
2571 575 2772 630 urbem
2797 591 2924 631 esse
2953 575 3319 648 capiendam.
3353 577 3465 633 Sed
3500 583 3561 634 et

1908 658 2161 731 signum,
2194 664 2349 733 quod
2369 669 2426 719 et
2449 663 2561 736 ipsi
2594 665 2795 736 agitati
2818 664 2999 737 clypei
3023 665 3095 721 ab
3118 666 3321 722 eodem
3358 669 3558 724 monte

1907 747 2113 805 Oliveti
2169 751 2455 822 viderant,
2503 770 2627 820 eos,
2661 753 3032 810 vehementer
3088 756 3433 812 accenderat
3501 760 3560 813 et

1907 838 2236 897 reddiderat
2267 842 2337 898 de
2368 843 2687 899 obtinenda
2714 843 2956 900 victoria
3004 844 3345 902 securiores.
3377 844 3553 902 Vide·

1905 926 2078 984 batur
2121 946 2289 1002 porro
2348 930 2660 1004 utriusque
2719 933 3004 989 exercitus
3055 933 3238 1007 aequis
3283 933 3555 1007 passibus

1906 1018 2210 1086 procedere
2242 1021 2562 1094 negotium,
2596 1025 2879 1095 tanquam
2912 1024 3063 1094 quod
3084 1023 3157 1079 ab
3189 1023 3390 1080 eodem
3436 1040 3551 1079 au-

1905 1110 2059 1162 ctore
2127 1109 2248 1180 pari
2317 1109 2625 1183 diligentia
2658 1112 3095 1182 procurabatur,
3139 1112 3241 1185 qui
3290 1112 3556 1170 mercede

1903 1196 2212 1268 condigna,
2248 1215 2548 1257 servorum
2579 1217 2826 1257 suorum
2858 1201 3226 1258 devotionem
3277 1216 3550 1258 remune-

1904 1300 2032 1341 rare
2060 1286 2406 1344 decreverat.
2435 1289 2692 1363 Tempus
2710 1289 2866 1345 enim
2888 1294 3030 1358 erat,
3050 1294 3114 1347 ut
3154 1290 3302 1346 tanti
3336 1289 3556 1347 laboris
3648 1357 3653 1362 ,

1905 1373 2181 1443 fructum,
2230 1381 2287 1432 et
2353 1377 2574 1433 militiae
2635 1377 2885 1434 fideliter
2940 1377 3208 1435 exhibitae
3261 1377 3553 1452 stipendia

1901 1468 2282 1535 reportarent.

2482 1574 2719 1632 CAPUT
2757 1574 2973 1633 xvtu.

1900 1680 2023 1734 Dux
2052 1685 2103 1736 et
2132 1680 2372 1753 quicum
2402 1697 2460 1738 eo
2512 1689 2695 1751 erant,
2747 1698 2781 1737 a
2828 1682 3052 1739 castello
3107 1682 3288 1754 liyneo
3335 1691 3552 1754 pontem

133 1734 350 1790 damet
375 1732 445 1788 ad
465 1732 694 1789 cautius
716 1732 1002 1789 tuendum
1047 1731 1361 1787 aedificium
1417 1733 1541 1788 erat
1574 1732 1789 1788 consti·
1823 1760 1871 1828 B
1973 1766 2140 1832 ςυρψ.
2188 1769 2414 1809 murum
2483 1753 2792 1823 deponunb.
2848 1769 2974 1810 suo,
3022 1756 3351 1810 immistum·
3409 1756 3544 1813 Urbs

134 1828 327 1893 tutus,
344 1823 625 1900 populum
649 1829 705 1881 et
717 1826 968 1897 majores
984 1822 1157 1898 coepit
1175 1824 1509 1898 ingentibus
1525 1839 1789 1880 revocare

135 1912 519 1971 clamoribus.
545 1914 906 1987 Factumque
925 1917 1034 1984 est,
1059 1914 1272 1985 praevia
1299 1913 1533 1969 Domini
1556 1912 1791 1968 miseri-

136 2002 364 2068 cordia,
385 2003 536 2075 quod
560 2004 863 2060 universus
878 2019 1013 2059 cum
1028 2001 1416 2058 exsultatione
1429 2002 1500 2057 ad
1528 2016 1783 2073 pugnam

134 2107 408 2150 reversus
438 2100 524 2149 est
572 2093 846 2165 populus,
886 2109 1021 2149 cum
1056 2099 1215 2149 tanto
1268 2093 1510 2163 fervore,
1551 2096 1617 2147 ut
1668 2100 1787 2148 tan-

135 2197 319 2256 quam
351 2181 574 2238 viribus
605 2183 850 2255 integris
882 2184 952 2240 de
993 2200 1141 2241 novo
1194 2182 1481 2240 videretur
1528 2182 1785 2253 incipere

134 2270 428 2344 pralium.
485 2271 745 2344 Denique
803 2273 901 2346 qui
943 2275 1103 2345 prius
1152 2277 1256 2331 aut
1313 2272 1472 2342 lessi,
1516 2277 1616 2329 aut
1663 2271 1782 2329 laesi

132 2360 503 2433 vulneribus,
554 2378 789 2434 operam
841 2365 1271 2433 subtraxerant,
1326 2380 1481 2420 nunc
1533 2365 1782 2436 receptis

131 2452 351 2509 animis
407 2457 463 2509 et
506 2453 729 2509 viribus
771 2454 1087 2526 geminatis
1128 2455 1277 2511 ultro
1333 2470 1392 2510 se
1441 2453 1775 2521 offerebant,

129 2540 423 2596 instantes
471 2539 816 2597 animosius.
859 2541 1035 2598 Porro
1067 2543 1383 2615 principes,
1415 2546 1473 2597 et
1529 2539 1630 2613 qui
1671 2556 1776 2597 co-

127 2626 349 2685 lumnae
376 2628 725 2685 videbantur
754 2630 1065 2700 exercitus,
1099 2630 1156 2685 hi
1183 2629 1328 2686 alios
1376 2629 1779 2703 praecedebant

127 2723 188 2774 et
210 2734 321 2775 suo
340 2718 607 2791 exemplo
638 2718 958 2776 reddebant
986 2721 1382 2777 animosiores,
1416 2720 1530 2775 Sed
1553 2727 1606 2774 et
1642 2735 1775 2775 mu·

123 2805 319 2880 lieres,
369 2823 443 2865 ne
495 2808 645 2865 tanti
702 2820 962 2883 expertes
993 2810 1206 2867 laboris
1258 2828 1382 2868 esse
1423 2810 1771 2877 viderentur,

120 2897 267 2953 viris
285 2897 343 2954 in
371 2913 557 2971 agone
587 2899 1033 2970 desudantibus,
1067 2903 1293 2971 potum,
1329 2916 1399 2955 ne
1440 2897 1773 2967 deficerent,

122 2986 547 3045 ministrabant
575 2989 636 3045 in
665 2989 913 3047 vasculis
954 2994 1012 3046 et
1051 2989 1244 3046 verbis
1293 2987 1627 3047 efficacibus
1674 3004 1772 3043 eos

120 3078 193 3134 ad
226 3082 524 3135 certamen
549 3078 910 3135 animabant.
934 3077 1110 3135 Porro
1142 3083 1302 3135 tanta
1331 3084 1454 3136 erat
1484 3079 1540 3134 in
1563 3077 1770 3134 castris

1971 1833 2214 1894 capitur,
2243 1834 2401 1896 porta
2458 1828 2732 1896 aperitur,
2818 1831 2869 1881 et
2926 1835 3111 1882 noster
3170 1826 3545 1883 introducitur

1967 1898 2267 1953 exercitu&

1969 2001 2151 2074 Igitur
2182 2003 2347 2059 ducis
2378 2007 2436 2061 et
2465 2005 2741 2061 comitum
2776 2003 3055 2076 legiones,
3089 2019 3240 2075 quis,
3287 2007 3353 2060 ut
3398 2020 3544 2078 prae·

1895 2090 2176 2162 diximus,
2210 2092 2267 2148 in
2292 2098 2452 2165 parte
2476 2092 2915 2165 septentrionali
2974 2094 3177 2149 urbem
3226 2093 3540 2166 impugna-

1890 2179 2053 2251 bant,
2086 2198 2343 2254 eousque
2365 2183 2688 2255 opitulante
2708 2182 2955 2239 Domino
2980 2183 3357 2254 profecerant,
3380 2184 3539 2256 quod

1892 2269 2157 2329 hostibus
2178 2272 2524 2345 defatigatis
2554 2272 2749 2344 etjam
2782 2272 3055 2327 resistere
3086 2271 3146 2327 in
3188 2270 3536 2340 valentibus,

1890 2360 2140 2417 effractis
2154 2361 2618 2418 antemuralibus
2640 2367 2697 2418 et
2715 2360 2865 2418 vallo
2890 2360 3122 2434 penitus
3145 2362 3539 2434 complanato,

1888 2451 1956 2504 ad
1986 2467 2212 2506 murum
2244 2452 2487 2525 impune
2511 2454 2775 2524 poterant
2798 2453 3092 2522 accedere,
3135 2467 3265 2506 raro
3314 2451 3535 2508 auden·

1886 2539 2043 2595 tibus
2075 2541 2425 2597 adversariis
2455 2543 2540 2599 eis
2563 2557 2664 2614 per
2694 2540 2984 2599 cancellos
3027 2541 3251 2612 aliquid
3280 2540 3537 2612 irrogare

1885 2629 2136 2699 injuriae.
2170 2631 2276 2697 Qui
2310 2647 2443 2688 vero
2474 2630 2532 2687 in
2565 2630 2805 2688 castello
2833 2639 3018 2700 erant,
3057 2632 3320 2687 hortante
3366 2630 3534 2699 duce,

1883 2718 1942 2774 in
1965 2719 2266 2776 culcitram
2284 2721 2549 2778 bombice
2573 2720 2828 2793 plenam,
2852 2725 2909 2777 et
2931 2737 3131 2778 saccos
3164 2720 3365 2791 plenos
3387 2725 3538 2776 stra-

1883 2809 2042 2864 mine
2064 2812 2256 2882 ignem
2289 2811 2630 2882 injecerant,
2662 2812 2763 2884 qui
2796 2811 2971 2868 flante
3002 2811 3182 2867 Borea
3230 2826 3533 2876 accensus,

1882 2896 2109 2954 sumum
2143 2899 2295 2956 infra
2323 2901 2526 2958 urbem
2558 2901 2930 2970 intorquebat
2947 2900 3325 2973 caliginosum
3355 2914 3369 2956 ε
3421 2914 3534 2969 quo

1878 2985 2134 3046 instante
2156 2991 2504 3063 protervius,
2539 2992 2637 3063 qui
2664 3008 2895 3047 murum
2922 2991 3228 3047 defendere
3251 2988 3526 3046 teneban-

1880 3079 1997 3146 tur,
2029 3095 2131 3135 ora
2158 3079 2243 3136 vel
2276 3080 2475 3138 oculos
2511 3098 2628 3137 non
2650 3083 2910 3137 valentes
2942 3080 3188 3153 aperire,
3218 3078 3438 3151 stupidi
3471 3084 3533 3134 et

118 3167 353 3236 laetitia,
385 3172 454 3224 ut
470 3168 593 3240 jam
626 3183 802 3241 quast
833 3169 1053 3225 certide
1091 3169 1349 3236 victoria,
1402 3168 1553 3224 inl'ra
1608 3168 1761 3224 horae
1801 3155 1846 3224 C
1876 3167 2114 3224 fumidae
2141 3170 2412 3242 caliginis
2441 3170 2661 3227 turbati
2693 3169 2984 3242 voragine,
3037 3168 3190 3225 muri
3222 3167 3531 3225 deseruere

121 3256 388 3329 spatium
420 3256 572 3313 vallo
602 3257 967 3328 complanato
1008 3263 1066 3313 et
1109 3259 1347 3314 effracto
1401 3256 1771 3327 antemurali,

121 3343 436 3403 castellum
459 3363 626 3403 muro
652 3346 929 3403 violenter
951 3346 1517 3419 applicarent.Cives
1549 3350 1769 3415 autem,

115 3440 180 3492 ut
219 3435 623 3509 prediximus,
654 3437 840 3494 trabes
870 3454 1118 3510 procerae
1141 3435 1528 3509 longitudinis
1557 3444 1610 3493 et
1634 3435 1773 3492 soli-

113 3528 323 3585 ditatis
347 3527 593 3584 multaea
614 3544 782 3587 muro
814 3531 1343 3603 suspenderant,ut
1365 3529 1770 3586 machinarum

116 3618 277 3676 ictus
305 3616 611 3685 eliderent,
665 3636 907 3692 quarum
941 3618 1087 3676 duas
1127 3619 1309 3676 nostri
1350 3619 1449 3692 qui
1493 3623 1661 3675 erant
1709 3619 1768 3674 in

117 3706 387 3779 castello,
417 3707 678 3780 praecisis
710 3709 973 3780 funibus,
1022 3710 1234 3781 quibus
1281 3714 1444 3766 erant
1493 3709 1769 3781 religatae,

113 3797 462 3869 dejecerunt
516 3797 577 3853 in
624 3802 885 3855 terram:
939 3815 1105 3871 quas,
1151 3800 1248 3873 qui
1291 3803 1456 3855 erant
1503 3799 1769 3868 inferiuS,

114 3901 248 3943 cum
277 3885 468 3942 multo
499 3887 757 3959 periculo
788 3888 1198 3959 suscipientes,
1231 3888 1384 3944 intra
1436 3887 1770 3945 machinam

111 3974 475 4041 detulerunt,
501 3992 716 4049 easque
746 3978 979 4034 demum
1015 3979 1198 4050 ponti,
1240 3994 1411 4050 quem
1454 3979 1672 4044 statim,
1703 3984 1768 4034 ut

108 4065 352 4122 dicetur
379 4066 441 4121 in
478 4067 887 4140 sequentibuS,
927 4068 999 4123 de
1023 4067 1261 4124 castello
1309 4083 1485 4140 super
1531 4084 1765 4124 murum

109 4157 452 4221 erexerunt,
494 4157 565 4211 ad
628 4157 908 4228 majorem
963 4157 1343 4227 subjecerunt
1385 4154 1762 4212 soliditatem.

109 4241 195 4299 Ex
227 4243 533 4317 fragilibus
561 4245 708 4302 enim
740 4263 884 4317 pons
906 4251 1213 4303 contextus
1243 4251 1368 4302 erat
1409 4244 1606 4320 lignis,
1658 4261 1762 4302 nec

104 4332 230 4390 nisi
252 4332 463 4390 horum
480 4335 743 4408 subjecto
765 4336 1145 4406 adminicu10,
1161 4335 1439 4410 populum
1462 4341 1766 4394 transeun-

101 4426 228 4479 tem
261 4423 558 4481 sustinere
587 4427 895 4498 potuisset.

715 4535 950 4594 CAPUT
988 4536 1158 4592 XVII.

1883 3259 2232 3314 custodiam.
2257 3260 2379 3325 Quo
2410 3261 2641 3332 cognito
2685 3259 2820 3320 dux,
2871 3259 2980 3315 sub
3031 3258 3192 3315 omni
3239 3256 3533 3314 celeritate

1882 3346 2094 3417 trabes,
2127 3365 2275 3421 quas
2302 3349 2373 3405 ab
2398 3348 2670 3406 hostibus
2700 3351 3058 3422 eripuerant,
3105 3363 3347 3404 sursum
3393 3347 3532 3404 ferri

1883 3439 2174 3510 praecepit,
2200 3439 2415 3510 quibus
2446 3455 2514 3496 ex
2537 3456 2654 3495 una
2679 3440 2916 3512 partein
2938 3436 3234 3505 machina,
3257 3453 3325 3494 ex
3354 3436 3534 3492 altera

1882 3542 2062 3600 super
2089 3542 2321 3584 murum
2353 3528 2584 3596 locatis,
2613 3528 2767 3586 latus
2815 3527 3058 3594 castelli,
3104 3527 3253 3598 quod
3315 3527 3531 3583 moveri

1883 3620 2132 3687 poterat,
2165 3618 2378 3689 deponi
2408 3617 2680 3688 praecepit
2709 3634 2723 3673 ε
2757 3633 2871 3688 quo
2913 3631 3088 3687 super
3109 3615 3303 3670 trabes
3333 3614 3534 3686 praedi·

1886 3712 2011 3764 otas
2036 3706 2340 3777 collocato,
2374 3709 2552 3765 vicem
2577 3707 2773 3780 pontis
2804 3707 3053 3780 praebuit
3081 3722 3340 3779 congrua
3395 3703 3533 3761 soll-

1886 3798 2066 3853 ditate
2097 3797 2437 3852 subnixum.
2464 3797 2558 3853 Sic
2580 3813 2717 3869 ergo
2745 3801 2895 3869 quod
2921 3798 3115 3852 hostes
3146 3812 3250 3867 pro
3270 3811 3329 3850 se
3355 3794 3532 3850 intro·

1884 3887 2200 3955 duxerant,
2233 3888 2292 3942 in
2332 3902 2533 3944 eorum
2589 3903 2820 3943 versum
2871 3890 2929 3943 et
2976 3886 3294 3941 laesionem.
3352 3882 3531 3940 Ponte

1883 3974 2064 4047 igitur
2093 3978 2176 4032 sic
2206 3976 2492 4044 ordinato,
2526 3977 2751 4048 primus
2783 3975 3043 4031 omnium
3074 3975 3163 4030 vir
3192 3973 3445 4047 inclytus
3474 3977 3533 4029 et

1883 4063 2132 4120 illustris
2164 4067 2279 4120 dux
2309 4065 2679 4132 Godelridus,
2714 4066 2966 4136 reliquus
3001 4070 3065 4119 ut
3095 4062 3530 4135 subsequantur

1886 4153 2215 4224 exhortanS,
2241 4171 2375 4211 cum
2409 4155 2584 4211 fratre
2603 4171 2707 4211 suo
2728 4153 3040 4211 Eustachio
3072 4154 3272 4210 urbem
3305 4154 3529 4224 ingres·

1885 4261 1988 4300 sus
2012 4253 2099 4301 est
2123 4263 2137 4315 ;
2167 4261 2343 4317 quem
2367 4243 2642 4303 continuo
2671 4245 2973 4302 subsecuti
2993 4249 3133 4301 sunt
3157 4241 3442 4300 Ludolfus
3470 4247 3530 4298 et

1898 4333 2258 4392 Gislehertus
2283 4337 2497 4393 uterini
2528 4336 2756 4405 fratres,
2789 4334 2893 4391 viri
2934 4334 3157 4391 nobiles
3187 4338 3245 4390 et
3294 4335 3530 4405 perpete

1884 4423 2048 4497 digni
2079 4426 2383 4496 memoria,
2416 4430 2607 4483 ortum
2651 4426 2931 4483 habentes
2982 4426 3052 4481 de
3108 4424 3339 4480 civitate
3381 4422 3527 4479 Tor-

1801 4533 1850 4599 D
1883 4531 2026 4571 naco
2052 4531 2067 4583 3
2100 4521 2523 4588 consequenter
2543 4531 2674 4571 vero
2706 4515 3058 4571 intinitatem
3076 4512 3332 4585 equitum
3350 4525 3526 4580 quam

105 4620 170 4677 ln
199 4630 368 4695 parte
393 4624 631 4681 australi
686 4625 977 4682 Tolosanus
1025 4624 1312 4682 cum-suis
1353 4626 1541 4682 urbem
1593 4624 1771 4683 nihilo
1883 4605 2146 4676 peditum
2182 4622 2425 4661 mam-¹⁵²
2461 4606 2543 4661 5²⁸
2591 4608 2653 4660 ¹³¹²
2706 4620 2810 4660 ¹¹0⁰
2869 4603 3161 4671 maehina’
3222 4616 3328 4656 ¹²⁰⁰
3384 4614 3528 4670 9⁰⁰⁸

652 4700 876 4768 ceym'us
910 4699 1217 4770 impuqnal.

177 4782 410 4841 Interea
438 4800 594 4852 vero,
639 4787 779 4842 dum
829 4786 953 4841 haec
1000 4787 1059 4841 in
1109 4787 1551 4856 septentrionali
1601 4786 1768 4860 plaga

104 4874 268 4929 tanto
298 4873 492 4931 studio
523 4879 935 4944 tractarentur,
968 4891 1164 4931 comes
1186 4875 1529 4942 Tolosanus,
1563 4884 1616 4933 et
1666 4878 1765 4950 qui

104 4975 245 5017 cum
266 4976 336 5017 eo
356 4967 521 5020 erant
551 4964 608 5019 in
639 4970 805 5034 parte
839 4963 1103 5032 australi,
1128 4971 1348 5036 quanta
1371 4970 1631 5036 poterant
1673 4965 1766 5022 in-

105 5046 565 5118 stantia,eodem
589 5052 712 5110 zelo
743 5055 1057 5121 ferventes,
1085 5054 1284 5109 urbem
1301 5052 1759 5127 impugnabant;

101 5137 515 5212 completoque
542 5142 715 5209 vallo,
742 5143 898 5200 circa
930 5143 1080 5216 quod
1110 5159 1255 5214 opus
1285 5158 1385 5215 per
1416 5143 1762 5201 continuum

101 5227 534 5288 desudaverant
562 5233 851 5299 triduum,
886 5231 1195 5289 castellum
1247 5231 1307 5289 in
1364 5248 1542 5289 manu
1600 5232 1756 5300 sorti,

93 5316 272 5388 Juxta
292 5332 529 5377 murum
593 5321 942 5389 locaverant,
977 5322 1055 5377 ita
1115 5329 1176 5377 ut
1226 5323 1327 5394 qui
1380 5322 1440 5378 in
1500 5321 1761 5379 turribus

99 5410 269 5464 erant
297 5414 354 5464 et
384 5406 442 5465 in
466 5410 760 5480 machina,
781 5428 928 5484 pene
956 5414 1197 5484 possent
1224 5426 1288 5467 se
1309 5415 1513 5468 mutuo
1537 5410 1759 5470 lanceis

99 5494 441 5557 vulnerare.
469 5498 606 5557 Erat
629 5516 769 5574 ergo
806 5518 912 5575 par
953 5500 1264 5573 utrobique
1293 5499 1495 5574 populi
1542 5502 1754 5574 fervor,

1880 4691 2199 4763 praedictus
2229 4690 2428 4762 plures
2479 4694 2677 4762 posset
2705 4691 3012 4746 sustinere.
3055 4687 3331 4744 videntes
3387 4703 3526 4761 ergo

1881 4780 2098 4849 hosteS,
2133 4781 2287 4854 quod
2314 4781 2491 4837 nostri
2521 4795 2757 4835 murum
2811 4779 2936 4849 jam
2993 4780 3436 4848 occupaverant,
3466 4783 3527 4833 et

1884 4870 2004 4926 dux
2034 4885 2206 4925 suum
2233 4871 2356 4940 jam
2394 4868 2794 4925 introduxerat
2822 4866 3162 4932 exercitum,
3196 4872 3386 4921 turres
3425 4866 3525 4923 de·

1876 4962 2077 5015 serunt
2105 4963 2162 5014 et
2193 4959 2429 5028 moenia,
2477 4960 2545 5014 ad
2590 4957 2849 5013 vicorum
2896 4953 3195 5028 angustias
3217 4970 3279 5011 se
3325 4955 3525 5013 confe-

1874 5053 2088 5106 rentes.
2125 5048 2298 5105 Porro
2331 5047 2510 5105 nostri
2539 5046 2993 5119 videntes‚quod
3026 5045 3168 5113 dux,
3189 5052 3244 5100 et
3274 5046 3525 5102 maxima

1874 5156 2011 5213 pars
2042 5137 2330 5194 nobilium
2356 5142 2549 5193 turres
2582 5135 2692 5192 sibi
2726 5135 3180 5203 vindicaverant,
3222 5133 3349 5205 jam
3405 5149 3523 5190 non

1873 5233 2208 5304 exspectato
2250 5244 2350 5300 per
2380 5225 2712 5282 machinam
2744 5241 3019 5293 ascensu,
3052 5222 3233 5279 scalas
3255 5223 3522 5280 certatim

1871 5322 1943 5378 ad
1978 5334 2214 5376 murum
2246 5316 2560 5390 applicant,
2613 5331 2863 5387 quorum
2922 5312 3039 5369 illis
3090 5310 3343 5367 maxima
3399 5316 3524 5368 erat

1871 5408 2035 5481 copia
2062 5425 2077 5476 ;
2112 5422 2247 5464 nam
2280 5405 2403 5462 bini
2437 5410 2492 5461 et
2521 5404 2642 5461 bini
2675 5403 2899 5476 equites
2932 5416 3001 5456 ex
3051 5399 3238 5456 edicto
3288 5399 3522 5471 publico

1867 5497 2137 5572 singulas
2155 5496 2264 5554 sibi
2296 5499 2776 5570 praeparaverant,
2801 5508 2905 5566 per
2933 5506 3080 5562 quas
3136 5491 3523 5550 ascendentes

101 5587 156 5642 et
183 5583 476 5647 instantia
501 5604 619 5648 uon
650 5589 991 5650 dissimilis:
1031 5605 1216 5664 eoque
1271 5590 1615 5664 diligentius
1659 5592 1756 5650 in·
1864 5587 2246 5659 unanimiter,
2302 5585 2433 5643 aliis
2491 5584 2590 5658 qui
2620 5600 2799 5657 supra
2843 5597 3076 5640 murum
3107 5584 3296 5647 erant,
3348 5580 3521 5639 ducis

425 5689 696 5754 Pauor..
740 5691 882 5754 GCI.

3126 5679 3201 5740 u
