3784 6000
186 246 315 307 549

679 246 883 309 nls'r.
934 246 1209 311 RERUM
1250 245 1790 310 TRANSMARIN.
1832 278 1914 294 -
1953 244 2102 308 LlB.
2146 244 2307 308 xm.
2351 248 2807 315 BALDUlNUS
2856 254 2912 316 ΙΙ
2956 255 3134 317 REX.

3470 264 3590 328 550

182 387 372 441 tm.
407 382 535 455 (Isa.
567 395 729 449 xxm,
758 380 835 456 6).
869 379 949 436 Ex
980 379 1090 438 hac
1119 381 1295 438 etiam
1352 387 1409 438 et
1466 383 1680 454 iliram,
1722 381 1830 438 Sa·
1859 382 1914 449 Α
1942 379 2110 436 sicuti
2134 382 2503 441 manifestius
2530 385 2772 444 dicetur.
2792 389 2958 459 Syria
2978 407 3116 464 ergo
3139 396 3328 467 major
3366 400 3582 460 multas

183 471 439 529 lomouis
470 478 812 544 cooperator
838 470 910 525 ad
951 469 1265 527 aediflcium
1318 470 1523 544 templi
1580 471 1831 538 Domini,

183 578 287 618 rex
317 560 465 629 luit3
497 563 556 617 et
611 557 976 629 Apollonius,
1007 564 1174 631 gesta
1215 561 1384 634 cujus
1436 560 1723 618 celebrem
1773 568 1828 617 et

184 649 303 707 late
330 648 627 723 vulgatam
663 647 874 704 habent
905 647 1230 706 historiam.
1266 649 1342 705 Ex
1382 650 1491 706 hac
1532 648 1828 706 nihilomi-

184 756 303 797 nus
353 740 498 795 urbe
545 737 654 794 ruit
703 737 985 793 abdimus
1023 737 1383 807 adolescens,
1458 739 1833 796 Abdaemonis

184 827 364 896 fliius,
396 827 501 901 qui
527 826 856 884 Salomonis
899 827 1095 884 omnia
1126 828 1487 899 sophismata
1543 834 1600 886 et
1655 828 1832 884 verba

184 917 605 991 parabolarum
626 915 1013 988 aenigmatica,
1047 932 1170 988 quse
1202 916 1398 974 Hiram
1434 918 1551 992 regi
1613 918 1830 991 Tyrio-

184 1023 322 1065 rum
347 1005 625 1064 solvenda
655 1005 941 1070 mittebat,
966 1006 1115 1063 mira
1153 1005 1410 1064 solvebat
1468 1007 1827 1076 subtilitate;

183 1096 260 1153 de
289 1112 405 1168 quo
437 1095 514 1152 ita
545 1094 755 1165 legitur
785 1093 842 1150 in
890 1094 1141 1166 ‹losepbo
1187 1095 1621 1167 Antiquitatum
1680 1093 1831 1153 libro

184 1194 424 1242 octavo:
458 1183 705 1240 Heminit
735 1181 930 1239 horum
959 1183 1196 1240 duorum
1224 1200 1462 1258 reqnum
1514 1184 1829 1254 Menander,

183 1277 287 1348 qui
337 1291 412 1330 ea:
464 1274 721 1330 Plioenica
770 1274 960 1344 linqua
1006 1276 1368 1346 antiquitates
1420 1273 1708 1346 Tyriorum
1770 1274 1830 1331 in

183 1380 368 1421 aecem
413 1364 673 1420 convertit
726 1363 1083 1430 Helladicam,
1140 1364 1225 1421 ita
1290 1365 1473 1420 dicens
1497 1381 1516 1419 .-
1572 1363 1833 1422 Mor-iente

185 1453 436 1520 Abibalo,
467 1454 727 1510 successit
750 1453 949 1522 ineius
988 1469 1222 1525 reqnum
1267 1453 1418 1524 tilius
1444 1455 1564 1526 ejus
1610 1454 1831 1526 Hiram,

185 1546 287 1616 qui
314 1559 443 1599 cum
471 1543 695 1599 vixisset
713 1545 876 1598 annis
901 1545 1298 1615 quinquaqinta
1338 1544 1532 1613 mbas,
1582 1547 1834 1618 reqnavit

184 1634 421 1703 lriqinla
469 1638 725 1705 quatuor.
765 1633 938 1705 Hujus
994 1634 1324 1705 temporibus
1370 1641 1487 1690 eral
1545 1634 1831 1701 Abdimus,

187 1721 545 1780 Abdaemonis
578 1720 734 1791 filius
782 1724 843 1777 in
889 1723 1145 1789 vinculis,
1186 1725 1283 1794 qui
1337 1739 1547 1795 semper
1588 1724 1834 1797 proposi-

187 1813 371 1869 tiones
396 1827 533 1884 quas
562 1810 885 1884 imperasset
928 1810 1435 1885 Hierosolymorum
1466 1829 1584 1874 rex.
1614 1817 1834 1871 evince-

189 1901 297 1958 bat.
325 1900 392 1956 Et
422 1900 635 1958 iterum
666 1900 858 1958 infra:
891 1901 1100 1973 Adjecit
1138 1901 1208 1957 ad
1250 1903 1369 1973 hoc,
1413 1918 1595 1974 reqem
1642 1903 1833 1961 Hiero-

183 1991 534 2063 solymorum
562 1990 912 2047 Salomonem
952 1990 1172 2047 misisse
1207 1993 1293 2049 ad
1323 1994 1523 2048 Hiram
1564 1993 1696 2064 Tyri
1744 2010 1835 2050 re-

182 2095 313 2151 qem
341 2079 550 2152 Maras
580 2079 868 2153 quasdam,
900 2084 950 2135 el
987 2081 1212 2152 petiisse
1238 2083 1307 2136 ab
1364 2097 1429 2137 ea
1486 2080 1831 2151 solutionem,

185 2171 268 2226 ila
296 2175 362 2225 ul
407 2170 461 2225 si
513 2185 624 2226 non
669 2175 849 2240 pessel
907 2169 1237 2238 discernere,
1289 2170 1528 2227 solventi
1572 2173 1834 2242 pecunias

184 2258 373 2321 clarel:
403 2273 634 2330 cumque
649 2263 924 2330 fateretur
952 2258 1164 2328 Hiram,
1213 2275 1270 2316 se
1322 2275 1432 2315 non
1499 2275 1654 2330 posse
1706 2261 1832 2317 illas

187 2346 425 2415 solvere,
457 2347 739 2420 multaque
764 2351 908 2416 foret
945 2350 1308 2419 pecuniarum
1343 2347 1672 2406 detrimenta
1704 2364 1832 2420 pas·

180 2452 368 2504 surus,
399 2452 496 2507 per
524 2435 817 2494 abdimum
850 2437 1137 2508 quemdam
1164 2439 1407 2510 Tyrium.
1464 2452 1591 2511 quae
1631 2454 1832 2511 propo-

182 2527 295 2583 sita
322 2528 569 2598 fuerant,
599 2535 728 2582 sunt
757 2526 1010 2583 absoluta
1023 2544 1048 2594 ;
1075 2533 1132 2584 et
1159 2528 1275 2583 alia
1304 2526 1372 2583 ab
1420 2542 1480 2585 eo
1526 2531 1830 2601 proposita,

183 2630 307 2687 quoe
336 2615 386 2670 si
423 2614 680 2671 Salomon
738 2631 850 2672 non
895 2615 1130 2672 solveret
1185 2615 1305 2686 reqi
1359 2616 1575 2683 Hiram,
1624 2618 1834 2672 multas

177 2701 452 2775 pecunias
480 2702 658 2759 daret.
691 2701 762 2758 Et
790 2702 887 2759 hic
914 2705 1154 2760 fortasse
1190 2707 1278 2760 est
1334 2719 1510 2775 quem
1568 2703 1833 2761 fabulose

185 2793 560 2866 popularium
594 2793 959 2852 narrationes
990 2793 1332 2851 Marcellum
1355 2799 1586 2863 vocant,
1620 2796 1692 2852 de
1718 2811 1832 2866 quo

183 2882 407 2939 dicitur
434 2883 582 2955 quod
615 2881 946 2940 Salomonis
993 2883 1253 2939 solvebat
1290 2883 1626 2954 aenigmata,
1677 2888 1734 2938 et
1780 2882 1829 2940 ei

180 2971 599 3045 respondebat,
631 2971 1077 3047 aequipollenter
1123 2972 1337 3030 iterum
1380 2970 1656 3030 solvenda
1688 2987 1830 3045 pro-

182 3077 437 3134 ponens.

1943 469 2267 539 provincias
2292 471 2442 528 inira
2461 488 2632 530 suum
2655 477 2914 535 continet
2934 482 3221 539 ambitum
3242 503 3257 553 ς
3304 502 3340 542 a
3358 489 3587 560 Tigride

1940 561 2097 616 enim
2130 560 2350 620 babens
2379 563 2636 636 initium,
2669 568 2935 639 usquein
2971 572 3285 646 AEgyptum
3335 585 3583 650 proten-

1942 649 2122 718 ditur,
2153 655 2265 708 eta
2285 652 2484 710 Cilicia
2514 671 2699 728 usque
2727 658 2786 713 in
2807 675 2967 716 mare
2997 660 3259 721 Rubrum
3280 680 3296 734 ;
3318 670 3492 740 cujus
3509 672 3582 729 ab

1942 738 2200 796 inferiori
2237 750 2421 814 parte,
2453 759 2582 815 ques
2613 750 2702 802 est
2733 746 2883 803 inter
2900 749 3190 820 Tigridem
3232 758 3288 810 st
3317 756 3583 829 Euphra·

1938 830 2078 895 tem,
2103 829 2291 901 prima
2335 832 2465 903 ejus
2525 833 2779 904 partium
2838 835 3256 911 Mesopotamia
3298 850 3401 917 est,
3451 863 3585 919 qun

1942 916 2077 988 quia
2109 917 2262 976 inter
2293 920 2408 977 duo
2439 919 2684 978 flumina
2714 923 2831 980 sita
2857 931 2967 993 est,
2999 931 3417 1002 Mesopotamia
3437 936 3585 994 dici·

1941 1009 2073 1062 tur:
2107 1009 2277 1079 quasi
2309 1025 2437 1079 quat
2469 1011 2621 1067 inter
2649 1012 2765 1069 duo
2795 1013 3042 1074 flumina
3084 1019 3312 1091 jaceat,
3338 1032 3583 1095 potamos

1941 1095 2096 1150 enim
2119 1095 2336 1165 Graece,
2365 1098 2558 1156 Latine
2572 1100 2785 1172 fluvius
2803 1103 3022 1162 dicitur
3047 1124 3060 1175 ;
3081 1123 3233 1179 quae,
3252 1113 3390 1183 quia
3407 1113 3584 1187 Syrio

1940 1200 2073 1256 pars
2102 1189 2211 1255 est,
2260 1186 2472 1244 idcirco
2504 1188 2833 1262 frequenter
2866 1193 2928 1249 in
2958 1195 3273 1268 scripturis
3329 1200 3590 1275 Mesopo-

1940 1274 2122 1330 tamia
2150 1275 2326 1348 Syriae
2357 1277 2593 1336 dicitur.
2629 1282 2762 1338 Post
2793 1282 2942 1338 bane
2973 1300 3105 1342 vero
3136 1288 3367 1358 eJudem
3384 1291 3584 1363 Syrias,

1938 1363 2248 1436 Goelesyria
2277 1367 2453 1438 regio,
2485 1369 2737 1426 maxima
2781 1373 2972 1442 portio
3002 1379 3112 1446 est,
3145 1377 3202 1432 in
3245 1394 3360 1450 qua
3396 1381 3588 1439 Antio·

1941 1453 2092 1520 chia,
2124 1454 2325 1512 civitas
2356 1455 2457 1513 ills
2488 1458 2721 1527 nobilis,
2756 1476 2887 1517 cum
2921 1463 3048 1520 suis
3078 1466 3459 1539 suffraganeis
3487 1488 3582 1530 ur-

1940 1541 2116 1600 bibus
2148 1543 2260 1600 sita
2289 1548 2414 1602 est:
2445 1546 2563 1613 cui,
2586 1549 2758 1619 quasi
2801 1567 2835 1607 a
2868 1554 3287 1624 septentrione,
3339 1562 3585 1633 utraque

1938 1628 2138 1687 Cilicia
2168 1634 2533 1691 contermina
2569 1646 2681 1707 est,
2727 1654 2855 1709 quoe
2900 1641 3164 1710 ejusdem
3218 1645 3395 1718 Syriae
3442 1653 3588 1708 sunt

1943 1724 2155 1789 partes.
2187 1722 2276 1777 Ab
2308 1728 2507 1780 austro
2530 1740 2663 1782 vero
2695 1725 2986 1785 Pboenicis
3027 1731 3230 1788 statim
3275 1736 3588 1810 conjungi-

1945 1812 2059 1877 tur,
2105 1809 2251 1866 inter
2299 1816 2493 1881 partes
2540 1813 2667 1884 ejus
2705 1816 3022 1888 precipua,
3076 1836 3200 1893 quie
3253 1821 3413 1894 olim,
3483 1842 3587 1898 pet·

1946 1896 2133 1954 multa
2158 1903 2446 1971 tempora,
2479 1902 2733 1974 simplex
2784 1904 2892 1961 ruit
2939 1912 2998 1963 et
3038 1910 3382 1981 uniformis3
3427 1930 3588 1973 nune

1944 1991 2138 2043 sutem
2163 1987 2219 2042 in
2243 1988 2392 2046 duas
2416 1989 2606 2047 divisa
2634 1996 2759 2061 est;
2795 2009 3043 2064 quarum
3069 1998 3258 2069 prima
3289 2001 3588 2063 maritima

1944 2075 2175 2144 dicitur,
2216 2078 2388 2149 cujus
2433 2081 2771 2152 metropolis
2817 2087 2908 2139 est
2954 2083 3161 2157 Tyrus,
3209 2091 3365 2147 unde
3411 2093 3585 2151 nobis

1945 2173 2031 2220 est
2052 2182 2279 2228 sermm
2314 2169 2487 2225 urbes
2516 2169 2738 2226 habens
2787 2175 3233 2243 quatuordecim
3300 2179 3587 2255 suffraga-

1947 2271 2084 2312 neas
2108 2273 2121 2322 ;
2145 2275 2176 2312 a
2206 2256 2327 2314 rivo
2361 2257 2634 2326 Valanioe,
2666 2260 2764 2333 qui
2790 2266 2879 2318 est
2907 2264 3019 2320 sub
3052 2271 3240 2324 castro
3288 2269 3576 2344 Margath,

1948 2342 2169 2401 babens
2201 2346 2454 2414 initium,
2487 2349 2662 2405 finem
2686 2355 2878 2406 autem
2902 2353 2973 2408 ad
2998 2353 3273 2427 Lapidem
3296 2356 3574 2431 incisum,

1946 2434 2048 2503 qui
2082 2433 2253 2491 bodie
2275 2436 2489 2492 dicitur
2521 2438 2878 2508 Districtum,
2917 2439 3081 2509 juxta
3126 2446 3581 2508 vetustissimam

1947 2523 2150 2578 urbem
2182 2539 2307 2595 quae
2340 2525 2558 2581 dicitur
2587 2526 2778 2599 Tyrus
2831 2528 3089 2600 antiqua.
3151 2529 3335 2591 Urbes
3388 2549 3583 2597 autem

1946 2627 2074 2682 quae
2105 2611 2255 2668 infra
2286 2612 2436 2670 hanc
2467 2615 2817 2685 provinciam
2851 2618 3246 2689 continentur,
3277 2629 3420 2681 sunt
3462 2625 3583 2685 he:

1945 2703 2018 2760 ab
2050 2707 2248 2760 austro
2278 2705 2599 2762 novissima
2633 2709 2968 2782 Porphyris,
3011 2727 3134 2783 quai
3174 2713 3288 2772 alio
3345 2720 3583 2779 nomine

1946 2791 2163 2848 dicitur
2213 2795 2393 2863 Hella,
2454 2795 2679 2868 vulgari
2737 2814 2872 2855 vero
2929 2801 3315 2871 appellatione
3354 2806 3580 2882 Galles3

1945 2881 2203 2938 secunda
2227 2883 2605 2953 Ptolomaida,
2630 2902 2756 2956 quie
2778 2888 2891 2944 alio
2913 2892 3090 2947 etiam
3116 2894 3351 2953 nomine
3370 2896 3587 2956 dicitur

1943 2972 2165 3038 Accon;
2202 2972 2371 3030 tertia
2402 2973 2472 3029 ab
2495 2973 2714 3031 oriente
2745 2975 2985 3046 Paneas,
3021 2997 3150 3054 quie
3179 2991 3268 3040 est
3323 2985 3582 3047 Caesarea
3651 2994 3658 3004 '

1945 3059 2472 3135 Philippi3quarta
2524 3080 2559 3120 a
2606 3069 3000 3136 septentrione
3044 3069 3314 3145 Sarepta3
3370 3077 3580 3148 quinta

250 3150 385 3207 Hssc
419 3150 616 3207 eadem
669 3152 726 3207 et
772 3149 1038 3221 Origenis
1093 3166 1305 3222 corpus
1353 3150 1621 3217 occultat,
1673 3136 1907 3206 sicutC·
1943 3149 2146 3217 Sidon,
2180 3155 2338 3207 sexta
2367 3152 2702 3224 Berytbum,
2754 3156 3002 3227 septima
3049 3157 3327 3232 Biblium,
3376 3170 3579 3225 octava

181 3240 416 3298 oculata
470 3239 585 3297 fide
629 3238 801 3296 etiam
836 3239 1005 3296 hodie
1040 3239 1171 3296 licet
1200 3240 1502 3311 inspicere.
1536 3239 1602 3295 Et
1639 3239 1838 3296 Hiero-

181 3345 406 3405 nymus
441 3329 818 3386 Pammachio
873 3332 931 3384 et
987 3326 1316 3385 Occearano
1364 3328 1626 3385 scribens
1654 3328 1714 3385 in
1766 3344 1835 3386 ea

183 3418 439 3492 epistola
460 3435 586 3492 qum
615 3418 702 3475 sic
759 3417 1000 3490 incipit:
1061 3417 1344 3474 Schedulae
1400 3434 1536 3491 quas
1578 3418 1836 3489 misistis,

185 3508 303 3566 boc
330 3507 529 3581 ipsum
560 3507 769 3565 asserit
798 3507 999 3564 dicens
1026 3523 1041 3562 ε
1079 3507 1306 3563 Centum
1351 3511 1401 3563 el
1430 3506 1834 3579 quinquaqinta

185 3613 360 3672 prope
404 3598 545 3654 anni
572 3602 704 3652 sunt
758 3596 941 3665 hodie,
991 3611 1063 3653 ex
1091 3611 1195 3668 quo
1225 3595 1491 3667 Oriqenes
1527 3594 1657 3670 Tyri
1694 3612 1839 3653 mor-

192 3696 324 3746 tuus
353 3691 449 3745 est.
484 3688 619 3755 Sed,
649 3687 755 3745 etsi
779 3688 850 3744 ad
872 3687 1260 3758 evangelicam
1296 3701 1698 3744 reccurramus
1746 3687 1841 3743 hi-

190 3777 463 3848 storiam,
497 3776 619 3835 boc
645 3777 849 3834 eadem
883 3776 1265 3834 nihilominus
1293 3782 1351 3834 et
1397 3777 1558 3834 illam
1597 3777 1846 3833 admira·

192 3869 377 3925 bilem
408 3868 606 3938 genuit
621 3866 1035 3933 Chananaeam,
1057 3868 1226 3938 cujus
1244 3883 1347 3939 pro
1370 3866 1511 3934 filia,
1536 3882 1665 3938 quoe
1691 3866 1842 3922 male

194 3974 230 4013 a
260 3956 552 4015 daemonio
571 3956 907 4023 vexabatur,
938 3956 1328 4028 supplicantis
1375 3954 1841 4027 magnitudinem

194 4046 336 4103 fidei
366 4045 737 4103 commendat
757 4045 1022 4102 Salvator
1078 4046 1316 4102 dicens:
1368 4044 1584 4109 Mulier,
1638 4061 1843 4116 maqna

191 4142 280 4194 est
312 4136 449 4208 fides
474 4140 571 4192 lua
597 4134 803 4206 (Halm.
835 4151 927 4206 xv,
958 4135 1088 4207 28);
1133 4150 1261 4205 qnae
1318 4133 1644 4191 concivium
1693 4133 1842 4191 filia·

194 4224 314 4282 bus
344 4222 701 4282 admirandae
752 4223 910 4290 fldei,
943 4227 998 4279 et
1029 4223 1514 4279 commendabilis
1554 4222 1841 4293 patientia

197 4316 589 4371 monumenta
627 4312 986 4385 relinquens,
1021 4314 1209 4383 prima
1225 4311 1527 4381 docuit,ut
1555 4312 1614 4368 in
1639 4327 1846 4368 mune-

196 4402 370 4459 ribus
399 4400 555 4468 fidei,
587 4401 888 4458 charitatis
918 4403 975 4457 et
1003 4401 1146 4473 spei,
1170 4399 1465 4456 Christum
1491 4399 1841 4457 Salvatorem

1938 3238 2223 3308 Botrium,
2258 3256 2413 3298 nona
2458 3242 2726 3313 Tripolis,
2785 3245 3014 3303 decima
3066 3251 3335 3318 Artusiss.
3387 3256 3579 3314 unde-

1937 3327 2105 3384 cimae
2150 3329 2376 3396 Archis,
2434 3331 2780 3389 duodecima
2834 3337 3076 3407 Arados,
3129 3342 3298 3398 tertia
3353 3343 3579 3405 decima

1939 3418 2292 3485 Antarados,
2324 3425 2531 3491 quarta
2551 3421 2778 3478 decima
2835 3424 3136 3484 Maraclea.
3195 3430 3390 3489 Altera
3443 3450 3576 3494 vero

1942 3505 2232 3564 Phoeuicis
2278 3509 2495 3566 dicitur
2542 3510 2835 3579 Libanica,
2878 3515 3049 3585 quus
3098 3521 3435 3591 metropolit
3489 3533 3579 3583 est

1946 3598 2283 3668 Damascus,
2313 3616 2436 3671 quae
2466 3600 2641 3656 etiam
2665 3601 2975 3673 aliquando
3015 3606 3228 3664 dicitur
3283 3612 3480 3684 Syria3
3517 3621 3580 3675 ut

1943 3686 2065 3744 ibi:
2100 3688 2268 3758 Caput
2298 3687 2480 3758 Syriae
2521 3689 2817 3746 Demascus
2847 3693 2976 3764 (isa.
3019 3710 3113 3762 vn,
3152 3696 3249 3768 8):
3293 3697 3418 3757 haec
3463 3703 3578 3763 lte-

1947 3792 2075 3832 rum
2108 3775 2400 3833 Pboenicis
2431 3783 2629 3849 postea
2656 3778 2843 3837 divisa
2862 3787 2950 3838 est
2978 3782 3038 3839 in
3070 3783 3220 3842 duas
3252 3789 3580 3863 portlonea3
3691 3821 3700 3828 ·

1947 3878 2194 3935 quarum
2223 3863 2403 3921 altera
2459 3864 2676 3923 dicitur
2731 3869 3122 3941 Damascena3
3182 3874 3363 3935 altera
3419 3896 3579 3952 vero,

1949 3951 2237 4009 Emisena.
2269 3953 2416 4009 Sunt
2445 3954 2620 4011 etiam
2643 3960 2701 4012 et
2729 3957 2906 4027 Syriai
2939 3965 3126 4030 partes
3157 3967 3406 4038 utraque
3437 3974 3587 4029 Ara-

1949 4041 2075 4110 bia;
2110 4043 2295 4113 prima
2315 4044 2486 4114 cujus
2511 4047 2849 4118 metropolis
2868 4057 2952 4105 est
2973 4050 3242 4111 Bostrum
3266 4072 3281 4124 ς
3305 4058 3588 4130 secunda,

1949 4132 2119 4202 cujus
2168 4132 2507 4203 metropolis
2536 4139 2625 4190 est
2665 4135 2830 4192 Petra
2877 4137 3108 4197 deserti.
3161 4141 3273 4199 Sed
3321 4150 3380 4203 et
3423 4147 3591 4223 Syria

1950 4219 2146 4290 Sobel,
2178 4220 2437 4291 eiusdem
2469 4221 2647 4295 Syriai
2680 4225 2923 4297 majoris
2944 4243 3075 4300 pars
3103 4234 3215 4301 est,
3274 4236 3449 4306 cujus
3503 4244 3593 4297 sat

1953 4307 2292 4381 metropolis
2331 4309 2521 4367 Sobal.
2562 4311 2961 4372 Nihilominus
3000 4327 3055 4374 et
3084 4323 3202 4378 tres
3241 4322 3591 4398 Palaistine,

1951 4399 2217 4469 ejusdem
2246 4397 2422 4468 Syriis
2452 4404 2646 4471 partes
2675 4407 2849 4472 sunt3
2885 4404 3098 4477 prima,
3123 4411 3290 4480 cuius
3324 4418 3415 4471 est
3463 4432 3586 4475 me-

194 4491 673 4563 deprecarentnr,
693 4489 856 4559 juxta
887 4488 1124 4545 verbum
1202 4488 1502 4559 Prophetas
1558 4488 1845 4547 dicentis:
1880 4472 1929 4538 D
1960 4487 2200 4559 tropolis
2232 4485 2653 4562 Hierosolyma,
2683 4507 2809 4563 qun
2841 4495 3073 4567 proprie
3109 4499 3441 4572 appellatur
3485 4506 3597 4563 Ju-

199 4576 363 4635 tuin
401 4578 553 4650 Tyrii
613 4580 672 4633 in
730 4578 1051 4634 muneribus
1108 4578 1321 4633 vallum
1375 4581 1532 4634 tuum
1585 4579 1849 4651 depreca-

199 4669 416 4725 buntur
434 4669 605 4738 (Psal.
629 4685 781 4738 xmv,
808 4668 922 4739 14).

274 4757 379 4815 Est
406 4760 601 4814 autem
623 4761 680 4814 et
708 4755 996 4813 Phoenicis
1020 4756 1302 4813 universae
1325 4757 1686 4831 metropolis,
1716 4774 1844 4831 ques

203 4847 364 4903 inter
379 4847 555 4918 Syrias
585 4845 916 4919 provincias
945 4849 1004 4902 et
1038 4846 1324 4903 bonorum
1379 4862 1525 4919 pene
1579 4848 1847 4906 omnium

208 4935 636 4998 commoditate.
684 4940 743 4993 et
785 4935 1112 4992 incolarum
1181 4935 1514 5008 frequentia
1589 4938 1845 5010 primum

207 5041 445 5099 semper
459 5025 715 5083 obtinuit
733 5023 950 5082 locum.

857 5114 1087 5171 CAPUT
1134 5114 1203 5170 Ii.

281 5203 557 5276 Quantum
585 5204 953 5278 protenditur,
984 5207 1036 5260 et
1064 5219 1198 5275 quas
1216 5210 1396 5274 parles
1426 5202 1619 5260 habeta
1662 5203 1848 5277 Syria.

280 5295 458 5352 Porro
498 5294 916 5353 advertendum
949 5298 1038 5350 est
1085 5292 1237 5365 quod
1271 5291 1381 5348 hoc
1422 5307 1629 5349 nomen
1663 5292 1849 5367 Syria,

203 5381 521 5456 aliquando
561 5383 804 5458 largius,
842 5387 904 5438 ut
935 5381 983 5440 si
1035 5396 1245 5438 nomen
1274 5380 1482 5448 totius;
1539 5378 1850 5452 aliquando

203 5473 491 5543 strictius,
523 5477 588 5530 ut
616 5472 768 5548 parti
800 5477 1032 5532 tantum
1055 5469 1383 5540 conveniat,
1406 5468 1720 5542 accipitur;
1751 5473 1852 5530 sed

200 5563 522 5636 aliquando
559 5578 695 5623 cum
725 5562 1051 5635 adjectione
1080 5559 1317 5632 dicitur,
1346 5561 1405 5616 et
1434 5561 1599 5618 notat
1630 5563 1846 5634 partes,

1959 4577 2118 4643 daea3
2151 4577 2431 4647 secunda,
2464 4579 2631 4650 cujus
2660 4583 3003 4653 metropolis
3030 4590 3118 4641 est
3136 4587 3395 4646 Caesarea
3428 4593 3602 4650 mari·

1961 4666 2104 4722 tima
2124 4681 2139 4733 3
2172 4665 2365 4736 tertia,
2388 4667 2559 4738 cujus
2581 4670 2915 4742 metropolis
2935 4679 3020 4728 est
3040 4672 3429 4750 Scythopolis,
3463 4695 3595 4752 qun

1960 4753 2071 4810 alio
2100 4753 2334 4811 nomine
2365 4754 2582 4812 dicitur
2600 4754 2898 4823 Bethsam,
2950 4760 3120 4832 cujus
3169 4761 3342 4823 hodie
3397 4766 3594 4829 locum

1959 4846 2120 4900 tenet
2146 4842 2446 4900 Nazareth.
2489 4843 2745 4901 Idumaea
2809 4863 3043 4921 quoqne
3098 4850 3280 4924 hujus
3325 4855 3595 4927 ejusdem

1963 4930 2431 5034 Syriis-majoris,
2462 4948 2599 5005 pars
2648 4938 2735 4991 est
2782 4936 3118 5008 novissima,
3158 4942 3230 4997 ad
3286 4943 3595 5020 AEgyptum

1964 5035 2303 5093 respiciens.

2592 5132 2821 5189 CAPUT
2869 5135 2969 5192 111.

1967 5216 2266 5289 Descriptio
2293 5215 2535 5289 reqionis
2564 5219 2809 5286 eiusdem
2837 5224 2968 5279 urbi
2994 5225 3319 5297 adjacentis,
3350 5233 3403 5285 el
3447 5245 3600 5289 com-

2389 5291 2721 5347 moditatum
2744 5309 2884 5363 quas
2912 5301 3169 5367 praestal.

2035 5379 2171 5435 Erat
2207 5381 2406 5434 autem
2460 5380 2733 5450 predicta
2787 5383 2990 5439 civitas
3048 5401 3161 5442 non
3216 5388 3406 5448 solum
3466 5408 3601 5452 mn-

1964 5465 2278 5534 nitissima,
2327 5470 2391 5522 ut
2448 5468 2847 5542 prediximus,
2908 5473 3009 5529 sed
3067 5475 3242 5532 etiam
3303 5477 3602 5541 fertilitate

1967 5555 2284 5634 precipua,
2338 5559 2397 5613 et
2443 5558 2781 5618 amoenltate
2828 5561 2997 5633 quasi
3057 5564 3399 5645 singularis,
3459 5588 3599 5633 nam
