3784 6000
69 184 212 248 1189

1068 178 1440 239 EPISTOLAE
1477 179 1565 237 ET
1601 177 2034 244 PRIVILEGIA.
2077 209 2147 223 -
2183 179 2301 236 AN.
2342 180 2505 238 1183.

3348 184 3486 241 1190

66 312 129 367 in
159 323 468 368 servorum
496 307 602 365 Dei
650 307 1007 377 recessibus,
1044 306 1436 366 soecularibus
1481 306 1723 366 occasio
1752 319 1802 377 Α
1838 305 2163 364 Dominicis
2212 321 2376 365 anno
2432 305 2594 375 1182,
2649 306 3034 380 pontificatus
3083 323 3223 366 vero
3272 309 3482 368 domni

68 398 408 472 proebeatur
441 396 981 454 ullaconventibus.
1001 397 1156 454 Sane
1178 396 1488 453 novalium
1507 402 1727 452 vestro-
1836 396 1996 452 Lucii
2025 410 2200 468 papae
2231 396 2301 450 lll
2328 411 2492 452 anno
2518 412 2583 453 ιι.

68 504 207 545 rum
226 501 363 561 quae
383 486 639 558 propriis
672 486 952 543 manibus
998 492 1105 544 aut
1134 485 1480 558 sumptibus
1509 484 1727 554 colitis,

1905 485 2158 555 Signum
2193 484 2362 541 Lucii
2407 484 2495 540 ΙΙΙ
2551 499 2766 555 papae:
2793 501 3003 542 amun
3048 502 3177 556 noe,
3206 503 3367 555 neus,
3395 503 3490 547 ss-

73 578 201 634 sive
224 576 301 632 de
336 577 711 632 nutrimentis
752 584 1088 633 vestrorum
1118 575 1497 641 animalium,
1529 574 1729 631 nullus
1836 588 2072 631 musis
2096 588 2324 632 nosrsa.

69 667 322 725 omnino
344 664 507 721 vobis
537 666 804 721 decimas
833 664 1073 735 exigere
1097 664 1189 721 vel
1200 670 1555 737 extorquere
1579 679 1730 735 prai-

75 761 314 823 sumat3
345 769 456 810 nec
483 753 658 810 liceat
687 753 863 810 alicui
891 756 1180 827 episcopo
1211 754 1416 827 ipsum
1428 758 1731 811 monaste-

76 846 239 902 rium
267 844 363 901 vel
390 843 569 899 cellas
599 844 730 915 ejus
765 844 1134 910 interdicere,
1154 849 1258 900 aut
1285 843 1616 900 monachos
1636 858 1734 900 ex-

77 932 559 993 communicare.
592 932 865 990 chrisma
877 948 1037 999 vero,
1050 932 1252 990 oleum
1283 939 1735 1006 sanctum,con-

81 1022 445 1081 sacrationes
469 1021 748 1079 altarium
780 1022 870 1078 vel
894 1022 1307 1086 basilicarum,
1325 1022 1736 1080 ordinationes

78 1116 436 1171 clericorum
463 1115 523 1167 et
550 1111 993 1169 monachorum
1025 1113 1390 1169 monasterio
1427 1113 1738 1183 pertinen-

2624 683 2710 740 CI.

1840 770 2165 829 Ecclesiam
2188 772 2656 838 AEserniemem,
2679 778 2897 844 royatu
2909 774 3200 832 Rainatdi
3210 776 3489 848 episcopi,

1984 843 2268 901 tuendam
2315 844 2562 914 suscipit
2589 852 2644 901 ec
2675 844 2829 902 bona
2855 848 2984 915 ejus
3009 848 3346 916 confirmat.

2333 934 2611 1003 (velletri,
2670 936 2833 991 Mart.
2884 935 2999 1006 20.)

2172 1021 2462 1092 [Ucmm,
2491 1022 2674 1080 ltalia
2691 1037 2889 1090 sacra,
2919 1025 3007 1089 Vl,
3027 1024 3180 1099 296.]

1921 1110 2121 1165 Lucius
2145 1110 2485 1181 episcopus,
2514 1126 2725 1168 servus
2745 1127 3059 1170 servovum
3086 1116 3211 1179 Dei,
3258 1129 3501 1173 venera-

82 1205 258 1268 tium,
301 1206 405 1276 qui
446 1201 526 1259 ad
557 1216 763 1258 sacros
793 1201 1035 1258 ordines
1089 1208 1231 1258 sunt
1261 1201 1676 1274 promovendi,
1704 1217 1742 1258 a
1849 1197 1954 1254 bili
1980 1197 2149 1254 fratri
2176 1200 2463 1255 {linusano
2507 1200 2823 1257 iserniensi
2888 1205 3198 1276 episcopo,
3251 1207 3497 1277 suisque

80 1305 452 1366 quocunque
468 1291 797 1347 malueritis
812 1290 1106 1347 catholico
1123 1292 1415 1363 episcopo
1442 1291 1741 1363 suscipia-

86 1384 183 1447 tis,
219 1381 323 1453 qui
353 1384 561 1436 nostra
579 1377 766 1436 fultus
793 1381 1167 1449 auctoritate,
1190 1380 1356 1451 quod
1387 1379 1742 1451 postulatur,

89 1471 418 1542 indulgeat.
449 1468 803 1542 Capellanos
823 1467 912 1524 vel
933 1468 1201 1535 eletione,
1227 1470 1332 1542 qui
1358 1468 1471 1540 ipsi
1496 1484 1745 1525 monas·

92 1562 244 1617 terio
265 1566 368 1616 aut
392 1560 519 1630 ejus
542 1557 706 1614 cellis
738 1559 1084 1614 deserviunt
1109 1560 1624 1615 excommunicari
1654 1558 1741 1613 vel

1852 1287 2298 1343 successoribus
2318 1287 2755 1345 substituendis
2784 1290 2847 1345 in
2874 1299 3249 1364 perpetuum.

1926 1379 1990 1432 ln
2010 1377 2294 1433 eminenti
2318 1377 2666 1450 apostolicae
2696 1379 2855 1435 sedis
2873 1383 3507 1456 speculodis,ponente

1856 1465 2132 1531 Domino,
2163 1466 2489 1538 constituti,
2513 1466 2724 1524 fratres
2753 1475 2810 1523 et
2847 1473 3236 1543 coepiscopos
3269 1479 3508 1529 nostros

1859 1561 1983 1612 tam
2009 1557 2577 1629 propinquosquam
2604 1556 2783 1627 longe
2808 1562 3034 1629 positos
3045 1560 3308 1619 fraterna
3327 1562 3512 1618 debe-

97 1651 177 1707 ab
205 1643 402 1705 officio
440 1646 747 1733 suspendi,
800 1648 925 1703 sive
953 1646 1033 1703 ad
1062 1648 1366 1720 synodum
1421 1647 1624 1704 vocari
1670 1648 1749 1705 ab
1780 1680 1824 1736 B
1862 1660 1998 1699 mus
2019 1644 2304 1701 charitate
2333 1645 2602 1715 diligere,
2637 1654 2695 1701 et
2714 1647 2986 1704 Ecclesiis
3013 1650 3235 1722 quibus
3257 1651 3513 1708 Domino

97 1738 305 1811 aliquo
333 1736 622 1810 episcopo
653 1736 1071 1809 probibemus.

171 1826 263 1883 Ad
282 1827 412 1883 baec
432 1827 610 1883 etiam
642 1841 748 1897 pro
775 1825 1020 1898 speciali
1051 1826 1247 1897 ipsius
1303 1827 1654 1884 monasterii
1687 1828 1754 1882 li-

102 1919 352 1981 bertate,
377 1931 500 1988 qua
530 1917 800 1972 Romana
814 1914 1092 1980 Ecclesia,
1126 1914 1293 1972 nullo
1313 1916 1755 1986 mediante,ad-

101 2008 333 2064 hoerere
372 2005 746 2076 dignoscitur
783 2020 799 2070 ;
826 2004 904 2060 ad
934 2004 1231 2062 bonorem
1260 2019 1332 2061 ac
1361 2009 1756 2063 reverentiam

104 2094 521 2169 gloriosissimi
545 2094 825 2165 martyris
835 2092 1140 2150 Laurentii
1160 2094 1253 2164 cuj
1266 2110 1334 2150 us
1365 2093 1592 2151 ibidem
1622 2096 1759 2153 reli-

106 2186 264 2259 quiae
294 2189 435 2240 sunt
460 2183 807 2250 reconditae,
852 2198 1031 2238 usum
1055 2183 1248 2239 mitras
1282 2182 1529 2240 ubilibet
1577 2186 1640 2240 in
1668 2201 1761 2242 ce-

107 2272 541 2331 lebrationibus
594 2272 964 2342 divinorum,
991 2277 1049 2327 et
1097 2272 1524 2345 quotidianum
1583 2289 1762 2332 usum

112 2362 320 2421 annuli
350 2362 455 2417 tibi
476 2361 712 2433 tuisque
741 2361 1187 2416 successoribus
1244 2360 1478 2433 absque
1507 2361 1682 2434 alicuj
1694 2379 1762 2419 us

110 2451 583 2509 contradictione
615 2465 632 2519 ;
662 2451 1032 2522 sepulturam
1058 2464 1303 2522 quoque
1336 2450 1528 2521 ipsius
1554 2451 1671 2508 loci
1699 2451 1766 2507 li-

112 2542 323 2598 beram
343 2554 477 2596 esse
505 2540 913 2606 concedimus,
949 2542 1014 2594 ut
1042 2554 1251 2595 eorum
1284 2537 1768 2597 devotionietex-

118 2636 320 2688 tremae
344 2629 766 2701 voluntati,qui
797 2642 859 2684 se
888 2627 1006 2685 illic
1036 2627 1272 2700 sepeliri
1284 2627 1768 2698 deliberaverint,

120 2720 236 2776 nisi
260 2717 763 2775 excommunicati
787 2716 882 2774 vel
919 2718 1216 2775 interdicti
1244 2716 1381 2790 sint,
1416 2717 1619 2775 nullus
1658 2719 1769 2776 ob—

124 2811 313 2881 sistat,
347 2809 514 2865 salva
542 2814 743 2864 tamen
766 2806 999 2879 justitia
1025 2806 1263 2863 illarum
1294 2807 1702 2876 ecclesiarum,
1735 2825 1774 2866 a

124 2897 347 2971 quibus
387 2903 762 2953 mortuorum
786 2911 1042 2969 corpora
1065 2900 1481 2954 assumuntur.
1505 2897 1775 2956 obeunte

126 3004 267 3047 vero
293 2997 348 3044 te
379 3000 539 3043 nunc
557 2986 609 3058 ej
620 2984 830 3043 usdem
854 2983 971 3043 loci
1000 2984 1242 3053 abbate,
1269 2985 1614 3045 veltuorum
1626 3004 1774 3088 quo-
1811 3025 1854 3084 C

118 3077 265 3134 libet
291 3091 731 3142 successorum,
761 3075 906 3131 nulli
937 3074 1021 3131 ibi
1050 3074 1319 3148 qualibet
1369 3076 1776 3150 subreptionis

122 3166 342 3223 astutia
366 3180 474 3221 seu
497 3164 779 3220 violentia
798 3168 1205 3236 praeponatur,
1225 3164 1337 3219 nisi
1355 3180 1539 3237 quem
1561 3165 1776 3224 fratres

122 3269 433 3314 communi
448 3269 751 3310 consensu
767 3254 860 3309 vel
881 3252 1134 3309 fratrum
1169 3268 1309 3325 pars
1324 3254 1556 3311 consilii
1575 3258 1779 3314 sanio-

123 3348 230 3413 ris,
262 3345 594 3402 secundum
621 3345 720 3401 Dei
749 3345 1026 3401 timorem
1055 3351 1112 3400 et
1149 3343 1310 3400 Beati
1345 3343 1643 3403 Benedicti
1672 3349 1780 3404 Re·

124 3435 353 3509 gulam,
383 3434 751 3508 providerint
798 3432 1164 3503 eligendum.
1201 3434 1435 3489 Electus
1465 3439 1668 3491 autem
1699 3437 1781 3494 ad

124 3529 462 3583 Romanum
491 3522 837 3599 pontificem
874 3521 1328 3578 benedicendus
1360 3522 1627 3580 accedat.
1662 3524 1778 3582 Vos

124 3616 329 3687 itaque
358 3612 460 3668 tilii
480 3612 542 3667 in
564 3611 797 3668 Christo
824 3609 1215 3676 dilectissimi,
1242 3617 1478 3682 oportet
1489 3612 1782 3682 regularis

126 3704 276 3762 disci
282 3702 459 3776 plinae
472 3699 945 3758 institutionibus
956 3715 1207 3772 operam
1218 3699 1534 3771 diligenter
1554 3704 1635 3759 im
1641 3718 1783 3774 pen-

125 3793 289 3860 dere,
320 3797 640 3865 quatenus,
680 3796 909 3862 quanto
936 3804 974 3847 a
1004 3788 1395 3847 saecularibus
1425 3791 1782 3849 tumultibus

129 3882 438 3939 liberiores
458 3882 621 3950 estis,
656 3885 822 3936 tauto
851 3878 1118 3950 amplius
1166 3877 1401 3951 placere
1456 3880 1572 3937 Deo
1604 3883 1784 3940 totius

138 3971 353 4039 mentis
380 3974 437 4026 et
464 3969 684 4026 animae
715 3968 1031 4025 virtutibus
1052 3967 1364 4025 anheletis.
1399 3971 1786 4029 Decernimus

135 4075 298 4132 ergo,
328 4064 439 4115 etc.
465 4058 525 4114 Si
554 4073 680 4130 qua
705 4059 910 4129 igitur,
951 4062 1063 4114 etc.

208 4149 332 4221 Ego
350 4149 568 4204 Lucius
588 4140 895 4205 catholicin
925 4145 1204 4202 Ecclesioe
1232 4147 1579 4221 episcopus.

211 4243 334 4311 Ego
390 4236 729 4294 Theodinus
775 4235 1113 4293 portuensis
1140 4238 1199 4292 et
1230 4237 1288 4294 5.
1342 4235 1570 4295 Ruflnoe
1627 4239 1787 4297 sedis

141 4331 483 4403 episcopus.

216 4421 335 4490 Ego
357 4416 641 4472 ilenricus
667 4413 1022 4472 Albanensis
1050 4413 1396 4486 episcopus.

215 4510 336 4578 Ego
360 4504 577 4562 Paulus
614 4504 1006 4560 Praenestinus
1033 4503 1388 4575 episcopus.

216 4599 339 4667 Ego
360 4597 564 4650 Petrus
593 4592 905 4665 presbyter
928 4591 1251 4648 cardinalis
1275 4592 1356 4648 tit.
1388 4595 1447 4652 S.
1477 4593 1796 4658 Susannoe.

216 4689 334 4757 Ego
386 4684 668 4740 vivianus
723 4681 813 4737 tit.
845 4681 909 4738 S.
951 4681 1236 4753 Stephani
1272 4682 1335 4738 in
1379 4682 1561 4741 coelio
1604 4686 1796 4743 Monte

145 4776 461 4852 presbyter
489 4770 839 4828 cardinalis.

219 4865 343 4938 Ego
366 4864 667 4920 Laborans
691 4859 1334 4934 presbytercardinalis
1361 4862 1801 4922 Sanctoessariae

155 4963 316 5014 trans
343 4952 624 5023 Tiberim,
666 4953 750 5006 tit.
770 4948 1004 5006 Calixti.

222 5047 346 5115 Ego
369 5041 676 5098 Rainerius
706 5038 1018 5111 presbyter
1056 5038 1378 5097 cardinalis
1423 5040 1520 5097 SS.
1549 5039 1801 5099 Joannis

151 5139 208 5190 et
234 5131 399 5188 Pauli
428 5131 514 5188 tit.
557 5126 945 5187 pammachii.

229 5221 658 5293 EgoUbertus.
736 5257 753 5276 .
835 5256 854 5277 .
938 5255 959 5275 .
1029 5253 1053 5277 .
1123 5250 1147 5274 0
1216 5253 1241 5279 ο
1309 5255 1334 5281 .
1405 5248 1431 5277 0
1500 5253 1527 5279 0

231 5312 447 5367 Datum
468 5307 717 5374 velletri,
745 5321 853 5379 per
882 5321 1134 5363 manum
1174 5307 1395 5365 Alberti
1445 5312 1665 5367 sanctoe
1695 5311 1808 5369 Ro.

157 5414 356 5458 manae
381 5397 656 5455 Ecclesia!
683 5396 1020 5471 presbyteri
1035 5395 1361 5454 cardinalis
1378 5396 1808 5468 etcancellarii.

157 5505 237 5551 xv
260 5487 514 5551 Kalend.
533 5484 774 5561 Aprilis,
781 5485 1107 5549 indictione
1124 5484 1343 5567 prima,
1362 5485 1798 5548 iucarnationis

1823 4373 1871 4431 D

1858 1732 2114 1790 militare
2134 1741 2464 1791 noscuntur
2482 1751 2657 1791 suam
2672 1735 2968 1806 justitiam
2998 1753 3375 1796 conservare.
3407 1742 3511 1797 Ea·

1863 1832 2128 1895 propter,
2157 1823 2512 1881 venerabilis
2561 1827 2622 1880 in
2677 1825 2911 1883 Christo
2950 1828 3147 1895 trater,
3190 1834 3306 1884 tuis
3330 1830 3512 1901 justis

1865 1911 2370 1985 postulationibus
2391 1913 2712 1970 clementer
2740 1916 3086 1984 annuimus,
3117 1921 3174 1973 et
3221 1918 3511 1975 lsernien-

1867 2017 1999 2058 sem
2023 2000 2367 2068 Ecclesiam,
2396 2003 2490 2058 cui
2517 2001 2639 2059 Deo
2659 2012 2902 2060 auctore
2930 2021 3184 2076 praeesse
3200 2008 3519 2079 dignosce-

1866 2091 1969 2157 ris,
2009 2091 2088 2148 ad
2138 2092 2445 2164 exemplar
2489 2092 2677 2149 felicis
2720 2093 3149 2152 recordatiouis
3196 2087 3520 2155 Alexandri

1867 2180 2532 2255 papae,praedecessoris
2547 2183 2788 2248 nostri,s
2797 2183 2871 2239 ub
2891 2183 3052 2240 beati
3073 2186 3225 2242 Petri
3236 2194 3294 2244 et
3311 2195 3522 2244 nostra

1870 2272 2236 2344 protectione
2267 2272 2649 2342 suscipimus,
2673 2276 2733 2327 et
2775 2275 3085 2344 praesentis
3114 2276 3314 2348 scripti
3345 2277 3521 2349 privi-

1870 2362 2026 2433 legio
2044 2374 2516 2425 communimuS,
2548 2366 2878 2418 statuentes
2902 2368 2967 2418 ut
2985 2379 3379 2438 quascunque
3389 2381 3527 2439 pos-

1873 2448 2192 2514 sessiones,
2208 2463 2587 2521 quaecunque
2611 2451 2777 2507 bona
2800 2452 3013 2508 eadem
3028 2454 3356 2511 ecclesiain
3372 2469 3528 2528 prie-

1875 2539 2204 2596 sentiarum
2226 2537 2389 2609 juste
2417 2543 2477 2594 ct
2501 2541 2787 2596 canonice
2829 2541 3117 2612 possidet,
3147 2550 3251 2600 aut
3286 2544 3350 2600 in
3372 2544 3530 2602 rutu-

1879 2645 2014 2686 rum
2041 2627 2429 2684 concessione
2456 2627 2835 2700 pontificum,
2884 2638 2942 2685 et
2967 2630 3282 2702 largitione
3309 2648 3525 2706 regum

1882 2716 1973 2775 vel
1998 2716 2362 2790 principum,
2394 2716 2700 2774 oblatione
2729 2717 3014 2791 fidelium,
3048 2721 3137 2777 vel
3179 2721 3311 2778 aliis
3352 2722 3530 2794 justis

1882 2807 2100 2873 modis,
2152 2811 2471 2877 praestante
2501 2809 2773 2874 Domino,
2815 2811 3031 2881 poterit
3050 2810 3322 2882 adipisci,
3356 2814 3535 2871 firma

1883 2896 1991 2955 tibi
2015 2898 2253 2968 tuisque
2276 2898 2726 2953 successoribus
2755 2898 3055 2956 etillibata
3086 2909 3482 2972 permaneant
3510 2919 3526 2971 ;

1884 2987 1946 3044 in
1969 2983 2186 3059 quibus
2198 2984 2329 3042 haec
2340 2985 2598 3059 propriis
2625 2984 2912 3045 duximus
2939 2990 3333 3063 exprimenda
3357 3007 3533 3051 voca·

1884 3076 2066 3134 bulis.

1953 3165 2285 3233 Terminos,
2306 3170 2365 3223 et
2378 3166 2529 3223 lines
2550 3166 2634 3223 tui
2643 3167 3049 3240 episcopatus,
3069 3184 3224 3243 quos
3241 3186 3402 3230 nunc
3431 3188 3539 3246 pa-

1886 3255 2053 3312 cifice
2073 3258 2335 3312 nosceris
2350 3253 2676 3326 possidere,
2698 3258 3035 3315 secundum
3054 3261 3221 3332 quod
3239 3262 3540 3335 incipiunt

1887 3345 2199 3404 atlumine
2252 3342 2521 3401 Vulturni
2554 3360 2741 3418 prope
2786 3346 2890 3402 ubi
2927 3364 2990 3403 se
3037 3349 3346 3422 conjungit
3390 3367 3533 3408 cum

1887 3433 2073 3491 fluvio
2103 3432 2273 3499 sesti,
2298 3438 2360 3491 et
2374 3433 2778 3491 extenduntur
2791 3450 2897 3507 per
2933 3444 3201 3494 castrum
3229 3441 3542 3506 mastralis.

1889 3528 1950 3579 et
1973 3527 2229 3579 castrum
2243 3521 2502 3587 Zurlani,
2521 3528 2581 3579 et
2597 3530 2861 3579 castrum
2874 3525 3184 3596 Capriatoe,
3207 3532 3542 3584 etcastrum

1891 3613 2288 3680 Fossoecoecae,
2326 3619 2384 3667 et
2413 3626 2520 3683 per
2557 3619 2846 3668 montana
2875 3622 3141 3670 castrum
3167 3615 3408 3683 Gualdi,
3440 3618 3541 3673 Fe-

1892 3700 2042 3769 lesti,
2073 3706 2417 3757 etcastrum
2454 3701 2653 3768 Pizuti,
2711 3709 2769 3757 et
2822 3709 3084 3759 castrum
3132 3708 3456 3775 Pestorani,
3482 3710 3542 3764 el

1893 3797 2156 3849 castrum
2195 3790 2547 3862 carpinonis
2565 3805 2706 3846 cum
2734 3791 2951 3847 Sancto
2970 3794 3183 3860 Marco,
3207 3801 3543 3853 etcastrum

1897 3881 2132 3938 Sexano
2159 3894 2299 3935 cum
2325 3881 2544 3936 Sancto
2570 3879 2906 3947 Benedicto,
2928 3887 2984 3938 et
3008 3897 3115 3955 per
3139 3889 3407 3941 montem
3427 3887 3513 3941 Ro
3528 3913 3546 3928 ·

1897 3972 2012 4027 sini
2037 3969 2297 4040 assurgit
2324 3975 2587 4026 castrum
2619 3969 2888 4037 Periculi,
2927 3976 2985 4027 et
3022 3984 3284 4029 castrum
3329 3973 3542 4030 Montis

1895 4059 2076 4132 Nigri,
2122 4064 2181 4115 et
2232 4065 2499 4115 castrum
2555 4060 2801 4115 Roccbae
2848 4061 3102 4129 Siconis,
3159 4068 3220 4119 et
3276 4069 3547 4121 castrum

1897 4147 2158 4214 Forunli,
2185 4151 2245 4204 et
2261 4146 2600 4204 extenditur
2618 4163 2723 4223 per
2745 4157 2966 4206 terram
2997 4152 3195 4208 Sancti
3228 4151 3546 4219 vincentii,

1898 4245 1953 4295 et
1989 4253 2097 4311 per
2124 4243 2392 4293 montem
2419 4236 2554 4293 alze
2583 4236 2663 4294 ad
2705 4238 2991 4308 Portellae,
3021 4241 3180 4298 unde
3220 4242 3406 4300 oritur
3436 4244 3552 4301 He-

1899 4326 2177 4393 lerinum,
2196 4325 2617 4383 etdistenditur
2647 4343 2840 4401 usque
2872 4328 2936 4384 in
2972 4329 3157 4386 linem
3183 4329 3259 4387 de
3292 4331 3462 4390 terris
3490 4335 3549 4390 et

1901 4415 2062 4473 silvis
2088 4419 2146 4471 et
2176 4415 2483 4472 montibus
2511 4416 2855 4473 monasterii
2888 4418 2944 4476 S.
2990 4421 3304 4489 Benedicti,
3358 4425 3415 4478 et
3439 4421 3547 4478 ite-

1901 4521 2039 4562 rum
2061 4503 2396 4561 extenditur
2437 4519 2545 4577 per
2571 4506 2722 4562 lines
2754 4508 3023 4564 territorii
3051 4514 3109 4564 et
3157 4508 3443 4565 silvarum
3490 4513 3548 4565 et

1904 4594 2202 4653 montium
2247 4591 2574 4666 supradicti
2620 4596 2981 4668 monasterii,
3014 4602 3073 4652 et
3112 4612 3219 4670 per
3259 4598 3540 4654 verticem

1906 4684 2126 4740 montis
2152 4681 2486 4755 Aquilonia,
2518 4688 2575 4738 et
2606 4680 2958 4740 Sambuculi
3004 4700 3194 4758 usque
3241 4686 3305 4742 in
3356 4685 3556 4744 forum

1909 4774 1967 4831 S.
1994 4767 2243 4838 Martini,
2270 4775 2328 4827 et
2366 4787 2472 4842 pei·
2510 4773 2786 4828 verticem
2844 4773 3057 4830 Montis
3107 4773 3344 4841 Cesino,
3388 4780 3448 4832 et
3473 4775 3562 4832 di·

1910 4862 2207 4917 stenditur
2219 4859 2282 4916 in
2303 4859 2526 4915 vadum
2546 4861 2927 4918 Franciscum
2945 4861 3020 4918 de
3036 4863 3168 4935 ipso
3179 4862 3366 4921 fluvio
3383 4865 3555 4933 Secti,

1910 4955 1968 5008 et
2010 4948 2390 5006 descendunt
2410 4948 2473 5004 in
2521 4949 2654 5022 ipso
2693 4949 2943 5007 flumine
2998 4953 3283 5022 Vulturni,
3337 4954 3442 5027 qui
3471 4958 3560 5010 est

1912 5039 2109 5113 prima
2139 5038 2311 5094 finis:
2337 5037 2407 5093 In
2446 5039 2613 5095 Sesto
2652 5038 2887 5111 plebem
2920 5042 2976 5097 S.
3006 5043 3326 5110 Eustachii,
3355 5044 3421 5099 in
3448 5045 3562 5102 Ha-

1913 5128 2110 5186 stralis
2139 5127 2378 5200 plebem
2405 5126 2467 5186 S.
2504 5129 2776 5199 loannis,
2819 5129 2883 5186 in
2907 5131 3157 5188 Torcino
3204 5133 3441 5206 plebem
3492 5134 3552 5190 S.

1915 5218 2138 5288 Marias,
2173 5217 2237 5273 in
2262 5219 2539 5291 Capriata
2561 5219 2801 5291 plebem
2855 5219 2915 5275 S.
2963 5221 3177 5288 Mariae,
3210 5223 3272 5278 iu
3326 5223 3551 5296 Cappa-

1916 5306 2074 5364 rellis
2103 5306 2341 5380 plebem
2372 5309 2432 5367 S.
2469 5307 2738 5373 loannis,
2776 5308 2840 5364 in
2868 5310 3274 5383 Camposacco
3322 5311 3564 5385 plebem

1917 5396 1977 5454 S.
2005 5398 2274 5465 loannis,
2328 5398 2390 5454 in
2418 5397 2613 5454 Monte
2652 5397 2880 5455 odonis
2924 5399 3165 5472 plebem
3211 5401 3273 5460 S.
3319 5400 3551 5474 angeli,

1916 5487 1985 5546 iu
2019 5485 2255 5547 Gualdo
2288 5485 2534 5562 plebem
2561 5488 2629 5550 S.
2656 5487 2888 5560 angeli,
2937 5488 3003 5547 in
3056 5489 3291 5551 Falesto
3324 5489 3574 5567 plebem
