3784 6000
110 267 237 331 397

1031 264 1235 327 ms'r.
1280 254 1553 329 RERUM
1595 265 2140 333 TRANSMARIN.
2186 300 2266 317 —
2306 270 2451 333 LIB.
2496 271 2628 334 vll.

3413 283 3534 345 398

104 396 404 473 dejectos,
433 402 493 457 et
512 396 825 456 confractis
841 397 1084 469 viribus,
1113 398 1173 456 iu
1198 398 1315 457 imo
1335 400 1603 458 videntes
1633 417 1773 459 con·
1800 401 1855 469 Α
1887 403 2033 475 neri,
2057 408 2114 461 et
2141 408 2336 463 votum
2370 422 2475 478 pro
2516 423 2631 479 quo
2670 411 2756 465 tot
2789 408 3011 468 labores
3051 413 3429 484 pertulerant,
3452 417 3533 473 fe-

116 490 387 560 stitutos,
418 490 746 546 nostrorum
768 487 1074 558 auxilium,
1105 490 1260 561 quod
1294 489 1457 562 prius
1487 491 1778 548 instanter

118 580 299 637 nimis
329 578 716 653 expetierant,
748 577 1221 634 contemnebant.

760 683 989 743 CAPUT
1018 685 1134 742 XX.

110 793 477 867 Imperatoris
507 795 676 864 teqati
715 791 939 860 adsunt,
983 791 1050 849 de
1088 794 1403 850 Boamundo
1439 811 1775 868 conqueren-

186 872 285 922 tes.
314 867 707 936 Imperatorem
735 865 971 921 nuntiat
998 870 1286 921 venturum
1310 885 1335 933 ;
1359 866 1635 938 principes
1663 868 1776 925 dis·

188 939 450 994 sentiunt
470 953 493 999 ,·
520 946 808 1007 papnatar
835 952 960 992 eam
1006 938 1379 1007 Tripolitanis,
1401 951 1455 994 et
1480 939 1778 996 vincuntur

194 1009 375 1065 hostes
393 1026 418 1075 ,·
444 1009 620 1064 nostri
645 1009 874 1065 victores
893 1009 954 1063 in
982 1019 1171 1065 castra
1201 1009 1452 1066 redeunt.

188 1115 564 1173 Advenerant
609 1121 886 1188 praeterea
931 1116 1559 1189 constantinopolitani
1589 1119 1775 1191 impe-

120 1203 340 1262 ratoris
390 1204 590 1277 legati,
642 1202 895 1261 multum
944 1210 1369 1278 conquerentes
1418 1206 1488 1265 de
1534 1208 1773 1266 domino

118 1294 490 1362 Boamundo,
522 1293 621 1365 qui
651 1301 853 1350 contra
883 1294 1068 1366 legem
1111 1304 1412 1367 pactorum
1443 1301 1500 1353 et
1530 1296 1774 1366 exhibiti

117 1386 394 1440 tenorem
428 1381 746 1454 juramenti
783 1381 1154 1442 Antiochiam
1203 1387 1596 1457 praesumebat
1623 1387 1776 1444 deti-

121 1486 304 1533 neret
339 1470 660 1544 allegantes
689 1472 749 1528 in
766 1477 1082 1545 conspectu
1106 1473 1464 1547 principum,
1497 1477 1644 1549 quod
1673 1480 1774 1534 do-

116 1562 273 1618 mino
322 1575 422 1618 sno
463 1559 712 1634 praebitis
777 1561 1146 1633 corporaliter
1183 1563 1542 1635 juramentis,
1590 1581 1774 1624 omnes

122 1650 219 1723 qui
243 1664 352 1722 per
386 1664 515 1707 eum
552 1651 908 1718 transierant,
959 1651 1148 1707 tractis
1192 1655 1555 1709 sacrosanctis
1586 1656 1773 1711 Evan-

119 1738 311 1808 pettis,
348 1738 722 1810 promiserant
770 1738 911 1810 quod
942 1755 1113 1811 neque
1134 1737 1201 1795 de
1236 1742 1476 1812 oppidis,
1506 1758 1680 1816 neque
1710 1744 1775 1803 de

118 1826 444 1884 civitatibus
499 1826 767 1899 aliquam.
819 1844 938 1899 quae
985 1826 1052 1883 de
1102 1830 1333 1901 imperio
1376 1832 1494 1901 ejus
1519 1835 1769 1901 fuerant,

120 1931 295 1988 risque
330 1916 781 1987 Hierosolymam,
820 1916 1068 1974 detinere
1111 1926 1531 1991 praesumerent,
1574 1920 1668 1977 sed
1707 1937 1774 1978 ea

120 2011 319 2077 capta,
378 2006 501 2076 ejus
543 2004 778 2077 imperio
828 2008 1222 2078 resipnarent:
1250 2009 1321 2063 de
1364 2009 1602 2081 reliquis
1638 2026 1772 2066 vero

121 2094 346 2152 habite
375 2094 779 2151 conventionis
815 2096 1098 2168 partibus,
1149 2095 1371 2152 nullam
1396 2098 1635 2154 omniuo
1665 2098 1772 2156 ha-

122 2183 342 2242 bebant
371 2182 740 2242 memoriam.
763 2186 992 2242 Certum
1015 2190 1103 2243 est
1130 2192 1346 2255 autem,
1368 2186 1528 2259 quod
1551 2185 1607 2242 id
1625 2187 1773 2244 inter

122 2289 257 2330 eum
300 2277 360 2330 et
395 2272 715 2346 principes,
766 2275 917 2346 apud
967 2274 1534 2348 Constantinopolim
1564 2291 1771 2332 conve·

125 2367 337 2430 uerat3
368 2362 472 2418 sed
503 2361 565 2418 in
603 2361 719 2418 ssne
768 2368 1186 2421 conventorum
1236 2364 1425 2422 fuerat
1454 2381 1771 2435 annexum,

120 2452 281 2524 quod
320 2452 451 2524 ipse
488 2466 627 2508 cum
665 2452 824 2508 omni
855 2468 963 2510 suo
1009 2455 1309 2523 comitatu,
1343 2460 1401 2511 et
1438 2454 1772 2525 ingentibus

119 2540 307 2612 copiis
339 2555 442 2598 eos
469 2541 704 2597 deberet
730 2540 859 2597 siue
891 2541 1171 2598 dilatione
1199 2543 1500 2615 subsequi,
1534 2548 1592 2599 et
1621 2542 1772 2599 auxi-

120 2629 266 2687 lium
303 2631 365 2685 in
397 2630 525 2687 suis
570 2631 1016 2687 necessitatibus
1064 2633 1416 2691 ministrare.
1451 2635 1675 2702 Quibus
1704 2637 1772 2692 de

122 2720 428 2778 communi
460 2718 788 2792 principum
817 2719 1057 2778 consilio
1101 2737 1443 2793 responsum
1476 2727 1582 2789 est,
1616 2723 1770 2795 quod

121 2813 431 2882 imperator
459 2815 620 2881 pacta
647 2815 913 2865 conventa
941 2812 1096 2882 prior
1108 2810 1457 2874 violaverat:
1488 2813 1638 2869 unde
1665 2828 1776 2869 me-

117 2903 223 2957 rito
250 2905 307 2956 et
338 2897 406 2954 ab
437 2896 524 2954 Itis
553 2912 678 2969 quae
690 2901 872 2970 Juxta
894 2899 1063 2970 Iepem
1090 2903 1375 2971 pactorum
1393 2901 1499 2957 sibi
1513 2910 1777 2972 poterant

118 2995 445 3062 competere,
487 3004 679 3045 casum
720 2989 1059 3060 patiebatur.
1108 2989 1368 3061 Iniquum
1414 2990 1564 3048 enim
1604 3002 1681 3048 est
1722 2993 1778 3049 ei

115 3081 277 3151 fldem
297 3078 536 3146 servari,
558 3078 655 3150 qui
672 3094 768 3134 con
778 3085 868 3135 tra
884 3082 1105 3151 pactum
1125 3082 1331 3136 nititur
1351 3082 1580 3137 versari.
1602 3081 1769 3152 Nam,

118 3183 253 3226 cum
276 3165 501 3224 nostris
524 3165 886 3239 principibus
906 3183 976 3224 ex
995 3173 1600 3240 compactoteneretur
1626 3169 1770 3226 obli-

118 3261 319 3330 gatus,
346 3253 506 3327 quod
537 3255 860 3312 convocatis
900 3255 1272 3323 exercitibus,
1314 3258 1511 3314 statim
1541 3274 1640 3314 eos
1679 3275 1769 3314 se·

122 3347 452 3418 quet-etun
481 3347 541 3399 et
567 3359 672 3416 per
699 3360 857 3401 mare
886 3344 1134 3401 navibus
1164 3344 1507 3402 continuum
1538 3345 1621 3403 eis
1653 3345 1774 3418 mi„-

122 3433 365 3490 niatrari
408 3432 625 3489 tacent
668 3433 1072 3502 commercius,
1121 3437 1178 3491 et
1234 3448 1430 3490 rerum
1478 3433 1770 3491 venalium

122 3526 243 3579 tcto
270 3520 489 3578 itinere
508 3520 767 3578 exhiberi
788 3522 956 3593 praeci
965 3527 1128 3595 peret
1144 3522 1522 3593 opulentiam,
1544 3526 1771 3579 utrum·

124 3627 238 3685 que
270 3608 536 3683 neglexit
566 3610 958 3668 fraudulenter
987 3610 1328 3682 adimplere,
1353 3625 1484 3667 cum
1515 3612 1640 3668 sine
1671 3610 1781 3667 dir-

132 3700 397 3758 sscultate
418 3704 739 3771 utrumque
768 3703 962 3772 posset
979 3698 1208 3756 effectui
1239 3699 1592 3771 mancipare.
1615 3698 1782 3757 Unde

130 3790 285 3862 quod
323 3789 399 3845 dc
431 3787 743 3846 Antiochia
774 3789 990 3845 factum
1022 3789 1230 3858 suerat,
1262 3789 1534 3861 quoniam
1566 3789 1623 3844 id
1648 3790 1784 3861 ,iure

127 3878 343 3936 iecisse
386 3876 758 3944 videbantur,
791 3881 977 3934 ratum
1033 3877 1305 3935 volebant
1351 3894 1692 3950 permanere
1729 3881 1788 3935 et

129 3965 573 4034 inconvulsum,
595 3969 659 4023 ut
673 3966 723 4022 is
752 3982 881 4023 eam
908 3967 1040 4038 jure
1068 3965 1436 4024 hiereditario
1461 3967 1789 4038 possideret

127 4058 188 4114 in
216 4060 597 4131 perpetuum,
620 4055 715 4113 cui
740 4055 809 4112 de
830 4056 1126 4114 communi
1150 4055 1488 4114 liberalitate
1507 4072 1793 4113 concessa

136 4145 359 4204 tuerat.
392 4144 699 4201 Instahant
729 4151 1001 4217 proeterea
1026 4145 1290 4217 eiusdem
1313 4145 1686 4217 imperatoris
1713 4145 1792 4203 le-

133 4235 281 4307 gati,
314 4232 669 4308 persuadere
697 4236 1020 4308 cupientes.
1044 4238 1108 4291 ut
1135 4235 1400 4305 ejusdem
1432 4232 1793 4307 imperatoris

134 4326 673 4396 adventum,quem
706 4325 764 4380 in
795 4325 915 4381 Kal.
946 4324 977 4380 J
987 4323 1091 4380 ulii
1123 4323 1461 4381 adfuturum
1495 4323 1797 4397 promitte·

131 4414 301 4483 bant,
325 4412 763 4485 prestolaretur
793 4412 1102 4481 exercitus,
1118 4411 1460 4485 pollicentes
1491 4414 1645 4485 quod
1676 4411 1796 4470 sin-

1883 492 2073 550 liciter
2116 504 2591 553 consummarent
2626 513 2640 555 :
2671 497 2905 556 fraudes
2944 501 3102 558 enim
3135 502 3531 577 imperatorie,

1880 589 1937 639 et
1973 584 2101 653 ejus
2134 587 2443 656 versutias,
2478 603 2623 659 quas
2654 587 2870 659 saepius
2899 591 3116 662 experti
3151 593 3399 664 fuerant,
3431 596 3531 652 de-

1879 671 2102 730 clinare
2125 674 2473 745 judicabant
2495 678 2886 749 commodius,
2920 695 2991 735 ne
3021 681 3150 751 ejus
3178 680 3532 755 labyrinthis

1879 769 1938 819 et
1966 766 2094 835 ejus
2124 766 2477 837 ambagibus
2509 768 2719 824 iterum
2751 785 2815 825 se
2848 770 3225 834 involverent.
3247 790 3282 829 a
3312 775 3530 847 quibus

1881 870 1995 908 non
2016 854 2158 910 satis
2186 854 2354 909 facile
2384 856 2754 927 postmodum
2778 864 3017 927 possent
3040 861 3318 932 expediri.
3336 863 3534 921 Effusa

1880 947 1968 997 est
2003 941 2182 1014 igitur
2214 943 2366 998 iuter
2394 945 2686 1016 principes
2716 949 3027 1015 contentio,
3056 953 3114 1005 et
3149 965 3350 1007 eorum
3383 967 3533 1024 pene

1879 1029 1942 1085 in
1971 1029 2129 1086 nullo
2150 1034 2550 1090 consonabant
2573 1034 2881 1091 desideria.
2906 1036 3070 1094 Unde
3099 1042 3158 1094 et
3178 1038 3253 1105 is,
3278 1042 3374 1111 qui
3397 1041 3529 1097 urbi

1880 1125 2128 1190 praeerat
2147 1120 2538 1192 Tripolitanae,
2560 1139 2693 1179 cum
2728 1123 2884 1195 prius
2905 1126 3194 1184 infinitam
3220 1129 3533 1187 obtulisset

1882 1208 2140 1279 pecuniae
2162 1225 2454 1266 summam
2488 1214 2571 1280 ut,
2596 1212 2896 1269 obsidione
2926 1213 3136 1283 soluta,
3159 1216 3230 1272 ab
3250 1216 3378 1286 eJus
3401 1218 3534 1274 flni-

1882 1296 1995 1352 bus
2026 1301 2237 1354 nostrae
2270 1298 2593 1371 migrarent
2642 1301 3060 1372 expeditiones,
3093 1305 3323 1375 cognito
3366 1306 3533 1363 schi-

1880 1389 2088 1454 smate,
2105 1386 2260 1458 quod
2283 1385 2433 1444 inter
2455 1388 2743 1460 principes
2756 1393 2880 1445 erat
2899 1395 3314 1459 exortum,non
3338 1394 3529 1452 solum

1881 1473 2024 1530 dare
2045 1474 2349 1545 pecuniam
2381 1475 2546 1548 prius
2566 1475 2821 1534 oblatam
2845 1478 3061 1545 renuit,
3081 1496 3283 1537 verum
3317 1482 3534 1540 nostris

1880 1568 2093 1635 sponte
2112 1579 2437 1632 occurrere,
2459 1569 2672 1622 etcum
2693 1564 2777 1622 eis
2805 1568 3053 1639 experiri
3086 1571 3408 1641 proposuit.
3437 1570 3532 1627 Fa·

1881 1654 2042 1707 otum
2068 1657 2160 1707 est
2188 1656 2410 1721 autem,
2430 1654 2588 1725 quod
2620 1655 2690 1710 de
2716 1655 3014 1712 communi
3044 1658 3311 1724 consilio,
3334 1658 3534 1716 relicto

1808 1784 1850 1847 B
1883 1739 2214 1797 Albariensi
2244 1742 2539 1814 episcopo,
2572 1749 2631 1800 et
2658 1743 2789 1800 aliis
2820 1746 3122 1803 nonnullis
3154 1748 3296 1805 viris
3324 1754 3530 1820 poten-

1882 1829 2040 1885 tibus
2071 1829 2131 1885 in
2163 1831 2483 1898 obsidione,
2518 1833 2619 1903 qui
2667 1841 2851 1889 castra
2885 1838 3205 1903 tuerentur,
3239 1837 3533 1909 principes

1879 1917 2104 1974 indicto
2127 1918 2345 1990 praelio,
2367 1919 2673 1976 instructis
2698 1920 2955 1990 aciebus,
2979 1929 3034 1978 et
3054 1924 3258 1980 ordine
3275 1940 3533 1998 congruo

1881 2005 2208 2078 dispositis,
2241 2023 2444 2063 versus
2482 2007 2762 2079 Tripolim
2795 2009 3031 2080 agmina
3077 2010 3340 2080 dirigunt
3369 2029 3384 2070 ε
3420 2029 3533 2084 quo

1882 2095 2302 2165 pervenientes,
2350 2096 2614 2164 eiusdem
2675 2096 2784 2153 loci
2834 2098 3159 2168 presidem,
3206 2115 3340 2157 cum
3400 2101 3534 2157 uui·

1879 2196 2043 2239 versa
2072 2183 2285 2240 civium
2319 2183 2691 2241 multitudine
2722 2190 2841 2240 tam
2870 2185 3133 2256 equitum
3164 2203 3339 2258 quam
3371 2189 3535 2259 pedi·

1882 2275 2008 2327 tum
2057 2277 2216 2328 extra
2283 2272 2487 2329 urbem
2538 2275 2855 2344 reperiunt,
2904 2274 3024 2341 ubi,
3071 2275 3354 2333 ordinatis
3408 2287 3535 2350 pari

1884 2358 2057 2415 modo
2070 2360 2429 2433 agminibus.
2445 2369 2774 2417 nostrorum
2788 2362 3103 2418 adventum
3120 2364 3538 2434 proestolabau·

1882 2451 1978 2503 tur
2006 2447 2305 2520 intrepidi.
2332 2449 2476 2505 Cum
2509 2449 2665 2505 enim
2705 2451 2933 2506 duobus
2980 2452 3285 2508 mensibus
3318 2459 3376 2510 et
3401 2471 3537 2510 am-

1881 2535 2041 2609 plius
2072 2535 2321 2609 aliquid,
2354 2555 2549 2594 comes
2593 2537 2921 2595 Tolosanus
2950 2538 3010 2595 in
3064 2542 3340 2613 praedicta
3371 2544 3538 2599 obsi-

1881 2626 2055 2682 dione
2102 2642 2334 2698 operatu
2368 2628 2836 2697 consumpsisset
2867 2629 3172 2698 inutiliter,
3205 2647 3309 2687 nec
3341 2634 3532 2703 prol'e·

1882 2713 2086 2782 cisset,
2107 2715 2432 2787 quidpiam,
2456 2720 2750 2784 coeperant
2777 2732 2874 2772 eos
2904 2717 3244 2789 Tripolitani
3267 2726 3534 2777 contem-

1884 2818 2044 2870 nere,
2067 2808 2124 2860 et
2152 2814 2414 2860 nostrum
2442 2805 2757 2861 exercitum
2787 2806 2985 2862 minus
3014 2814 3071 2863 et
3099 2808 3294 2864 minus
3321 2810 3533 2866 habere

1885 2897 2246 2964 suspectum,
2276 2893 2443 2963 quasi
2475 2894 2547 2950 ab
2578 2911 2645 2950 ea
2673 2895 2883 2951 virtute
2912 2912 3086 2966 quam
3139 2898 3302 2970 prius
3330 2899 3533 2955 audie-

1883 2986 2036 3048 rant,
2053 2981 2187 3039 l'acti
2212 2983 2548 3055 degeneres,
2565 2982 2620 3037 in
2640 2984 2846 3054 seipsis
2870 2987 3232 3043 strenuitatis
3245 2992 3533 3046 consuetis

1884 3076 2224 3144 paterentur
2253 3071 2564 3128 deiectum.
2591 3072 2902 3145 Postquam
2923 3090 3058 3146 ergo
3080 3076 3152 3132 ad
3178 3078 3375 3132 urbem
3401 3094 3532 3135 ven·

1881 3176 2010 3232 gum
2036 3168 2143 3226 est,
2167 3165 2225 3217 et
2248 3160 2502 3217 hostium
2535 3166 2741 3219 contra
2761 3178 2824 3219 se
2850 3164 3069 3233 positas
3101 3166 3316 3221 nostris
3339 3167 3539 3224 datum

1899 3252 1989 3305 est
2018 3247 2232 3305 intueri
2255 3248 2537 3321 legiones,
2561 3249 2620 3305 in
2642 3267 2741 3307 eos
2771 3251 2968 3307 statim
2996 3251 3289 3310 irruerunt
3309 3256 3538 3313 animo-

1880 3339 2024 3404 siuS,
2058 3343 2119 3395 et
2149 3338 2340 3409 primo
2372 3338 2596 3413 impetu
2628 3340 2929 3398 dissolutis
2960 3357 3161 3398 eorum
3194 3344 3538 3403 cohortibus

1881 3426 2081 3483 hostes
2134 3425 2197 3482 in
2238 3428 2435 3499 sugam
2485 3445 2697 3495 verace,
2730 3430 2878 3484 inl'ra
2928 3432 3127 3487 urbem
3178 3434 3443 3490 certatim
3474 3451 3539 3492 se

1882 3518 2141 3590 recipere
2153 3522 2413 3589 proterva
2423 3535 2551 3576 com
2563 3538 2594 3589 p
2605 3519 2830 3575 ulerunt
2843 3520 3143 3588 instantia,
3156 3522 3543 3595 septingentis

1884 3623 1955 3664 ex
1974 3623 2180 3664 eorum
2208 3623 2450 3663 numero
2471 3606 2667 3679 gladio
2689 3608 3004 3679 peremptis
3028 3632 3043 3676 3
3075 3609 3146 3664 de
3168 3609 3384 3665 nostris
3405 3627 3542 3668 vero

1885 3700 2005 3753 tres
2031 3701 2128 3752 aut
2157 3700 2411 3768 quatuor
2440 3696 2720 3751 cecidisse
2766 3696 3058 3752 dicuntur.
3095 3696 3174 3753 lbi
3217 3695 3544 3756 celebrave-

1890 3790 2029 3842 runt
2057 3784 2295 3855 pascha,
2327 3792 2533 3855 quarto
2561 3784 2701 3841 Idus
2731 3782 2969 3856 Aprilis.

2508 3890 2741 3947 CAPUT
2777 3890 2932 3946 XXI.

1899 4011 2113 4062 Praeses
2144 4001 2510 4072 Tripolitanos
2558 3995 2737 4053 multa
2786 3997 3022 4069 pecunia
3068 4005 3122 4054 et
3166 3999 3483 4057 muneribus
3512 4018 3548 4058 a

1965 4077 2167 4131 nostris
2230 4086 2420 4145 pacem
2481 4069 2764 4140 impetrat.
2815 4072 3097 4141 Principes
3160 4071 3227 4127 de
3300 4072 3548 4143 fidetium

1902 4165 1909 4171 ·
1966 4146 2216 4211 consilio,
2248 4145 2345 4215 qui
2372 4145 2432 4197 in
2460 4142 2575 4196 illis
2603 4141 2859 4212 partibus
2899 4142 3247 4213 habitabant,
3279 4146 3423 4199 viam
3449 4146 3552 4202 eli-

1966 4221 2100 4291 punt
2129 4217 2493 4272 maritimam.

1972 4325 2218 4381 Oblenta
2249 4321 2428 4394 igitur
2475 4319 2738 4385 victoria,
2772 4320 2831 4377 in
2863 4328 3052 4377 castra
3097 4322 3308 4378 iterum
3336 4323 3553 4379 reversi

1904 4418 2067 4482 sunt,
2101 4411 2200 4468 ubi
2254 4410 2641 4466 nihilominus
2684 4409 2980 4466 vociferari
3013 4414 3071 4465 et
3099 4411 3416 4467 acclamare
3445 4428 3553 4467 οω-

131 4502 294 4576 gulis
326 4500 693 4575 principibus
739 4503 1002 4575 ingentia
1044 4503 1290 4559 daturus
1329 4505 1483 4558 esset
1513 4517 1795 4572 munera3
1830 4490 1878 4556 D
1910 4505 1991 4577 pit
2021 4501 2275 4576 populus
2308 4499 2636 4566 universus,
2660 4505 2742 4565 ul,
2768 4497 2865 4553 illa
2895 4498 3219 4569 perniciosa
3248 4497 3551 4555 obsidione

131 4592 233 4650 sed
254 4593 319 4647 et
340 4589 561 4662 plebeis
586 4606 721 4648 cum
745 4592 930 4648 multa
950 4590 1292 4648 liberalitate
1313 4590 1792 4664 stipendia,unde

133 4681 385 4740 honeste
407 4678 725 4737 sustentari
756 4684 1016 4753 possent,
1047 4687 1202 4738 esset
1243 4679 1580 4753 largiturus.
1604 4679 1794 4752 Super

131 4785 243 4843 quo
272 4767 760 4825 deliberationem
793 4767 1099 4837 habentes,
1132 4768 1556 4826 dissentiebant
1598 4769 1670 4826 ab
1700 4769 1790 4826 in·

133 4859 355 4915 vicem.
384 4855 539 4914 Nam
584 4856 906 4916 Tolosanus
935 4874 1127 4915 comes
1174 4857 1634 4930 exspectandum
1664 4874 1794 4916 esse

88 4972 93 4977 ·
132 4947 287 5006 tanti
308 4946 601 5021 principis
630 4949 940 5006 adventum
966 4949 1110 5006 utile
1131 4948 1458 5021 judicabat,
1476 4951 1599 5007 sive
1627 4966 1697 5006 ex
1725 4966 1792 5006 eo

133 5038 299 5113 quod
322 5039 411 5096 ita
439 5039 706 5097 futurum
737 5042 1156 5111 arbitr-aretum
1188 5041 1309 5098 sive
1339 5056 1409 5097 ex
1446 5056 1512 5098 eo
1541 5039 1697 5113 quod
1726 5055 1795 5098 ea

132 5127 451 5187 occasione
479 5129 771 5204 principes
793 5136 852 5187 et
879 5131 1161 5206 populum
1182 5130 1435 5187 detinere
1462 5127 1791 5187 laboraret:

134 5233 450 5290 quousque
481 5217 687 5276 urbem
717 5237 893 5292 quam
936 5221 1267 5288 obsederat,
1297 5219 1409 5275 sibi
1447 5223 1644 5291 posset
1671 5218 1795 5275 vin-

20 5315 25 5322 ·
133 5305 359 5362 dicare.
383 5305 577 5379 Turpe
606 5308 765 5364 enim
795 5314 854 5367 et
882 5308 1342 5383 ignominiosum
1383 5306 1708 5379 reputabat,
1740 5308 1794 5364 si

132 5409 167 5451 a
195 5393 498 5467 proposito
527 5395 611 5453 ita
632 5398 938 5457 manifeste
965 5398 1258 5468 deficeret,
1281 5394 1643 5453 desiderium
1676 5411 1793 5453 non

132 5483 336 5541 valens
352 5484 699 5560 adimplere.
716 5487 860 5546 Aliis
875 5493 1104 5558 autem,
1114 5485 1382 5558 opposita
1394 5483 1567 5558 louge
1586 5485 1796 5543 melior

132 5572 447 5632 videbatur
472 5576 1067 5651 sententia,videlicet
1094 5579 1162 5634 ut
1185 5576 1373 5648 coepto
1397 5573 1685 5633 instarent
1703 5574 1792 5634 itt·

1905 4593 2172 4661 dimissa,
2195 4607 2398 4647 versus
2428 4586 2909 4660 Hierosolymam.
2934 4602 3049 4657 quo
3079 4602 3279 4642 eorum
3312 4587 3551 4642 omnino

1905 4682 2218 4739 festinabat
2247 4676 2627 4746 desiderium,
2657 4677 2767 4731 iter
2793 4676 3152 4746 arriperent;
3185 4674 3552 4746 obtinuitque

1904 4779 2169 4845 proterva
2195 4767 2473 4825 instantia
2507 4767 2778 4839 populus,
2802 4770 2867 4820 ut
2894 4763 3149 4819 incensis
3179 4763 3406 4830 castris,
3434 4763 3554 4820 dux

1905 4867 1962 4917 et
1989 4857 2432 4916 Flandrensium
2464 4869 2681 4920 comes,
2706 4868 2810 4909 nec
2849 4868 2962 4907 non
2993 4855 3050 4906 et
3082 4849 3551 4907 Normannorum

1904 4964 2125 5016 comes,
2177 4945 2274 5001 sed
2326 4949 2384 5000 et
2429 4942 2786 5008 Tancredus,
2840 4938 3053 5011 populo
3100 4938 3550 5009 satisfacientes,

1907 5038 2083 5095 invito
2112 5038 2170 5092 et
2219 5032 2538 5105 plurimum
2590 5029 2843 5086 retinent
2879 5027 3091 5085 comite
3118 5027 3426 5095 Tolosan0,
3457 5028 3554 5085 ob·

1907 5126 2191 5185 sidionem
2213 5123 2567 5179 deserentes.
2589 5134 2784 5175 versus
2815 5116 3121 5189 Tripolim,
3143 5121 3424 5187 tanquam
3446 5117 3556 5173 iter

1908 5212 2327 5281 continuaturi,
2359 5208 2755 5280 expeditiones
2786 5208 3142 5264 direxerunt.
3166 5205 3462 5276 Erantque
3493 5203 3554 5261 in

1909 5322 1976 5363 eo
2027 5308 2176 5362 iacto
2227 5298 2622 5374 procliviores,
2670 5297 2767 5368 qui
2818 5295 2891 5353 ab
2932 5295 3098 5351 initio
3148 5294 3404 5365 praedicti
3452 5309 3554 5349 co-

1909 5394 2069 5452 mitis
2115 5395 2304 5447 castra
2362 5390 2592 5444 fuerant
2638 5385 2818 5442 secuti
2868 5387 2945 5440 ita
2992 5388 3058 5440 ut
3101 5399 3233 5439 eum
3283 5382 3553 5438 deseren-

1907 5489 2021 5552 tes,
2050 5480 2351 5556 praedlctos
2382 5474 2673 5549 principes
2693 5474 2962 5531 certatim
2994 5474 3379 5545 sequerentur
3402 5486 3416 5526 ε
3439 5488 3557 5544 quo

1903 5568 2226 5638 intellecto,
2257 5563 2461 5623 videns
2489 5562 2647 5635 quod
2678 5578 2868 5635 neque
2905 5561 3177 5634 precibus
3226 5574 3409 5634 neque
3438 5560 3559 5633 pol-
