<?xml version="1.0" encoding="UTF-8"?>
<!DOCTYPE html PUBLIC "-//W3C//DTD XHTML 1.0 Transitional//EN"
    "http://www.w3.org/TR/xhtml1/DTD/xhtml1-transitional.dtd">
<html xmlns="http://www.w3.org/1999/xhtml" xml:lang="en" lang="en">
 <head>
  <title>
</title>
<meta http-equiv="Content-Type" content="text/html;charset=utf-8" />
  <meta name='ocr-system' content='tesseract 3.04.00' />
  <meta name='ocr-capabilities' content='ocr_page ocr_carea ocr_par ocr_line ocrx_word'/>
</head>
<body>
  <div class='ocr_page' id='page_1' title='image "./patrologiaecurs32goog_0653.png"; bbox 0 0 3784 6000; ppageno 0'>
   <div class='ocr_carea' id='block_1_1' title="bbox 204 230 345 290">
    <p class='ocr_par' dir='ltr' id='par_1_1' title="bbox 204 230 345 290">
     <span class='ocr_line' id='line_1_1' title="bbox 204 230 345 290; baseline 0.014 -1"><span class='ocrx_word' id='word_1_1' title='bbox 204 230 345 290; x_wconf 65' lang='lat' dir='ltr'><strong>lm</strong></span> 
     </span>
    </p>
   </div>
   <div class='ocr_carea' id='block_1_2' title="bbox 1198 231 2647 298">
    <p class='ocr_par' dir='ltr' id='par_1_2' title="bbox 1198 231 2647 298">
     <span class='ocr_line' id='line_1_2' title="bbox 1198 231 2647 298; baseline 0.003 -4"><span class='ocrx_word' id='word_1_2' title='bbox 1198 235 1566 294; x_wconf 80' lang='lat' dir='ltr'><strong>EPISTOLAE</strong></span> <span class='ocrx_word' id='word_1_3' title='bbox 1607 233 1693 293; x_wconf 84' lang='grc' dir='ltr'><strong>ΕΤ</strong></span> <span class='ocrx_word' id='word_1_4' title='bbox 1734 231 2176 293; x_wconf 82' lang='lat' dir='ltr'><strong>PRIVILEGIA.</strong></span> <span class='ocrx_word' id='word_1_5' title='bbox 2220 270 2282 280; x_wconf 85' lang='lat'>—</span> <span class='ocrx_word' id='word_1_6' title='bbox 2325 239 2438 297; x_wconf 71' lang='lat' dir='ltr'><strong>AN.</strong></span> <span class='ocrx_word' id='word_1_7' title='bbox 2481 239 2647 298; x_wconf 74' lang='lat'><strong>1184.</strong></span> 
     </span>
    </p>
   </div>
   <div class='ocr_carea' id='block_1_3' title="bbox 3474 232 3626 300">
    <p class='ocr_par' dir='ltr' id='par_1_3' title="bbox 3474 232 3626 300">
     <span class='ocr_line' id='line_1_3' title="bbox 3474 232 3626 300; baseline 0.013 -2"><span class='ocrx_word' id='word_1_8' title='bbox 3474 232 3626 300; x_wconf 64' lang='lat' dir='ltr'><strong>ms</strong></span> 
     </span>
    </p>
   </div>
   <div class='ocr_carea' id='block_1_4' title="bbox 202 358 3617 438">
    <p class='ocr_par' dir='ltr' id='par_1_4' title="bbox 202 358 3617 438">
     <span class='ocr_line' id='line_1_4' title="bbox 202 358 3617 438; baseline 0.003 -24"><span class='ocrx_word' id='word_1_9' title='bbox 202 360 421 415; x_wconf 85' lang='lat' dir='ltr'><strong>nentur</strong></span> <span class='ocrx_word' id='word_1_10' title='bbox 442 358 737 430; x_wconf 79' lang='lat' dir='ltr'><strong>juratoria</strong></span> <span class='ocrx_word' id='word_1_11' title='bbox 764 362 1060 431; x_wconf 73' lang='lat' dir='ltr'><strong>cautione,</strong></span> <span class='ocrx_word' id='word_1_12' title='bbox 1099 363 1266 436; x_wconf 85' lang='lat' dir='ltr'><strong>quod</strong></span> <span class='ocrx_word' id='word_1_13' title='bbox 1313 368 1523 421; x_wconf 86' lang='lat' dir='ltr'><strong>nostro</strong></span> <span class='ocrx_word' id='word_1_14' title='bbox 1560 360 1852 418; x_wconf 79' lang='lat' dir='ltr'>debeatur</span> <span class='ocrx_word' id='word_1_15' title='bbox 1876 358 1927 414; x_wconf 80' lang='grc' dir='ltr'><strong>Δ</strong></span> <span class='ocrx_word' id='word_1_16' title='bbox 1961 362 2203 419; x_wconf 88' lang='lat' dir='ltr'><strong>nomine</strong></span> <span class='ocrx_word' id='word_1_17' title='bbox 2233 365 2621 431; x_wconf 86' lang='lat' dir='ltr'><strong>mentiuntur,</strong></span> <span class='ocrx_word' id='word_1_18' title='bbox 2650 365 3027 438; x_wconf 78' lang='lat' dir='ltr'><strong>passaginos,</strong></span> <span class='ocrx_word' id='word_1_19' title='bbox 3048 365 3385 438; x_wconf 81' lang='lat' dir='ltr'><strong>Josepinos,</strong></span> <span class='ocrx_word' id='word_1_20' title='bbox 3409 367 3617 424; x_wconf 76' lang='lat' dir='ltr'><strong>Arnal·</strong></span> 
     </span>
    </p>
   </div>
   <div class='ocr_carea' id='block_1_5' title="bbox 188 449 1852 1680">
    <p class='ocr_par' dir='ltr' id='par_1_5' title="bbox 188 449 1852 1680">
     <span class='ocr_line' id='line_1_5' title="bbox 203 449 1852 524; baseline 0.002 -21"><span class='ocrx_word' id='word_1_21' title='bbox 203 462 412 519; x_wconf 86' lang='lat' dir='ltr'><strong>parere</strong></span> <span class='ocrx_word' id='word_1_22' title='bbox 437 449 748 518; x_wconf 89' lang='lat' dir='ltr'><strong>mandato,</strong></span> <span class='ocrx_word' id='word_1_23' title='bbox 769 451 1374 524; x_wconf 85' lang='lat' dir='ltr'><strong>ipsos,appellatione</strong></span> <span class='ocrx_word' id='word_1_24' title='bbox 1394 459 1700 516; x_wconf 85' lang='lat' dir='ltr'><strong>remota,a</strong></span> <span class='ocrx_word' id='word_1_25' title='bbox 1724 450 1852 507; x_wconf 86' lang='lat' dir='ltr'><strong>vin-</strong></span> 
     </span>
     <span class='ocr_line' id='line_1_6' title="bbox 203 536 1852 611; baseline 0.002 -19"><span class='ocrx_word' id='word_1_26' title='bbox 203 536 338 592; x_wconf 90' lang='lat' dir='ltr'><strong>culo</strong></span> <span class='ocrx_word' id='word_1_27' title='bbox 360 538 665 594; x_wconf 63' lang='lat' dir='ltr'><strong>sententias</strong></span> <span class='ocrx_word' id='word_1_28' title='bbox 697 539 876 611; x_wconf 90' lang='lat' dir='ltr'><strong>hujus</strong></span> <span class='ocrx_word' id='word_1_29' title='bbox 904 547 1113 598; x_wconf 87' lang='lat' dir='ltr'><strong>nostra</strong></span> <span class='ocrx_word' id='word_1_30' title='bbox 1134 541 1629 598; x_wconf 85' lang='lat' dir='ltr'><strong>fultiauctoritate</strong></span> <span class='ocrx_word' id='word_1_31' title='bbox 1653 540 1852 596; x_wconf 86' lang='lat' dir='ltr'><strong>solva-</strong></span> 
     </span>
     <span class='ocr_line' id='line_1_7' title="bbox 201 625 1852 702; baseline 0.001 -21"><span class='ocrx_word' id='word_1_32' title='bbox 201 625 294 692; x_wconf 90' lang='lat' dir='ltr'><strong>tis,</strong></span> <span class='ocrx_word' id='word_1_33' title='bbox 330 630 388 682; x_wconf 92' lang='lat' dir='ltr'><strong>et</strong></span> <span class='ocrx_word' id='word_1_34' title='bbox 443 642 550 698; x_wconf 90' lang='lat' dir='ltr'><strong>per</strong></span> <span class='ocrx_word' id='word_1_35' title='bbox 595 627 908 694; x_wconf 79' lang='lat' dir='ltr'><strong>dioeceses,</strong></span> <span class='ocrx_word' id='word_1_36' title='bbox 971 630 1029 685; x_wconf 91' lang='lat' dir='ltr'><strong>in</strong></span> <span class='ocrx_word' id='word_1_37' title='bbox 1088 630 1307 702; x_wconf 90' lang='lat' dir='ltr'><strong>quibus</strong></span> <span class='ocrx_word' id='word_1_38' title='bbox 1344 627 1852 686; x_wconf 88' lang='lat' dir='ltr'><strong>excommunicati</strong></span> 
     </span>
     <span class='ocr_line' id='line_1_8' title="bbox 200 714 1846 791; baseline 0.001 -22"><span class='ocrx_word' id='word_1_39' title='bbox 200 714 533 771; x_wconf 90' lang='lat' dir='ltr'><strong>denuntiati</strong></span> <span class='ocrx_word' id='word_1_40' title='bbox 559 720 716 784; x_wconf 90' lang='lat' dir='ltr'><strong>sunt,</strong></span> <span class='ocrx_word' id='word_1_41' title='bbox 733 717 957 774; x_wconf 90' lang='lat' dir='ltr'><strong>solutos</strong></span> <span class='ocrx_word' id='word_1_42' title='bbox 971 718 1307 775; x_wconf 89' lang='lat' dir='ltr'><strong>denuntiari</strong></span> <span class='ocrx_word' id='word_1_43' title='bbox 1328 716 1566 791; x_wconf 90' lang='lat' dir='ltr'><strong>publice</strong></span> <span class='ocrx_word' id='word_1_44' title='bbox 1588 717 1846 782; x_wconf 87' lang='lat' dir='ltr'><strong>faciatis,</strong></span> 
     </span>
     <span class='ocr_line' id='line_1_9' title="bbox 201 803 1850 879; baseline 0 -18"><span class='ocrx_word' id='word_1_45' title='bbox 201 819 272 861; x_wconf 89' lang='lat' dir='ltr'><strong>ac</strong></span> <span class='ocrx_word' id='word_1_46' title='bbox 301 803 518 860; x_wconf 90' lang='lat' dir='ltr'><strong>deinde</strong></span> <span class='ocrx_word' id='word_1_47' title='bbox 560 806 710 862; x_wconf 89' lang='lat' dir='ltr'><strong>inter</strong></span> <span class='ocrx_word' id='word_1_48' title='bbox 742 807 1058 879; x_wconf 78' lang='lat' dir='ltr'><strong>praedictos</strong></span> <span class='ocrx_word' id='word_1_49' title='bbox 1086 809 1409 865; x_wconf 89' lang='lat' dir='ltr'><strong>canonicos</strong></span> <span class='ocrx_word' id='word_1_50' title='bbox 1436 812 1493 864; x_wconf 90' lang='lat' dir='ltr'><strong>et</strong></span> <span class='ocrx_word' id='word_1_51' title='bbox 1519 807 1850 879; x_wconf 75' lang='lat' dir='ltr'><strong>burgenses</strong></span> 
     </span>
     <span class='ocr_line' id='line_1_10' title="bbox 202 895 1849 967; baseline 0.001 -18"><span class='ocrx_word' id='word_1_52' title='bbox 202 907 415 965; x_wconf 89' lang='lat' dir='ltr'><strong>pacem</strong></span> <span class='ocrx_word' id='word_1_53' title='bbox 462 895 788 953; x_wconf 90' lang='lat' dir='ltr'><strong>reformare</strong></span> <span class='ocrx_word' id='word_1_54' title='bbox 819 895 1065 953; x_wconf 88' lang='lat' dir='ltr'><strong>sollicite</strong></span> <span class='ocrx_word' id='word_1_55' title='bbox 1093 896 1396 954; x_wconf 77' lang='lat' dir='ltr'><strong>laboretis.</strong></span> <span class='ocrx_word' id='word_1_56' title='bbox 1428 895 1601 963; x_wconf 85' lang='lat' dir='ltr'><strong>Quod</strong></span> <span class='ocrx_word' id='word_1_57' title='bbox 1637 895 1688 952; x_wconf 91' lang='lat' dir='ltr'><strong>si</strong></span> <span class='ocrx_word' id='word_1_58' title='bbox 1728 910 1849 967; x_wconf 82' lang='lat' dir='ltr'><strong>pax</strong></span> 
     </span>
     <span class='ocr_line' id='line_1_11' title="bbox 198 984 1851 1060; baseline 0.001 -22"><span class='ocrx_word' id='word_1_59' title='bbox 198 984 509 1054; x_wconf 85' lang='lat' dir='ltr'><strong>pervenire</strong></span> <span class='ocrx_word' id='word_1_60' title='bbox 534 999 655 1040; x_wconf 92' lang='lat' dir='ltr'><strong>non</strong></span> <span class='ocrx_word' id='word_1_61' title='bbox 690 985 923 1055; x_wconf 91' lang='lat' dir='ltr'><strong>poterit,</strong></span> <span class='ocrx_word' id='word_1_62' title='bbox 965 986 1244 1060; x_wconf 75' lang='lat' dir='ltr'><strong>praefatos</strong></span> <span class='ocrx_word' id='word_1_63' title='bbox 1273 986 1629 1057; x_wconf 90' lang='lat' dir='ltr'><strong>burgenses,</strong></span> <span class='ocrx_word' id='word_1_64' title='bbox 1683 984 1851 1056; x_wconf 87' lang='lat' dir='ltr'><strong>juxta</strong></span> 
     </span>
     <span class='ocr_line' id='line_1_12' title="bbox 199 1069 1847 1146; baseline 0.001 -19"><span class='ocrx_word' id='word_1_65' title='bbox 199 1069 457 1128; x_wconf 88' lang='lat' dir='ltr'><strong>formam</strong></span> <span class='ocrx_word' id='word_1_66' title='bbox 489 1072 875 1143; x_wconf 58' lang='lat' dir='ltr'><strong>indulgentias</strong></span> <span class='ocrx_word' id='word_1_67' title='bbox 905 1074 1077 1146; x_wconf 89' lang='lat' dir='ltr'><strong>cujus</strong></span> <span class='ocrx_word' id='word_1_68' title='bbox 1107 1075 1453 1132; x_wconf 90' lang='lat' dir='ltr'><strong>auctoritate</strong></span> <span class='ocrx_word' id='word_1_69' title='bbox 1492 1074 1847 1130; x_wconf 88' lang='lat' dir='ltr'><strong>sententiam</strong></span> 
     </span>
     <span class='ocr_line' id='line_1_13' title="bbox 197 1161 1850 1236; baseline 0.001 -21"><span class='ocrx_word' id='word_1_70' title='bbox 197 1161 471 1216; x_wconf 89' lang='lat' dir='ltr'><strong>canonici</strong></span> <span class='ocrx_word' id='word_1_71' title='bbox 497 1162 890 1234; x_wconf 91' lang='lat' dir='ltr'><strong>protulerunt,</strong></span> <span class='ocrx_word' id='word_1_72' title='bbox 921 1169 1126 1220; x_wconf 89' lang='lat' dir='ltr'><strong>nostro</strong></span> <span class='ocrx_word' id='word_1_73' title='bbox 1157 1179 1365 1236; x_wconf 89' lang='lat' dir='ltr'><strong>parere</strong></span> <span class='ocrx_word' id='word_1_74' title='bbox 1387 1163 1695 1230; x_wconf 84' lang='lat' dir='ltr'><strong>mandato,</strong></span> <span class='ocrx_word' id='word_1_75' title='bbox 1722 1161 1850 1218; x_wconf 89' lang='lat' dir='ltr'><strong>nul-</strong></span> 
     </span>
     <span class='ocr_line' id='line_1_14' title="bbox 195 1248 1851 1323; baseline 0.001 -17"><span class='ocrx_word' id='word_1_76' title='bbox 195 1248 310 1306; x_wconf 90' lang='lat' dir='ltr'><strong>lius</strong></span> <span class='ocrx_word' id='word_1_77' title='bbox 341 1250 742 1322; x_wconf 79' lang='lat' dir='ltr'><strong>appellatione</strong></span> <span class='ocrx_word' id='word_1_78' title='bbox 773 1251 1044 1309; x_wconf 89' lang='lat' dir='ltr'><strong>obstante</strong></span> <span class='ocrx_word' id='word_1_79' title='bbox 1069 1252 1502 1311; x_wconf 76' lang='lat' dir='ltr'><strong>rationabiliter</strong></span> <span class='ocrx_word' id='word_1_80' title='bbox 1525 1249 1851 1323; x_wconf 89' lang='lat' dir='ltr'><strong>compella-</strong></span> 
     </span>
     <span class='ocr_line' id='line_1_15' title="bbox 195 1337 1851 1414; baseline 0.001 -21"><span class='ocrx_word' id='word_1_81' title='bbox 195 1337 286 1394; x_wconf 90' lang='lat' dir='ltr'><strong>tis.</strong></span> <span class='ocrx_word' id='word_1_82' title='bbox 315 1338 485 1405; x_wconf 88' lang='lat' dir='ltr'><strong>Quod</strong></span> <span class='ocrx_word' id='word_1_83' title='bbox 512 1339 563 1395; x_wconf 88' lang='lat' dir='ltr'><strong>si</strong></span> <span class='ocrx_word' id='word_1_84' title='bbox 589 1339 775 1413; x_wconf 85' lang='lat' dir='ltr'><strong>aliqui</strong></span> <span class='ocrx_word' id='word_1_85' title='bbox 806 1357 878 1396; x_wconf 85' lang='lat' dir='ltr'><strong>ex</strong></span> <span class='ocrx_word' id='word_1_86' title='bbox 910 1341 993 1396; x_wconf 90' lang='lat' dir='ltr'><strong>eis</strong></span> <span class='ocrx_word' id='word_1_87' title='bbox 1011 1343 1426 1414; x_wconf 78' lang='lat' dir='ltr'><strong>Juramentum</strong></span> <span class='ocrx_word' id='word_1_88' title='bbox 1453 1355 1517 1396; x_wconf 87' lang='lat' dir='ltr'><strong>se</strong></span> <span class='ocrx_word' id='word_1_89' title='bbox 1535 1346 1851 1413; x_wconf 79' lang='lat' dir='ltr'><strong>proestasse</strong></span> 
     </span>
     <span class='ocr_line' id='line_1_16' title="bbox 193 1428 1846 1502; baseline 0.001 -19"><span class='ocrx_word' id='word_1_90' title='bbox 193 1428 566 1497; x_wconf 82' lang='lat' dir='ltr'><strong>negaverint,</strong></span> <span class='ocrx_word' id='word_1_91' title='bbox 586 1429 660 1485; x_wconf 92' lang='lat' dir='ltr'><strong>de</strong></span> <span class='ocrx_word' id='word_1_92' title='bbox 674 1430 919 1501; x_wconf 82' lang='lat' dir='ltr'><strong>praefata</strong></span> <span class='ocrx_word' id='word_1_93' title='bbox 936 1430 1286 1487; x_wconf 90' lang='lat' dir='ltr'><strong>communia</strong></span> <span class='ocrx_word' id='word_1_94' title='bbox 1304 1430 1397 1488; x_wconf 90' lang='lat' dir='ltr'><strong>vel</strong></span> <span class='ocrx_word' id='word_1_95' title='bbox 1411 1428 1846 1502; x_wconf 85' lang='lat' dir='ltr'><strong>conjuratione,</strong></span> 
     </span>
     <span class='ocr_line' id='line_1_17' title="bbox 193 1518 1847 1591; baseline 0.001 -20"><span class='ocrx_word' id='word_1_96' title='bbox 193 1532 559 1590; x_wconf 88' lang='lat' dir='ltr'><strong>quocunque</strong></span> <span class='ocrx_word' id='word_1_97' title='bbox 581 1519 823 1575; x_wconf 91' lang='lat' dir='ltr'><strong>nomine</strong></span> <span class='ocrx_word' id='word_1_98' title='bbox 848 1524 1181 1585; x_wconf 87' lang='lat' dir='ltr'><strong>censeatur,</strong></span> <span class='ocrx_word' id='word_1_99' title='bbox 1208 1520 1413 1591; x_wconf 87' lang='lat' dir='ltr'><strong>jurent</strong></span> <span class='ocrx_word' id='word_1_100' title='bbox 1441 1534 1506 1575; x_wconf 89' lang='lat' dir='ltr'><strong>se</strong></span> <span class='ocrx_word' id='word_1_101' title='bbox 1544 1518 1691 1575; x_wconf 93' lang='lat' dir='ltr'><strong>illud</strong></span> <span class='ocrx_word' id='word_1_102' title='bbox 1726 1533 1847 1575; x_wconf 91' lang='lat' dir='ltr'><strong>non</strong></span> 
     </span>
     <span class='ocr_line' id='line_1_18' title="bbox 188 1606 1845 1680; baseline 0 -19"><span class='ocrx_word' id='word_1_103' title='bbox 188 1606 447 1676; x_wconf 79' lang='lat' dir='ltr'><strong>jurasse.</strong></span> <span class='ocrx_word' id='word_1_104' title='bbox 480 1623 588 1663; x_wconf 90' lang='lat' dir='ltr'><strong>nec</strong></span> <span class='ocrx_word' id='word_1_105' title='bbox 628 1624 756 1663; x_wconf 89' lang='lat' dir='ltr'><strong>esse</strong></span> <span class='ocrx_word' id='word_1_106' title='bbox 809 1608 882 1664; x_wconf 85' lang='lat' dir='ltr'><strong>de</strong></span> <span class='ocrx_word' id='word_1_107' title='bbox 938 1612 1153 1665; x_wconf 61' lang='lat' dir='ltr'><strong>caetero</strong></span> <span class='ocrx_word' id='word_1_108' title='bbox 1200 1609 1521 1680; x_wconf 85' lang='lat' dir='ltr'><strong>juratores.</strong></span> <span class='ocrx_word' id='word_1_109' title='bbox 1577 1606 1749 1674; x_wconf 90' lang='lat' dir='ltr'><strong>Quod</strong></span> <span class='ocrx_word' id='word_1_110' title='bbox 1798 1606 1845 1662; x_wconf 89' lang='lat' dir='ltr'><strong>si</strong></span> 
     </span>
    </p>
   </div>
   <div class='ocr_carea' id='block_1_6' title="bbox 1956 451 3616 1680">
    <p class='ocr_par' dir='ltr' id='par_1_6' title="bbox 1956 451 3616 1680">
     <span class='ocr_line' id='line_1_19' title="bbox 1958 451 3609 526; baseline 0.004 -20"><span class='ocrx_word' id='word_1_111' title='bbox 1958 451 2167 519; x_wconf 90' lang='lat' dir='ltr'><strong>distas,</strong></span> <span class='ocrx_word' id='word_1_112' title='bbox 2187 460 2475 526; x_wconf 88' lang='lat' dir='ltr'><strong>perpetuo</strong></span> <span class='ocrx_word' id='word_1_113' title='bbox 2496 455 2877 511; x_wconf 88' lang='lat' dir='ltr'><strong>decernimus</strong></span> <span class='ocrx_word' id='word_1_114' title='bbox 2891 455 3259 512; x_wconf 89' lang='lat' dir='ltr'><strong>anathemati</strong></span> <span class='ocrx_word' id='word_1_115' title='bbox 3274 455 3609 526; x_wconf 84' lang='lat' dir='ltr'><strong>subJ&#39;acere.</strong></span> 
     </span>
     <span class='ocr_line' id='line_1_20' title="bbox 1962 542 3609 614; baseline 0.004 -20"><span class='ocrx_word' id='word_1_116' title='bbox 1962 542 2025 594; x_wconf 90' lang='lat' dir='ltr'><strong>Et</strong></span> <span class='ocrx_word' id='word_1_117' title='bbox 2050 542 2340 612; x_wconf 88' lang='lat' dir='ltr'><strong>quoniam</strong></span> <span class='ocrx_word' id='word_1_118' title='bbox 2374 543 2644 599; x_wconf 87' lang='lat' dir='ltr'><strong>nonnulli</strong></span> <span class='ocrx_word' id='word_1_119' title='bbox 2676 542 2791 598; x_wconf 91' lang='lat' dir='ltr'><strong>sub</strong></span> <span class='ocrx_word' id='word_1_120' title='bbox 2819 542 3020 613; x_wconf 85' lang='lat' dir='ltr'><strong>specie</strong></span> <span class='ocrx_word' id='word_1_121' title='bbox 3042 543 3299 614; x_wconf 89' lang='lat' dir='ltr'><strong>pietatis,</strong></span> <span class='ocrx_word' id='word_1_122' title='bbox 3331 543 3609 601; x_wconf 86' lang='lat' dir='ltr'><strong>virtutem</strong></span> 
     </span>
     <span class='ocr_line' id='line_1_21' title="bbox 1960 628 3612 704; baseline 0.003 -21"><span class='ocrx_word' id='word_1_123' title='bbox 1960 628 2109 699; x_wconf 88' lang='lat' dir='ltr'><strong>ejus,</strong></span> <span class='ocrx_word' id='word_1_124' title='bbox 2128 631 2298 699; x_wconf 85' lang='lat' dir='ltr'><strong>juxta</strong></span> <span class='ocrx_word' id='word_1_125' title='bbox 2319 631 2484 704; x_wconf 90' lang='lat' dir='ltr'><strong>quod</strong></span> <span class='ocrx_word' id='word_1_126' title='bbox 2515 632 2597 687; x_wconf 89' lang='lat' dir='ltr'><strong>ait</strong></span> <span class='ocrx_word' id='word_1_127' title='bbox 2619 631 2961 703; x_wconf 81' lang='lat' dir='ltr'><strong>Apostolus,</strong></span> <span class='ocrx_word' id='word_1_128' title='bbox 2994 631 3381 699; x_wconf 76' lang='lat' dir='ltr'><strong>denegantes,</strong></span> <span class='ocrx_word' id='word_1_129' title='bbox 3412 635 3612 688; x_wconf 89' lang='lat' dir='ltr'><strong>aucto·</strong></span> 
     </span>
     <span class='ocr_line' id='line_1_22' title="bbox 1959 717 3612 792; baseline 0.003 -20"><span class='ocrx_word' id='word_1_130' title='bbox 1959 717 2194 774; x_wconf 90' lang='lat' dir='ltr'><strong>ritatem</strong></span> <span class='ocrx_word' id='word_1_131' title='bbox 2213 720 2321 775; x_wconf 89' lang='lat' dir='ltr'><strong>sibi</strong></span> <span class='ocrx_word' id='word_1_132' title='bbox 2356 720 2662 776; x_wconf 87' lang='lat' dir='ltr'><strong>vindicant</strong></span> <span class='ocrx_word' id='word_1_133' title='bbox 2691 719 3235 791; x_wconf 77' lang='lat' dir='ltr'><strong>praedicandi.cum</strong></span> <span class='ocrx_word' id='word_1_134' title='bbox 3267 720 3426 776; x_wconf 86' lang='lat' dir='ltr'><strong>idem</strong></span> <span class='ocrx_word' id='word_1_135' title='bbox 3455 725 3612 792; x_wconf 79' lang='lat' dir='ltr'><strong>Apo-</strong></span> 
     </span>
     <span class='ocr_line' id='line_1_23' title="bbox 1961 807 3613 879; baseline 0.004 -18"><span class='ocrx_word' id='word_1_136' title='bbox 1961 807 2144 862; x_wconf 88' lang='lat' dir='ltr'><strong>stolus</strong></span> <span class='ocrx_word' id='word_1_137' title='bbox 2155 808 2313 864; x_wconf 87' lang='lat' dir='ltr'><strong>dicat</strong></span> <span class='ocrx_word' id='word_1_138' title='bbox 2330 825 2342 865; x_wconf 90' lang='lat'>:</span> <span class='ocrx_word' id='word_1_139' title='bbox 2360 810 2654 878; x_wconf 78' lang='lat' dir='ltr'><strong>Quomodo</strong></span> <span class='ocrx_word' id='word_1_140' title='bbox 2680 809 3239 879; x_wconf 76' lang='lat' dir='ltr'><strong>praedt‘cabunt,nisi</strong></span> <span class='ocrx_word' id='word_1_141' title='bbox 3254 810 3613 868; x_wconf 74' lang='lat' dir='ltr'><strong>mittantur?</strong></span> 
     </span>
     <span class='ocr_line' id='line_1_24' title="bbox 1960 895 3610 970; baseline 0.002 -20"><span class='ocrx_word' id='word_1_142' title='bbox 1960 895 2150 964; x_wconf 85' lang='lat' dir='ltr'><strong>(Rom.</strong></span> <span class='ocrx_word' id='word_1_143' title='bbox 2180 896 2241 968; x_wconf 90' lang='lat' dir='ltr'><strong>x)</strong></span> <span class='ocrx_word' id='word_1_144' title='bbox 2270 911 2501 963; x_wconf 87' lang='lat' dir='ltr'><strong>omnes,</strong></span> <span class='ocrx_word' id='word_1_145' title='bbox 2534 897 2639 970; x_wconf 89' lang='lat' dir='ltr'><strong>qui</strong></span> <span class='ocrx_word' id='word_1_146' title='bbox 2671 896 2764 953; x_wconf 87' lang='lat' dir='ltr'><strong>vel</strong></span> <span class='ocrx_word' id='word_1_147' title='bbox 2788 895 3097 969; x_wconf 82' lang='lat' dir='ltr'><strong>prohibiti,</strong></span> <span class='ocrx_word' id='word_1_148' title='bbox 3131 895 3224 952; x_wconf 86' lang='lat' dir='ltr'><strong>vel</strong></span> <span class='ocrx_word' id='word_1_149' title='bbox 3256 911 3377 952; x_wconf 92' lang='lat' dir='ltr'><strong>non</strong></span> <span class='ocrx_word' id='word_1_150' title='bbox 3421 896 3610 962; x_wconf 84' lang='lat' dir='ltr'><strong>missi,</strong></span> 
     </span>
     <span class='ocr_line' id='line_1_25' title="bbox 1960 984 3616 1058; baseline 0.003 -20"><span class='ocrx_word' id='word_1_151' title='bbox 1960 989 2171 1055; x_wconf 81' lang='lat' dir='ltr'><strong>praeter</strong></span> <span class='ocrx_word' id='word_1_152' title='bbox 2203 986 2618 1042; x_wconf 89' lang='lat' dir='ltr'><strong>auctoritatem</strong></span> <span class='ocrx_word' id='word_1_153' title='bbox 2676 986 2755 1042; x_wconf 88' lang='lat' dir='ltr'><strong>ab</strong></span> <span class='ocrx_word' id='word_1_154' title='bbox 2794 985 3124 1057; x_wconf 87' lang='lat' dir='ltr'><strong>apostolica</strong></span> <span class='ocrx_word' id='word_1_155' title='bbox 3153 986 3316 1049; x_wconf 87' lang='lat' dir='ltr'><strong>sede,</strong></span> <span class='ocrx_word' id='word_1_156' title='bbox 3353 984 3448 1042; x_wconf 89' lang='lat' dir='ltr'><strong>vel</strong></span> <span class='ocrx_word' id='word_1_157' title='bbox 3493 985 3616 1058; x_wconf 89' lang='lat' dir='ltr'><strong>epi-</strong></span> 
     </span>
     <span class='ocr_line' id='line_1_26' title="bbox 1960 1073 3616 1147; baseline 0.002 -20"><span class='ocrx_word' id='word_1_158' title='bbox 1960 1087 2144 1143; x_wconf 91' lang='lat' dir='ltr'><strong>scopo</strong></span> <span class='ocrx_word' id='word_1_159' title='bbox 2174 1073 2288 1130; x_wconf 90' lang='lat' dir='ltr'><strong>loci</strong></span> <span class='ocrx_word' id='word_1_160' title='bbox 2320 1081 2687 1147; x_wconf 76' lang='lat' dir='ltr'><strong>susceptam,</strong></span> <span class='ocrx_word' id='word_1_161' title='bbox 2733 1073 2970 1147; x_wconf 85' lang='lat' dir='ltr'><strong>publice</strong></span> <span class='ocrx_word' id='word_1_162' title='bbox 3009 1075 3105 1130; x_wconf 90' lang='lat' dir='ltr'><strong>vel</strong></span> <span class='ocrx_word' id='word_1_163' title='bbox 3134 1075 3410 1146; x_wconf 89' lang='lat' dir='ltr'><strong>privatim</strong></span> <span class='ocrx_word' id='word_1_164' title='bbox 3457 1089 3616 1147; x_wconf 78' lang='lat' dir='ltr'><strong>proe-</strong></span> 
     </span>
     <span class='ocr_line' id='line_1_27' title="bbox 1960 1161 3613 1236; baseline 0.002 -20"><span class='ocrx_word' id='word_1_165' title='bbox 1960 1161 2161 1217; x_wconf 91' lang='lat' dir='ltr'><strong>dicare</strong></span> <span class='ocrx_word' id='word_1_166' title='bbox 2192 1166 2683 1236; x_wconf 81' lang='lat' dir='ltr'><strong>praesumpserint</strong></span> <span class='ocrx_word' id='word_1_167' title='bbox 2715 1180 2731 1232; x_wconf 93' lang='lat'>;</span> <span class='ocrx_word' id='word_1_168' title='bbox 2760 1168 2818 1219; x_wconf 90' lang='lat' dir='ltr'><strong>et</strong></span> <span class='ocrx_word' id='word_1_169' title='bbox 2844 1165 3171 1229; x_wconf 89' lang='lat' dir='ltr'><strong>universos,</strong></span> <span class='ocrx_word' id='word_1_170' title='bbox 3191 1163 3295 1236; x_wconf 91' lang='lat' dir='ltr'><strong>qui</strong></span> <span class='ocrx_word' id='word_1_171' title='bbox 3324 1163 3400 1219; x_wconf 92' lang='lat' dir='ltr'><strong>de</strong></span> <span class='ocrx_word' id='word_1_172' title='bbox 3417 1179 3613 1220; x_wconf 88' lang='lat' dir='ltr'><strong>sacra·</strong></span> 
     </span>
     <span class='ocr_line' id='line_1_28' title="bbox 1961 1253 3611 1324; baseline 0.003 -19"><span class='ocrx_word' id='word_1_173' title='bbox 1961 1256 2163 1307; x_wconf 89' lang='lat' dir='ltr'><strong>mento</strong></span> <span class='ocrx_word' id='word_1_174' title='bbox 2202 1253 2470 1324; x_wconf 89' lang='lat' dir='ltr'><strong>corporis</strong></span> <span class='ocrx_word' id='word_1_175' title='bbox 2515 1258 2573 1309; x_wconf 89' lang='lat' dir='ltr'><strong>et</strong></span> <span class='ocrx_word' id='word_1_176' title='bbox 2601 1253 2916 1323; x_wconf 78' lang='lat' dir='ltr'><strong>sanguinis</strong></span> <span class='ocrx_word' id='word_1_177' title='bbox 2960 1253 3192 1309; x_wconf 90' lang='lat' dir='ltr'><strong>Domini</strong></span> <span class='ocrx_word' id='word_1_178' title='bbox 3243 1253 3429 1309; x_wconf 87' lang='lat' dir='ltr'><strong>nostri</strong></span> <span class='ocrx_word' id='word_1_179' title='bbox 3470 1255 3611 1310; x_wconf 85' lang='lat' dir='ltr'><strong>Jesu</strong></span> 
     </span>
     <span class='ocr_line' id='line_1_29' title="bbox 1962 1340 3615 1415; baseline 0 -19"><span class='ocrx_word' id='word_1_180' title='bbox 1962 1340 2193 1406; x_wconf 82' lang='lat' dir='ltr'><strong>Christi,</strong></span> <span class='ocrx_word' id='word_1_181' title='bbox 2222 1341 2315 1396; x_wconf 86' lang='lat' dir='ltr'><strong>vel</strong></span> <span class='ocrx_word' id='word_1_182' title='bbox 2336 1341 2410 1396; x_wconf 91' lang='lat' dir='ltr'><strong>de</strong></span> <span class='ocrx_word' id='word_1_183' title='bbox 2447 1342 2829 1415; x_wconf 88' lang='lat' dir='ltr'><strong>baptismate,</strong></span> <span class='ocrx_word' id='word_1_184' title='bbox 2857 1358 2962 1398; x_wconf 90' lang='lat' dir='ltr'><strong>seu</strong></span> <span class='ocrx_word' id='word_1_185' title='bbox 2994 1346 3379 1413; x_wconf 88' lang='lat' dir='ltr'><strong>peccatorum</strong></span> <span class='ocrx_word' id='word_1_186' title='bbox 3408 1341 3615 1398; x_wconf 88' lang='lat' dir='ltr'><strong>remis-</strong></span> 
     </span>
     <span class='ocr_line' id='line_1_30' title="bbox 1959 1429 3612 1501; baseline 0.001 -17"><span class='ocrx_word' id='word_1_187' title='bbox 1959 1429 2150 1495; x_wconf 88' lang='lat' dir='ltr'><strong>sione,</strong></span> <span class='ocrx_word' id='word_1_188' title='bbox 2183 1435 2286 1487; x_wconf 91' lang='lat' dir='ltr'><strong>aut</strong></span> <span class='ocrx_word' id='word_1_189' title='bbox 2338 1431 2414 1486; x_wconf 92' lang='lat' dir='ltr'><strong>de</strong></span> <span class='ocrx_word' id='word_1_190' title='bbox 2460 1431 2863 1497; x_wconf 89' lang='lat' dir='ltr'><strong>matrimonio,</strong></span> <span class='ocrx_word' id='word_1_191' title='bbox 2900 1430 2985 1487; x_wconf 86' lang='lat' dir='ltr'><strong>vel</strong></span> <span class='ocrx_word' id='word_1_192' title='bbox 3015 1431 3089 1485; x_wconf 92' lang='lat' dir='ltr'><strong>de</strong></span> <span class='ocrx_word' id='word_1_193' title='bbox 3132 1430 3376 1501; x_wconf 90' lang='lat' dir='ltr'><strong>reliquis</strong></span> <span class='ocrx_word' id='word_1_194' title='bbox 3428 1429 3612 1486; x_wconf 90' lang='lat' dir='ltr'><strong>eccle·</strong></span> 
     </span>
     <span class='ocr_line' id='line_1_31' title="bbox 1958 1517 3611 1586; baseline 0.002 -15"><span class='ocrx_word' id='word_1_195' title='bbox 1958 1517 2211 1575; x_wconf 85' lang='lat' dir='ltr'><strong>siasticis</strong></span> <span class='ocrx_word' id='word_1_196' title='bbox 2242 1521 2659 1586; x_wconf 87' lang='lat' dir='ltr'><strong>sacramentis,</strong></span> <span class='ocrx_word' id='word_1_197' title='bbox 2680 1520 2847 1576; x_wconf 89' lang='lat' dir='ltr'><strong>aliter</strong></span> <span class='ocrx_word' id='word_1_198' title='bbox 2878 1519 3093 1575; x_wconf 89' lang='lat' dir='ltr'><strong>sentire</strong></span> <span class='ocrx_word' id='word_1_199' title='bbox 3123 1525 3227 1574; x_wconf 92' lang='lat' dir='ltr'><strong>aut</strong></span> <span class='ocrx_word' id='word_1_200' title='bbox 3251 1518 3468 1575; x_wconf 89' lang='lat' dir='ltr'><strong>docere</strong></span> <span class='ocrx_word' id='word_1_201' title='bbox 3488 1533 3611 1575; x_wconf 90' lang='lat' dir='ltr'><strong>non</strong></span> 
     </span>
     <span class='ocr_line' id='line_1_32' title="bbox 1956 1608 3615 1680; baseline 0 -17"><span class='ocrx_word' id='word_1_202' title='bbox 1956 1611 2230 1663; x_wconf 88' lang='lat' dir='ltr'><strong>metuunt</strong></span> <span class='ocrx_word' id='word_1_203' title='bbox 2254 1623 2442 1680; x_wconf 87' lang='lat' dir='ltr'><strong>quam</strong></span> <span class='ocrx_word' id='word_1_204' title='bbox 2471 1614 2855 1666; x_wconf 86' lang='lat' dir='ltr'><strong>sacrosancta</strong></span> <span class='ocrx_word' id='word_1_205' title='bbox 2884 1610 3155 1665; x_wconf 82' lang='lat' dir='ltr'><strong>Romana</strong></span> <span class='ocrx_word' id='word_1_206' title='bbox 3178 1608 3435 1664; x_wconf 83' lang='lat' dir='ltr'><strong>Ecclesia</strong></span> <span class='ocrx_word' id='word_1_207' title='bbox 3464 1623 3615 1680; x_wconf 64' lang='lat' dir='ltr'><strong>prai-</strong></span> 
     </span>
    </p>
   </div>
   <div class='ocr_carea' id='block_1_7' title="bbox 194 1693 3609 1770">
    <p class='ocr_par' dir='ltr' id='par_1_7' title="bbox 194 1693 3609 1770">
     <span class='ocr_line' id='line_1_33' title="bbox 194 1693 3609 1770; baseline 0.001 -22"><span class='ocrx_word' id='word_1_208' title='bbox 194 1693 482 1749; x_wconf 87' lang='lat' dir='ltr'><strong>mandato</strong></span> <span class='ocrx_word' id='word_1_209' title='bbox 513 1698 717 1750; x_wconf 91' lang='lat' dir='ltr'><strong>nostro</strong></span> <span class='ocrx_word' id='word_1_210' title='bbox 744 1696 1025 1767; x_wconf 88' lang='lat' dir='ltr'><strong>superhis</strong></span> <span class='ocrx_word' id='word_1_211' title='bbox 1057 1694 1844 1767; x_wconf 84' lang='lat' dir='ltr'><strong>parerenoluerint,sublato</strong></span> <span class='ocrx_word' id='word_1_212' title='bbox 1871 1712 1918 1769; x_wconf 76' lang='grc' dir='ltr'>Β</span> <span class='ocrx_word' id='word_1_213' title='bbox 1955 1694 2113 1750; x_wconf 89' lang='lat' dir='ltr'><strong>dicat</strong></span> <span class='ocrx_word' id='word_1_214' title='bbox 2144 1702 2200 1752; x_wconf 91' lang='lat' dir='ltr'><strong>et</strong></span> <span class='ocrx_word' id='word_1_215' title='bbox 2223 1697 2966 1766; x_wconf 85' lang='lat' dir='ltr'><strong>observat,etgeneraliter</strong></span> <span class='ocrx_word' id='word_1_216' title='bbox 2980 1712 3375 1770; x_wconf 90' lang='lat' dir='ltr'><strong>quoscunque</strong></span> <span class='ocrx_word' id='word_1_217' title='bbox 3395 1696 3609 1754; x_wconf 89' lang='lat' dir='ltr'><strong>eadem</strong></span> 
     </span>
    </p>
   </div>
   <div class='ocr_carea' id='block_1_8' title="bbox 164 1781 1846 5504">
    <p class='ocr_par' dir='ltr' id='par_1_8' title="bbox 187 1781 1846 3102">
     <span class='ocr_line' id='line_1_34' title="bbox 194 1781 1842 1858; baseline 0.001 -20"><span class='ocrx_word' id='word_1_218' title='bbox 194 1781 615 1855; x_wconf 87' lang='lat' dir='ltr'><strong>appellationis</strong></span> <span class='ocrx_word' id='word_1_219' title='bbox 677 1784 1007 1849; x_wconf 88' lang='lat' dir='ltr'><strong>obstaculo,</strong></span> <span class='ocrx_word' id='word_1_220' title='bbox 1059 1801 1165 1858; x_wconf 88' lang='lat' dir='ltr'><strong>per</strong></span> <span class='ocrx_word' id='word_1_221' title='bbox 1206 1785 1842 1842; x_wconf 75' lang='lat' dir='ltr'><strong>excommunicationis</strong></span> 
     </span>
     <span class='ocr_line' id='line_1_35' title="bbox 195 1872 1845 1946; baseline 0.001 -20"><span class='ocrx_word' id='word_1_222' title='bbox 195 1872 552 1928; x_wconf 89' lang='lat' dir='ltr'><strong>sententiam</strong></span> <span class='ocrx_word' id='word_1_223' title='bbox 582 1887 687 1930; x_wconf 87' lang='lat' dir='ltr'><strong>eos</strong></span> <span class='ocrx_word' id='word_1_224' title='bbox 739 1878 1031 1946; x_wconf 82' lang='lat' dir='ltr'><strong>tanquam</strong></span> <span class='ocrx_word' id='word_1_225' title='bbox 1080 1877 1468 1930; x_wconf 89' lang='lat' dir='ltr'><strong>contumaces</strong></span> <span class='ocrx_word' id='word_1_226' title='bbox 1514 1872 1845 1930; x_wconf 88' lang='lat' dir='ltr'><strong>districtius</strong></span> 
     </span>
     <span class='ocr_line' id='line_1_36' title="bbox 197 1960 1846 2032; baseline 0 -17"><span class='ocrx_word' id='word_1_227' title='bbox 197 1960 589 2032; x_wconf 88' lang='lat' dir='ltr'><strong>compellatis.</strong></span> <span class='ocrx_word' id='word_1_228' title='bbox 617 1962 673 2018; x_wconf 92' lang='lat' dir='ltr'><strong>Si</strong></span> <span class='ocrx_word' id='word_1_229' title='bbox 694 1977 836 2020; x_wconf 88' lang='lat' dir='ltr'><strong>vero</strong></span> <span class='ocrx_word' id='word_1_230' title='bbox 858 1963 1014 2019; x_wconf 90' lang='lat' dir='ltr'><strong>inter</strong></span> <span class='ocrx_word' id='word_1_231' title='bbox 1040 1979 1104 2019; x_wconf 92' lang='lat' dir='ltr'><strong>se</strong></span> <span class='ocrx_word' id='word_1_232' title='bbox 1133 1962 1388 2018; x_wconf 89' lang='lat' dir='ltr'><strong>invicem</strong></span> <span class='ocrx_word' id='word_1_233' title='bbox 1420 1961 1495 2019; x_wconf 93' lang='lat' dir='ltr'><strong>de</strong></span> <span class='ocrx_word' id='word_1_234' title='bbox 1520 1961 1763 2018; x_wconf 83' lang='lat' dir='ltr'><strong>damnis</strong></span> <span class='ocrx_word' id='word_1_235' title='bbox 1787 1964 1846 2016; x_wconf 91' lang='lat' dir='ltr'><strong>et</strong></span> 
     </span>
     <span class='ocr_line' id='line_1_37' title="bbox 194 2049 1842 2123; baseline 0.002 -20"><span class='ocrx_word' id='word_1_236' title='bbox 194 2049 428 2122; x_wconf 90' lang='lat' dir='ltr'><strong>injuriis</strong></span> <span class='ocrx_word' id='word_1_237' title='bbox 458 2050 736 2122; x_wconf 88' lang='lat' dir='ltr'><strong>irrogatis</strong></span> <span class='ocrx_word' id='word_1_238' title='bbox 754 2052 894 2109; x_wconf 93' lang='lat' dir='ltr'><strong>hinc</strong></span> <span class='ocrx_word' id='word_1_239' title='bbox 914 2051 1052 2108; x_wconf 90' lang='lat' dir='ltr'><strong>inde</strong></span> <span class='ocrx_word' id='word_1_240' title='bbox 1068 2051 1345 2108; x_wconf 87' lang='lat' dir='ltr'><strong>duxerint</strong></span> <span class='ocrx_word' id='word_1_241' title='bbox 1361 2050 1842 2123; x_wconf 88' lang='lat' dir='ltr'><strong>disceptandum,</strong></span> 
     </span>
     <span class='ocr_line' id='line_1_38' title="bbox 195 2138 1846 2212; baseline 0.001 -19"><span class='ocrx_word' id='word_1_242' title='bbox 195 2151 444 2194; x_wconf 89' lang='lat' dir='ltr'><strong>causam</strong></span> <span class='ocrx_word' id='word_1_243' title='bbox 509 2138 703 2211; x_wconf 85' lang='lat' dir='ltr'><strong>ipsam</strong></span> <span class='ocrx_word' id='word_1_244' title='bbox 741 2141 1087 2197; x_wconf 87' lang='lat' dir='ltr'><strong>convocatis</strong></span> <span class='ocrx_word' id='word_1_245' title='bbox 1144 2139 1417 2212; x_wconf 86' lang='lat' dir='ltr'><strong>partibus</strong></span> <span class='ocrx_word' id='word_1_246' title='bbox 1465 2139 1746 2204; x_wconf 89' lang='lat' dir='ltr'><strong>audiatis,</strong></span> <span class='ocrx_word' id='word_1_247' title='bbox 1787 2142 1846 2194; x_wconf 91' lang='lat' dir='ltr'><strong>et</strong></span> 
     </span>
     <span class='ocr_line' id='line_1_39' title="bbox 194 2228 1843 2300; baseline 0.001 -18"><span class='ocrx_word' id='word_1_248' title='bbox 194 2242 352 2293; x_wconf 86' lang='lat' dir='ltr'><strong>eam,</strong></span> <span class='ocrx_word' id='word_1_249' title='bbox 384 2228 778 2300; x_wconf 84' lang='lat' dir='ltr'><strong>appellatione</strong></span> <span class='ocrx_word' id='word_1_250' title='bbox 807 2235 1058 2294; x_wconf 89' lang='lat' dir='ltr'><strong>remota,</strong></span> <span class='ocrx_word' id='word_1_251' title='bbox 1090 2230 1209 2285; x_wconf 87' lang='lat' dir='ltr'><strong>fine</strong></span> <span class='ocrx_word' id='word_1_252' title='bbox 1237 2229 1530 2285; x_wconf 89' lang='lat' dir='ltr'><strong>canonico</strong></span> <span class='ocrx_word' id='word_1_253' title='bbox 1567 2228 1843 2283; x_wconf 90' lang='lat' dir='ltr'><strong>termine-</strong></span> 
     </span>
     <span class='ocr_line' id='line_1_40' title="bbox 195 2315 1846 2390; baseline 0 -18"><span class='ocrx_word' id='word_1_254' title='bbox 195 2315 291 2373; x_wconf 81' lang='lat' dir='ltr'><strong>tis,</strong></span> <span class='ocrx_word' id='word_1_255' title='bbox 318 2317 490 2382; x_wconf 90' lang='lat' dir='ltr'><strong>Quod</strong></span> <span class='ocrx_word' id='word_1_256' title='bbox 522 2318 570 2372; x_wconf 91' lang='lat' dir='ltr'><strong>si</strong></span> <span class='ocrx_word' id='word_1_257' title='bbox 601 2318 660 2373; x_wconf 93' lang='lat' dir='ltr'><strong>in</strong></span> <span class='ocrx_word' id='word_1_258' title='bbox 691 2317 1063 2374; x_wconf 88' lang='lat' dir='ltr'><strong>absolutione</strong></span> <span class='ocrx_word' id='word_1_259' title='bbox 1089 2333 1274 2390; x_wconf 87' lang='lat' dir='ltr'><strong>quam</strong></span> <span class='ocrx_word' id='word_1_260' title='bbox 1301 2318 1562 2373; x_wconf 86' lang='lat' dir='ltr'><strong>diximus</strong></span> <span class='ocrx_word' id='word_1_261' title='bbox 1593 2321 1649 2373; x_wconf 90' lang='lat' dir='ltr'><strong>et</strong></span> <span class='ocrx_word' id='word_1_262' title='bbox 1671 2316 1846 2373; x_wconf 90' lang='lat' dir='ltr'><strong>abso-</strong></span> 
     </span>
     <span class='ocr_line' id='line_1_41' title="bbox 191 2403 1845 2479; baseline 0.001 -19"><span class='ocrx_word' id='word_1_263' title='bbox 191 2403 435 2461; x_wconf 90' lang='lat' dir='ltr'><strong>lutionis</strong></span> <span class='ocrx_word' id='word_1_264' title='bbox 452 2406 906 2464; x_wconf 84' lang='lat' dir='ltr'><strong>denuntiatione</strong></span> <span class='ocrx_word' id='word_1_265' title='bbox 940 2407 1212 2464; x_wconf 88' lang='lat' dir='ltr'><strong>facienda</strong></span> <span class='ocrx_word' id='word_1_266' title='bbox 1243 2407 1428 2463; x_wconf 89' lang='lat' dir='ltr'><strong>ambo</strong></span> <span class='ocrx_word' id='word_1_267' title='bbox 1461 2406 1845 2479; x_wconf 85' lang='lat' dir='ltr'><strong>nequiveritis</strong></span> 
     </span>
     <span class='ocr_line' id='line_1_42' title="bbox 191 2493 1837 2569; baseline 0.002 -21"><span class='ocrx_word' id='word_1_268' title='bbox 191 2493 500 2562; x_wconf 89' lang='lat' dir='ltr'><strong>interesse,</strong></span> <span class='ocrx_word' id='word_1_269' title='bbox 549 2496 698 2553; x_wconf 87' lang='lat' dir='ltr'><strong>alter</strong></span> <span class='ocrx_word' id='word_1_270' title='bbox 726 2501 986 2553; x_wconf 85' lang='lat' dir='ltr'><strong>vestrum</strong></span> <span class='ocrx_word' id='word_1_271' title='bbox 1017 2502 1074 2553; x_wconf 93' lang='lat' dir='ltr'><strong>et</strong></span> <span class='ocrx_word' id='word_1_272' title='bbox 1114 2496 1358 2552; x_wconf 89' lang='lat' dir='ltr'><strong>nuntius</strong></span> <span class='ocrx_word' id='word_1_273' title='bbox 1397 2495 1837 2569; x_wconf 29' lang='lat' dir='ltr'><strong>absentislcum</strong></span> 
     </span>
     <span class='ocr_line' id='line_1_43' title="bbox 193 2581 1843 2659; baseline 0.002 -22"><span class='ocrx_word' id='word_1_274' title='bbox 193 2581 402 2638; x_wconf 88' lang='lat' dir='ltr'><strong>litteris</strong></span> <span class='ocrx_word' id='word_1_275' title='bbox 447 2584 738 2656; x_wconf 75' lang='lat' dir='ltr'><strong>eJusdem‚</strong></span> <span class='ocrx_word' id='word_1_276' title='bbox 774 2586 1176 2659; x_wconf 89' lang='lat' dir='ltr'><strong>appellatione</strong></span> <span class='ocrx_word' id='word_1_277' title='bbox 1215 2591 1465 2651; x_wconf 89' lang='lat' dir='ltr'><strong>remota,</strong></span> <span class='ocrx_word' id='word_1_278' title='bbox 1499 2600 1572 2641; x_wconf 89' lang='lat' dir='ltr'><strong>ea</strong></span> <span class='ocrx_word' id='word_1_279' title='bbox 1626 2583 1843 2641; x_wconf 91' lang='lat' dir='ltr'><strong>nihilo-</strong></span> 
     </span>
     <span class='ocr_line' id='line_1_44' title="bbox 193 2672 1844 2747; baseline 0.002 -22"><span class='ocrx_word' id='word_1_280' title='bbox 193 2672 392 2727; x_wconf 89' lang='lat' dir='ltr'><strong>minus</strong></span> <span class='ocrx_word' id='word_1_281' title='bbox 417 2682 839 2747; x_wconf 90' lang='lat' dir='ltr'><strong>exsequantur.</strong></span> <span class='ocrx_word' id='word_1_282' title='bbox 886 2680 944 2731; x_wconf 89' lang='lat' dir='ltr'><strong>ln</strong></span> <span class='ocrx_word' id='word_1_283' title='bbox 977 2674 1111 2730; x_wconf 89' lang='lat' dir='ltr'><strong>aliis</strong></span> <span class='ocrx_word' id='word_1_284' title='bbox 1167 2691 1303 2730; x_wconf 86' lang='lat' dir='ltr'><strong>vero</strong></span> <span class='ocrx_word' id='word_1_285' title='bbox 1353 2673 1614 2730; x_wconf 86' lang='lat' dir='ltr'><strong>articulis</strong></span> <span class='ocrx_word' id='word_1_286' title='bbox 1664 2672 1844 2729; x_wconf 90' lang='lat' dir='ltr'><strong>frater</strong></span> 
     </span>
     <span class='ocr_line' id='line_1_45' title="bbox 191 2758 1838 2834; baseline 0.002 -20"><span class='ocrx_word' id='word_1_287' title='bbox 191 2758 679 2834; x_wconf 85' lang='lat' dir='ltr'><strong>archiepiscopus</strong></span> <span class='ocrx_word' id='word_1_288' title='bbox 700 2762 931 2834; x_wconf 87' lang='lat' dir='ltr'><strong>collega</strong></span> <span class='ocrx_word' id='word_1_289' title='bbox 948 2769 1083 2819; x_wconf 89' lang='lat' dir='ltr'><strong>tuus</strong></span> <span class='ocrx_word' id='word_1_290' title='bbox 1108 2763 1234 2820; x_wconf 82' lang='lat' dir='ltr'><strong>sine</strong></span> <span class='ocrx_word' id='word_1_291' title='bbox 1259 2767 1356 2819; x_wconf 89' lang='lat' dir='ltr'><strong>tua</strong></span> <span class='ocrx_word' id='word_1_292' title='bbox 1384 2762 1693 2834; x_wconf 73' lang='lat' dir='ltr'><strong>praesentia</strong></span> <span class='ocrx_word' id='word_1_293' title='bbox 1719 2777 1838 2818; x_wconf 92' lang='lat' dir='ltr'><strong>non</strong></span> 
     </span>
     <span class='ocr_line' id='line_1_46' title="bbox 190 2849 1840 2923; baseline 0.002 -20"><span class='ocrx_word' id='word_1_294' title='bbox 190 2849 494 2918; x_wconf 82' lang='lat' dir='ltr'><strong>procedat,</strong></span> <span class='ocrx_word' id='word_1_295' title='bbox 527 2851 706 2907; x_wconf 91' lang='lat' dir='ltr'><strong>nullis</strong></span> <span class='ocrx_word' id='word_1_296' title='bbox 727 2851 1107 2908; x_wconf 86' lang='lat' dir='ltr'><strong>obstantibus</strong></span> <span class='ocrx_word' id='word_1_297' title='bbox 1134 2851 1357 2918; x_wconf 91' lang='lat' dir='ltr'><strong>litteris,</strong></span> <span class='ocrx_word' id='word_1_298' title='bbox 1390 2851 1440 2907; x_wconf 91' lang='lat' dir='ltr'><strong>si</strong></span> <span class='ocrx_word' id='word_1_299' title='bbox 1463 2866 1600 2923; x_wconf 78' lang='lat' dir='ltr'><strong>quoe</strong></span> <span class='ocrx_word' id='word_1_300' title='bbox 1622 2849 1840 2906; x_wconf 87' lang='lat' dir='ltr'><strong>fuerint</strong></span> 
     </span>
     <span class='ocr_line' id='line_1_47' title="bbox 188 2936 1839 3013; baseline 0.002 -22"><span class='ocrx_word' id='word_1_301' title='bbox 188 2936 317 2993; x_wconf 89' lang='lat' dir='ltr'><strong>sine</strong></span> <span class='ocrx_word' id='word_1_302' title='bbox 333 2954 583 2995; x_wconf 85' lang='lat' dir='ltr'><strong>assensu</strong></span> <span class='ocrx_word' id='word_1_303' title='bbox 601 2941 855 3013; x_wconf 88' lang='lat' dir='ltr'><strong>partium</strong></span> <span class='ocrx_word' id='word_1_304' title='bbox 875 2946 1085 2997; x_wconf 88' lang='lat' dir='ltr'><strong>contra</strong></span> <span class='ocrx_word' id='word_1_305' title='bbox 1107 2941 1326 2998; x_wconf 81' lang='lat' dir='ltr'><strong>haruin</strong></span> <span class='ocrx_word' id='word_1_306' title='bbox 1353 2946 1616 2997; x_wconf 90' lang='lat' dir='ltr'><strong>tenorem</strong></span> <span class='ocrx_word' id='word_1_307' title='bbox 1639 2956 1673 2996; x_wconf 89' lang='lat' dir='ltr'><strong>a</strong></span> <span class='ocrx_word' id='word_1_308' title='bbox 1698 2938 1839 2995; x_wconf 84' lang='lat' dir='ltr'><strong>sede</strong></span> 
     </span>
     <span class='ocr_line' id='line_1_48' title="bbox 187 3027 910 3102; baseline 0.008 -22"><span class='ocrx_word' id='word_1_309' title='bbox 187 3027 520 3097; x_wconf 88' lang='lat' dir='ltr'><strong>apostolica</strong></span> <span class='ocrx_word' id='word_1_310' title='bbox 558 3030 910 3102; x_wconf 56' lang='lat' dir='ltr'><strong>impetratas.</strong></span> 
     </span>
    </p>

    <p class='ocr_par' dir='ltr' id='par_1_9' title="bbox 267 3118 1208 3185">
     <span class='ocr_line' id='line_1_49' title="bbox 267 3118 1208 3185; baseline 0.006 -14"><span class='ocrx_word' id='word_1_311' title='bbox 267 3119 479 3172; x_wconf 85' lang='lat' dir='ltr'><strong>Datum</strong></span> <span class='ocrx_word' id='word_1_312' title='bbox 507 3119 773 3185; x_wconf 80' lang='lat' dir='ltr'><strong>Veronae,</strong></span> <span class='ocrx_word' id='word_1_313' title='bbox 818 3135 873 3175; x_wconf 87' lang='grc' dir='ltr'><strong>ιιι</strong></span> <span class='ocrx_word' id='word_1_314' title='bbox 901 3118 1028 3176; x_wconf 88' lang='lat' dir='ltr'><strong>Kal.</strong></span> <span class='ocrx_word' id='word_1_315' title='bbox 1060 3121 1208 3177; x_wconf 86' lang='lat' dir='ltr'><strong>Nov.</strong></span> 
     </span>
    </p>

    <p class='ocr_par' dir='ltr' id='par_1_10' title="bbox 534 3207 1478 3546">
     <span class='ocr_line' id='line_1_50' title="bbox 901 3207 1115 3264; baseline -0.009 -1"><span class='ocrx_word' id='word_1_316' title='bbox 901 3207 1115 3264; x_wconf 82' lang='lat' dir='ltr'><strong>CLXXI.</strong></span> 
     </span>
     <span class='ocr_line' id='line_1_51' title="bbox 534 3294 1478 3354; baseline 0 -3"><span class='ocrx_word' id='word_1_317' title='bbox 534 3298 848 3354; x_wconf 78' lang='lat' dir='ltr'><strong>Decretum</strong></span> <span class='ocrx_word' id='word_1_318' title='bbox 893 3302 1103 3353; x_wconf 84' lang='lat' dir='ltr'><strong>contra</strong></span> <span class='ocrx_word' id='word_1_319' title='bbox 1152 3294 1478 3353; x_wconf 69' lang='lat' dir='ltr'><strong>Iiaereticos.</strong></span> 
     </span>
     <span class='ocr_line' id='line_1_52' title="bbox 718 3383 1306 3457; baseline -0.002 -16"><span class='ocrx_word' id='word_1_320' title='bbox 718 3385 989 3457; x_wconf 78' lang='lat' dir='ltr'><strong>(Veronoe</strong></span> <span class='ocrx_word' id='word_1_321' title='bbox 1016 3386 1045 3442; x_wconf 75' lang='lat' dir='ltr'><strong>‘t</strong></span> <span class='ocrx_word' id='word_1_322' title='bbox 1074 3387 1221 3441; x_wconf 87' lang='lat' dir='ltr'><strong>Nov.</strong></span> <span class='ocrx_word' id='word_1_323' title='bbox 1254 3383 1306 3457; x_wconf 77' lang='lat'><strong>‘?)</strong></span> 
     </span>
     <span class='ocr_line' id='line_1_53' title="bbox 579 3471 1446 3546; baseline -0.002 -16"><span class='ocrx_word' id='word_1_324' title='bbox 579 3475 800 3546; x_wconf 59' lang='lat' dir='ltr'><strong>[Mtusn</strong></span> <span class='ocrx_word' id='word_1_325' title='bbox 834 3473 1080 3539; x_wconf 66' lang='lat' dir='ltr'><strong>Cone-il„</strong></span> <span class='ocrx_word' id='word_1_326' title='bbox 1112 3473 1265 3539; x_wconf 84' lang='lat' dir='ltr'><strong>XXll,</strong></span> <span class='ocrx_word' id='word_1_327' title='bbox 1292 3471 1446 3546; x_wconf 56' lang='lat'><strong>4764</strong></span> 
     </span>
    </p>

    <p class='ocr_par' dir='ltr' id='par_1_11' title="bbox 164 3561 1837 5417">
     <span class='ocr_line' id='line_1_54' title="bbox 257 3561 1833 3633; baseline -0.003 -11"><span class='ocrx_word' id='word_1_328' title='bbox 257 3565 342 3622; x_wconf 73' lang='lat' dir='ltr'><strong>Ad</strong></span> <span class='ocrx_word' id='word_1_329' title='bbox 371 3563 734 3621; x_wconf 89' lang='lat' dir='ltr'><strong>abolendam</strong></span> <span class='ocrx_word' id='word_1_330' title='bbox 749 3563 1125 3619; x_wconf 86' lang='lat' dir='ltr'><strong>diversarum</strong></span> <span class='ocrx_word' id='word_1_331' title='bbox 1141 3563 1439 3619; x_wconf 79' lang='lat' dir='ltr'><strong>haeresum</strong></span> <span class='ocrx_word' id='word_1_332' title='bbox 1457 3561 1833 3633; x_wconf 84' lang='lat' dir='ltr'><strong>pravitatem,</strong></span> 
     </span>
     <span class='ocr_line' id='line_1_55' title="bbox 182 3649 1835 3730; baseline -0.002 -18"><span class='ocrx_word' id='word_1_333' title='bbox 182 3672 318 3730; x_wconf 81' lang='lat' dir='ltr'><strong>quae</strong></span> <span class='ocrx_word' id='word_1_334' title='bbox 342 3656 400 3710; x_wconf 89' lang='lat' dir='ltr'><strong>in</strong></span> <span class='ocrx_word' id='word_1_335' title='bbox 430 3653 731 3726; x_wconf 86' lang='lat' dir='ltr'><strong>plerisque</strong></span> <span class='ocrx_word' id='word_1_336' title='bbox 765 3652 974 3707; x_wconf 90' lang='lat' dir='ltr'><strong>mundi</strong></span> <span class='ocrx_word' id='word_1_337' title='bbox 994 3651 1289 3723; x_wconf 89' lang='lat' dir='ltr'><strong>partibus,</strong></span> <span class='ocrx_word' id='word_1_338' title='bbox 1314 3649 1620 3707; x_wconf 87' lang='lat' dir='ltr'><strong>modernis</strong></span> <span class='ocrx_word' id='word_1_339' title='bbox 1659 3651 1835 3723; x_wconf 86' lang='lat' dir='ltr'><strong>coepit</strong></span> 
     </span>
     <span class='ocr_line' id='line_1_56' title="bbox 182 3739 1836 3817; baseline -0.004 -16"><span class='ocrx_word' id='word_1_340' title='bbox 182 3744 543 3817; x_wconf 89' lang='lat' dir='ltr'><strong>temporibus</strong></span> <span class='ocrx_word' id='word_1_341' title='bbox 557 3740 927 3814; x_wconf 90' lang='lat' dir='ltr'><strong>pullulare,vi</strong></span> <span class='ocrx_word' id='word_1_342' title='bbox 934 3755 1042 3811; x_wconf 93' lang='lat' dir='ltr'><strong>gor</strong></span> <span class='ocrx_word' id='word_1_343' title='bbox 1051 3739 1230 3796; x_wconf 90' lang='lat' dir='ltr'><strong>debet</strong></span> <span class='ocrx_word' id='word_1_344' title='bbox 1242 3739 1669 3796; x_wconf 88' lang='lat' dir='ltr'><strong>ecclesiasticus</strong></span> <span class='ocrx_word' id='word_1_345' title='bbox 1683 3739 1836 3796; x_wconf 86' lang='lat' dir='ltr'><strong>exci-</strong></span> 
     </span>
     <span class='ocr_line' id='line_1_57' title="bbox 184 3828 1837 3901; baseline -0.004 -10"><span class='ocrx_word' id='word_1_346' title='bbox 184 3833 292 3891; x_wconf 89' lang='lat' dir='ltr'><strong>tari</strong></span> <span class='ocrx_word' id='word_1_347' title='bbox 321 3849 335 3887; x_wconf 91' lang='lat'>:</span> <span class='ocrx_word' id='word_1_348' title='bbox 368 3849 508 3889; x_wconf 92' lang='lat' dir='ltr'><strong>cum</strong></span> <span class='ocrx_word' id='word_1_349' title='bbox 539 3831 848 3896; x_wconf 91' lang='lat' dir='ltr'><strong>nimirum,</strong></span> <span class='ocrx_word' id='word_1_350' title='bbox 875 3829 1206 3901; x_wconf 89' lang='lat' dir='ltr'><strong>imperialis</strong></span> <span class='ocrx_word' id='word_1_351' title='bbox 1233 3828 1596 3885; x_wconf 78' lang='lat' dir='ltr'><strong>fortitudinis</strong></span> <span class='ocrx_word' id='word_1_352' title='bbox 1625 3828 1837 3886; x_wconf 84' lang='lat' dir='ltr'><strong>suflra-</strong></span> 
     </span>
     <span class='ocr_line' id='line_1_58' title="bbox 181 3917 1833 3994; baseline -0.004 -15"><span class='ocrx_word' id='word_1_353' title='bbox 181 3927 359 3994; x_wconf 90' lang='lat' dir='ltr'><strong>gante</strong></span> <span class='ocrx_word' id='word_1_354' title='bbox 386 3920 670 3993; x_wconf 90' lang='lat' dir='ltr'><strong>potentia,</strong></span> <span class='ocrx_word' id='word_1_355' title='bbox 694 3925 751 3975; x_wconf 92' lang='lat' dir='ltr'><strong>et</strong></span> <span class='ocrx_word' id='word_1_356' title='bbox 775 3919 1191 3975; x_wconf 69' lang='lat' dir='ltr'><strong>haereticorum</strong></span> <span class='ocrx_word' id='word_1_357' title='bbox 1217 3918 1571 3990; x_wconf 85' lang='lat' dir='ltr'><strong>protervitas</strong></span> <span class='ocrx_word' id='word_1_358' title='bbox 1602 3917 1662 3973; x_wconf 89' lang='lat' dir='ltr'><strong>in</strong></span> <span class='ocrx_word' id='word_1_359' title='bbox 1688 3918 1833 3989; x_wconf 84' lang='lat' dir='ltr'><strong>ipsis</strong></span> 
     </span>
     <span class='ocr_line' id='line_1_59' title="bbox 180 4006 1832 4081; baseline -0.004 -13"><span class='ocrx_word' id='word_1_360' title='bbox 180 4010 457 4071; x_wconf 89' lang='lat' dir='ltr'><strong>falsitatis</strong></span> <span class='ocrx_word' id='word_1_361' title='bbox 486 4025 611 4065; x_wconf 82' lang='lat' dir='ltr'><strong>suoe</strong></span> <span class='ocrx_word' id='word_1_362' title='bbox 640 4008 959 4066; x_wconf 89' lang='lat' dir='ltr'><strong>conatibus</strong></span> <span class='ocrx_word' id='word_1_363' title='bbox 996 4006 1106 4081; x_wconf 87' lang='lat' dir='ltr'><strong>[al.</strong></span> <span class='ocrx_word' id='word_1_364' title='bbox 1139 4008 1198 4063; x_wconf 91' lang='lat' dir='ltr'><strong>in</strong></span> <span class='ocrx_word' id='word_1_365' title='bbox 1239 4007 1442 4079; x_wconf 87' lang='lat' dir='ltr'><strong>pravis</strong></span> <span class='ocrx_word' id='word_1_366' title='bbox 1473 4006 1832 4065; x_wconf 78' lang='lat' dir='ltr'><strong>falsitatibus</strong></span> 
     </span>
     <span class='ocr_line' id='line_1_60' title="bbox 181 4095 1832 4170; baseline -0.003 -14"><span class='ocrx_word' id='word_1_367' title='bbox 181 4100 302 4156; x_wconf 87' lang='lat' dir='ltr'><strong>sive</strong></span> <span class='ocrx_word' id='word_1_368' title='bbox 332 4097 670 4170; x_wconf 85' lang='lat' dir='ltr'><strong>conatibus]</strong></span> <span class='ocrx_word' id='word_1_369' title='bbox 703 4096 980 4164; x_wconf 89' lang='lat' dir='ltr'><strong>elidatur,</strong></span> <span class='ocrx_word' id='word_1_370' title='bbox 1004 4101 1061 4153; x_wconf 90' lang='lat' dir='ltr'><strong>et</strong></span> <span class='ocrx_word' id='word_1_371' title='bbox 1089 4095 1398 4153; x_wconf 72' lang='lat' dir='ltr'><strong>catholicin</strong></span> <span class='ocrx_word' id='word_1_372' title='bbox 1436 4095 1832 4168; x_wconf 88' lang='lat' dir='ltr'><strong>simplicitatis</strong></span> 
     </span>
     <span class='ocr_line' id='line_1_61' title="bbox 179 4185 1832 4257; baseline -0.004 -11"><span class='ocrx_word' id='word_1_373' title='bbox 179 4188 396 4246; x_wconf 88' lang='lat' dir='ltr'><strong>veritas</strong></span> <span class='ocrx_word' id='word_1_374' title='bbox 421 4189 482 4243; x_wconf 91' lang='lat' dir='ltr'><strong>in</strong></span> <span class='ocrx_word' id='word_1_375' title='bbox 506 4185 761 4243; x_wconf 87' lang='lat' dir='ltr'><strong>Ecclesia</strong></span> <span class='ocrx_word' id='word_1_376' title='bbox 785 4191 994 4243; x_wconf 89' lang='lat' dir='ltr'><strong>sancta</strong></span> <span class='ocrx_word' id='word_1_377' title='bbox 1022 4185 1437 4257; x_wconf 89' lang='lat' dir='ltr'><strong>resplendens,</strong></span> <span class='ocrx_word' id='word_1_378' title='bbox 1460 4200 1595 4241; x_wconf 86' lang='lat' dir='ltr'><strong>eam</strong></span> <span class='ocrx_word' id='word_1_379' title='bbox 1627 4186 1832 4257; x_wconf 89' lang='lat' dir='ltr'><strong>utique</strong></span> 
     </span>
     <span class='ocr_line' id='line_1_62' title="bbox 178 4272 1831 4343; baseline -0.002 -9"><span class='ocrx_word' id='word_1_380' title='bbox 178 4276 633 4334; x_wconf 89' lang='lat' dir='ltr'><strong>demonstretab</strong></span> <span class='ocrx_word' id='word_1_381' title='bbox 656 4275 821 4332; x_wconf 92' lang='lat' dir='ltr'><strong>omni</strong></span> <span class='ocrx_word' id='word_1_382' title='bbox 843 4274 1249 4332; x_wconf 81' lang='lat' dir='ltr'><strong>exsecratione</strong></span> <span class='ocrx_word' id='word_1_383' title='bbox 1264 4273 1553 4330; x_wconf 87' lang='lat' dir='ltr'><strong>falsorum</strong></span> <span class='ocrx_word' id='word_1_384' title='bbox 1577 4272 1831 4343; x_wconf 87' lang='lat' dir='ltr'><strong>dogma-</strong></span> 
     </span>
     <span class='ocr_line' id='line_1_63' title="bbox 177 4362 1829 4437; baseline -0.003 -14"><span class='ocrx_word' id='word_1_385' title='bbox 177 4371 308 4423; x_wconf 90' lang='lat' dir='ltr'><strong>tum</strong></span> <span class='ocrx_word' id='word_1_386' title='bbox 333 4366 651 4437; x_wconf 88' lang='lat' dir='ltr'><strong>expiatam.</strong></span> <span class='ocrx_word' id='word_1_387' title='bbox 683 4364 944 4435; x_wconf 89' lang='lat' dir='ltr'><strong>ldeoque</strong></span> <span class='ocrx_word' id='word_1_388' title='bbox 975 4379 1108 4430; x_wconf 92' lang='lat' dir='ltr'><strong>nos,</strong></span> <span class='ocrx_word' id='word_1_389' title='bbox 1141 4362 1476 4420; x_wconf 89' lang='lat' dir='ltr'><strong>charissimi</strong></span> <span class='ocrx_word' id='word_1_390' title='bbox 1509 4362 1614 4418; x_wconf 84' lang='lat' dir='ltr'><strong>tilii</strong></span> <span class='ocrx_word' id='word_1_391' title='bbox 1643 4362 1829 4418; x_wconf 83' lang='lat' dir='ltr'><strong>nostri</strong></span> 
     </span>
     <span class='ocr_line' id='line_1_64' title="bbox 179 4451 1831 4525; baseline -0.003 -13"><span class='ocrx_word' id='word_1_392' title='bbox 179 4454 454 4513; x_wconf 86' lang='lat' dir='ltr'><strong>Friderici</strong></span> <span class='ocrx_word' id='word_1_393' title='bbox 480 4453 725 4510; x_wconf 88' lang='lat' dir='ltr'><strong>illustris</strong></span> <span class='ocrx_word' id='word_1_394' title='bbox 740 4456 1150 4509; x_wconf 86' lang='lat' dir='ltr'><strong>Romanorum</strong></span> <span class='ocrx_word' id='word_1_395' title='bbox 1176 4451 1572 4525; x_wconf 87' lang='lat' dir='ltr'><strong>imperatoris,</strong></span> <span class='ocrx_word' id='word_1_396' title='bbox 1593 4467 1831 4525; x_wconf 89' lang='lat' dir='ltr'><strong>semper</strong></span> 
     </span>
     <span class='ocr_line' id='line_1_65' title="bbox 177 4540 1829 4616; baseline -0.001 -17"><span class='ocrx_word' id='word_1_397' title='bbox 177 4543 450 4614; x_wconf 80' lang='lat' dir='ltr'><strong>Augusti,</strong></span> <span class='ocrx_word' id='word_1_398' title='bbox 508 4542 826 4616; x_wconf 59' lang='lat' dir='ltr'><strong>praesentia</strong></span> <span class='ocrx_word' id='word_1_399' title='bbox 869 4544 1089 4613; x_wconf 87' lang='lat' dir='ltr'><strong>pariter</strong></span> <span class='ocrx_word' id='word_1_400' title='bbox 1130 4547 1187 4598; x_wconf 89' lang='lat' dir='ltr'><strong>et</strong></span> <span class='ocrx_word' id='word_1_401' title='bbox 1225 4543 1427 4612; x_wconf 90' lang='lat' dir='ltr'><strong>vigore</strong></span> <span class='ocrx_word' id='word_1_402' title='bbox 1479 4540 1724 4608; x_wconf 81' lang='lat' dir='ltr'><strong>suffulti,</strong></span> <span class='ocrx_word' id='word_1_403' title='bbox 1753 4540 1829 4598; x_wconf 90' lang='lat' dir='ltr'><strong>de</strong></span> 
     </span>
     <span class='ocr_line' id='line_1_66' title="bbox 177 4629 1827 4696; baseline -0.002 -6"><span class='ocrx_word' id='word_1_404' title='bbox 177 4632 489 4690; x_wconf 90' lang='lat' dir='ltr'><strong>communi</strong></span> <span class='ocrx_word' id='word_1_405' title='bbox 532 4629 784 4688; x_wconf 87' lang='lat' dir='ltr'><strong>consilio</strong></span> <span class='ocrx_word' id='word_1_406' title='bbox 840 4630 1094 4688; x_wconf 87' lang='lat' dir='ltr'><strong>fratrum</strong></span> <span class='ocrx_word' id='word_1_407' title='bbox 1136 4637 1499 4696; x_wconf 89' lang='lat' dir='ltr'><strong>nostrorum,</strong></span> <span class='ocrx_word' id='word_1_408' title='bbox 1553 4645 1664 4687; x_wconf 88' lang='lat' dir='ltr'><strong>nec</strong></span> <span class='ocrx_word' id='word_1_409' title='bbox 1704 4645 1827 4687; x_wconf 90' lang='lat' dir='ltr'><strong>non</strong></span> 
     </span>
     <span class='ocr_line' id='line_1_67' title="bbox 175 4717 1829 4794; baseline -0.003 -14"><span class='ocrx_word' id='word_1_410' title='bbox 175 4723 428 4781; x_wconf 89' lang='lat' dir='ltr'><strong>aliorum</strong></span> <span class='ocrx_word' id='word_1_411' title='bbox 459 4719 965 4794; x_wconf 84' lang='lat' dir='ltr'><strong>patriarcharum,</strong></span> <span class='ocrx_word' id='word_1_412' title='bbox 981 4717 1829 4792; x_wconf 67' lang='lat' dir='ltr'><strong>archiepiscoporummulto-</strong></span> 
     </span>
     <span class='ocr_line' id='line_1_68' title="bbox 173 4807 1827 4885; baseline -0.003 -16"><span class='ocrx_word' id='word_1_413' title='bbox 173 4827 431 4885; x_wconf 91' lang='lat' dir='ltr'><strong>rumque</strong></span> <span class='ocrx_word' id='word_1_414' title='bbox 454 4808 934 4882; x_wconf 89' lang='lat' dir='ltr'><strong>principum,qui</strong></span> <span class='ocrx_word' id='word_1_415' title='bbox 965 4809 1039 4865; x_wconf 90' lang='lat' dir='ltr'><strong>de</strong></span> <span class='ocrx_word' id='word_1_416' title='bbox 1059 4808 1311 4866; x_wconf 88' lang='lat' dir='ltr'><strong>diversis</strong></span> <span class='ocrx_word' id='word_1_417' title='bbox 1323 4807 1536 4864; x_wconf 89' lang='lat' dir='ltr'><strong>mundi</strong></span> <span class='ocrx_word' id='word_1_418' title='bbox 1555 4808 1827 4880; x_wconf 88' lang='lat' dir='ltr'><strong>partibus</strong></span> 
     </span>
     <span class='ocr_line' id='line_1_69' title="bbox 173 4896 1828 4971; baseline -0.003 -12"><span class='ocrx_word' id='word_1_419' title='bbox 173 4903 580 4959; x_wconf 86' lang='lat' dir='ltr'><strong>convenerunt</strong></span> <span class='ocrx_word' id='word_1_420' title='bbox 607 4914 622 4955; x_wconf 72' lang='grc' dir='ltr'><strong>ε</strong></span> <span class='ocrx_word' id='word_1_421' title='bbox 665 4901 875 4955; x_wconf 90' lang='lat' dir='ltr'><strong>contra</strong></span> <span class='ocrx_word' id='word_1_422' title='bbox 908 4897 1075 4971; x_wconf 88' lang='lat' dir='ltr'><strong>ipsos</strong></span> <span class='ocrx_word' id='word_1_423' title='bbox 1103 4898 1440 4964; x_wconf 81' lang='lat' dir='ltr'><strong>haereticos,</strong></span> <span class='ocrx_word' id='word_1_424' title='bbox 1486 4896 1704 4969; x_wconf 86' lang='lat' dir='ltr'><strong>quibus</strong></span> <span class='ocrx_word' id='word_1_425' title='bbox 1736 4896 1828 4954; x_wconf 83' lang='lat' dir='ltr'><strong>di-</strong></span> 
     </span>
     <span class='ocr_line' id='line_1_70' title="bbox 172 4985 1827 5062; baseline -0.002 -16"><span class='ocrx_word' id='word_1_426' title='bbox 172 5005 348 5048; x_wconf 88' lang='lat' dir='ltr'><strong>versa</strong></span> <span class='ocrx_word' id='word_1_427' title='bbox 398 4988 694 5046; x_wconf 87' lang='lat' dir='ltr'><strong>vocabula</strong></span> <span class='ocrx_word' id='word_1_428' title='bbox 725 4986 833 5062; x_wconf 83' lang='lat' dir='ltr'><strong>[nl.</strong></span> <span class='ocrx_word' id='word_1_429' title='bbox 877 4986 1160 5061; x_wconf 89' lang='lat' dir='ltr'><strong>capitula]</strong></span> <span class='ocrx_word' id='word_1_430' title='bbox 1193 4986 1570 5046; x_wconf 88' lang='lat' dir='ltr'><strong>diversarum</strong></span> <span class='ocrx_word' id='word_1_431' title='bbox 1610 4985 1827 5043; x_wconf 87' lang='lat' dir='ltr'><strong>indidit</strong></span> 
     </span>
     <span class='ocr_line' id='line_1_71' title="bbox 174 5075 1825 5152; baseline -0.003 -16"><span class='ocrx_word' id='word_1_432' title='bbox 174 5079 466 5152; x_wconf 79' lang='lat' dir='ltr'><strong>professio</strong></span> <span class='ocrx_word' id='word_1_433' title='bbox 518 5077 870 5144; x_wconf 79' lang='lat' dir='ltr'><strong>falsitatum,</strong></span> <span class='ocrx_word' id='word_1_434' title='bbox 931 5076 1242 5148; x_wconf 79' lang='lat' dir='ltr'><strong>proesentis</strong></span> <span class='ocrx_word' id='word_1_435' title='bbox 1292 5075 1514 5133; x_wconf 87' lang='lat' dir='ltr'><strong>decreti</strong></span> <span class='ocrx_word' id='word_1_436' title='bbox 1562 5075 1825 5147; x_wconf 87' lang='lat' dir='ltr'><strong>generali</strong></span> 
     </span>
     <span class='ocr_line' id='line_1_72' title="bbox 175 5164 1826 5238; baseline -0.001 -15"><span class='ocrx_word' id='word_1_437' title='bbox 175 5169 483 5224; x_wconf 87' lang='lat' dir='ltr'><strong>sanctione</strong></span> <span class='ocrx_word' id='word_1_438' title='bbox 517 5167 956 5238; x_wconf 90' lang='lat' dir='ltr'><strong>consurgimus,</strong></span> <span class='ocrx_word' id='word_1_439' title='bbox 989 5172 1045 5222; x_wconf 93' lang='lat' dir='ltr'><strong>et</strong></span> <span class='ocrx_word' id='word_1_440' title='bbox 1072 5180 1318 5222; x_wconf 91' lang='lat' dir='ltr'><strong>omnem</strong></span> <span class='ocrx_word' id='word_1_441' title='bbox 1348 5164 1646 5231; x_wconf 80' lang='lat' dir='ltr'><strong>hoeresim,</strong></span> <span class='ocrx_word' id='word_1_442' title='bbox 1679 5180 1826 5236; x_wconf 88' lang='lat' dir='ltr'><strong>quo-</strong></span> 
     </span>
     <span class='ocr_line' id='line_1_73' title="bbox 176 5253 1825 5329; baseline -0.002 -16"><span class='ocrx_word' id='word_1_443' title='bbox 176 5272 415 5329; x_wconf 88' lang='lat' dir='ltr'><strong>cunque</strong></span> <span class='ocrx_word' id='word_1_444' title='bbox 436 5257 680 5313; x_wconf 89' lang='lat' dir='ltr'><strong>nomine</strong></span> <span class='ocrx_word' id='word_1_445' title='bbox 704 5261 1040 5327; x_wconf 85' lang='lat' dir='ltr'><strong>censeatur,</strong></span> <span class='ocrx_word' id='word_1_446' title='bbox 1065 5271 1170 5327; x_wconf 90' lang='lat' dir='ltr'><strong>per</strong></span> <span class='ocrx_word' id='word_1_447' title='bbox 1189 5254 1373 5327; x_wconf 88' lang='lat' dir='ltr'><strong>hujus</strong></span> <span class='ocrx_word' id='word_1_448' title='bbox 1390 5253 1825 5311; x_wconf 87' lang='lat' dir='ltr'><strong>constitutionis</strong></span> 
     </span>
     <span class='ocr_line' id='line_1_74' title="bbox 164 5343 1675 5417; baseline -0.002 -16"><span class='ocrx_word' id='word_1_449' title='bbox 164 5344 407 5411; x_wconf 84' lang='lat' dir='ltr'><strong>seriem,</strong></span> <span class='ocrx_word' id='word_1_450' title='bbox 438 5344 788 5401; x_wconf 85' lang='lat' dir='ltr'><strong>auctoritate</strong></span> <span class='ocrx_word' id='word_1_451' title='bbox 814 5343 1146 5417; x_wconf 88' lang='lat' dir='ltr'><strong>apostolica</strong></span> <span class='ocrx_word' id='word_1_452' title='bbox 1169 5343 1675 5400; x_wconf 82' lang='lat' dir='ltr'><strong>condemnamus.</strong></span> 
     </span>
    </p>

    <p class='ocr_par' dir='ltr' id='par_1_12' title="bbox 248 5431 1826 5504">
     <span class='ocr_line' id='line_1_75' title="bbox 248 5431 1826 5504; baseline -0.001 -15"><span class='ocrx_word' id='word_1_453' title='bbox 248 5434 311 5489; x_wconf 90' lang='lat' dir='ltr'><strong>ln</strong></span> <span class='ocrx_word' id='word_1_454' title='bbox 365 5431 578 5504; x_wconf 89' lang='lat' dir='ltr'><strong>primis</strong></span> <span class='ocrx_word' id='word_1_455' title='bbox 632 5447 774 5503; x_wconf 89' lang='lat' dir='ltr'><strong>ergo</strong></span> <span class='ocrx_word' id='word_1_456' title='bbox 818 5433 1125 5500; x_wconf 86' lang='lat' dir='ltr'><strong>catharos,</strong></span> <span class='ocrx_word' id='word_1_457' title='bbox 1158 5436 1218 5490; x_wconf 91' lang='lat' dir='ltr'><strong>et</strong></span> <span class='ocrx_word' id='word_1_458' title='bbox 1264 5432 1592 5498; x_wconf 86' lang='lat' dir='ltr'><strong>Patariuos,</strong></span> <span class='ocrx_word' id='word_1_459' title='bbox 1629 5435 1687 5489; x_wconf 91' lang='lat' dir='ltr'><strong>et</strong></span> <span class='ocrx_word' id='word_1_460' title='bbox 1724 5446 1826 5489; x_wconf 90' lang='lat' dir='ltr'><strong>eos</strong></span> 
     </span>
    </p>
   </div>
   <div class='ocr_carea' id='block_1_9' title="bbox 175 5519 1827 5599">
    <p class='ocr_par' dir='ltr' id='par_1_13' title="bbox 175 5519 1827 5599">
     <span class='ocr_line' id='line_1_76' title="bbox 175 5519 1827 5599; baseline 0.001 -19"><span class='ocrx_word' id='word_1_461' title='bbox 175 5522 281 5598; x_wconf 90' lang='lat' dir='ltr'><strong>qui</strong></span> <span class='ocrx_word' id='word_1_462' title='bbox 305 5537 368 5581; x_wconf 88' lang='lat' dir='ltr'><strong>se</strong></span> <span class='ocrx_word' id='word_1_463' title='bbox 388 5521 759 5591; x_wconf 78' lang='lat' dir='ltr'><strong>Humiliatos,</strong></span> <span class='ocrx_word' id='word_1_464' title='bbox 781 5522 878 5582; x_wconf 89' lang='lat' dir='ltr'><strong>vel</strong></span> <span class='ocrx_word' id='word_1_465' title='bbox 900 5525 1201 5599; x_wconf 83' lang='lat' dir='ltr'><strong>Pauperes</strong></span> <span class='ocrx_word' id='word_1_466' title='bbox 1224 5521 1305 5581; x_wconf 85' lang='lat' dir='ltr'><strong>de</strong></span> <span class='ocrx_word' id='word_1_467' title='bbox 1345 5520 1661 5596; x_wconf 79' lang='lat' dir='ltr'><strong>Lugduno,</strong></span> <span class='ocrx_word' id='word_1_468' title='bbox 1678 5519 1827 5581; x_wconf 74' lang='lat' dir='ltr'><strong>falso</strong></span> 
     </span>
    </p>
   </div>
   <div class='ocr_carea' id='block_1_10' title="bbox 1949 1785 3611 3017">
    <p class='ocr_par' dir='ltr' id='par_1_14' title="bbox 1953 1785 3611 2747">
     <span class='ocr_line' id='line_1_77' title="bbox 1956 1785 3608 1859; baseline 0.001 -20"><span class='ocrx_word' id='word_1_469' title='bbox 1956 1785 2226 1842; x_wconf 82' lang='lat' dir='ltr'><strong>Romana</strong></span> <span class='ocrx_word' id='word_1_470' title='bbox 2255 1785 2536 1851; x_wconf 89' lang='lat' dir='ltr'><strong>Ecclesia,</strong></span> <span class='ocrx_word' id='word_1_471' title='bbox 2561 1785 2651 1843; x_wconf 90' lang='lat' dir='ltr'><strong>vel</strong></span> <span class='ocrx_word' id='word_1_472' title='bbox 2667 1785 2883 1855; x_wconf 87' lang='lat' dir='ltr'><strong>singuli</strong></span> <span class='ocrx_word' id='word_1_473' title='bbox 2904 1786 3169 1859; x_wconf 86' lang='lat' dir='ltr'><strong>episcopi</strong></span> <span class='ocrx_word' id='word_1_474' title='bbox 3193 1802 3299 1859; x_wconf 88' lang='lat' dir='ltr'><strong>per</strong></span> <span class='ocrx_word' id='word_1_475' title='bbox 3319 1785 3608 1842; x_wconf 86' lang='lat' dir='ltr'><strong>dioeceses</strong></span> 
     </span>
     <span class='ocr_line' id='line_1_78' title="bbox 1956 1873 3607 1946; baseline 0.001 -19"><span class='ocrx_word' id='word_1_476' title='bbox 1956 1887 2121 1933; x_wconf 87' lang='lat' dir='ltr'><strong>suas,</strong></span> <span class='ocrx_word' id='word_1_477' title='bbox 2153 1888 2289 1929; x_wconf 91' lang='lat' dir='ltr'><strong>cum</strong></span> <span class='ocrx_word' id='word_1_478' title='bbox 2314 1874 2562 1931; x_wconf 86' lang='lat' dir='ltr'><strong>consilio</strong></span> <span class='ocrx_word' id='word_1_479' title='bbox 2581 1873 2953 1938; x_wconf 89' lang='lat' dir='ltr'><strong>clericorum,</strong></span> <span class='ocrx_word' id='word_1_480' title='bbox 2972 1875 3059 1930; x_wconf 86' lang='lat' dir='ltr'><strong>vel</strong></span> <span class='ocrx_word' id='word_1_481' title='bbox 3091 1874 3288 1930; x_wconf 90' lang='lat' dir='ltr'><strong>clerici</strong></span> <span class='ocrx_word' id='word_1_482' title='bbox 3306 1874 3442 1946; x_wconf 91' lang='lat' dir='ltr'><strong>ipsi,</strong></span> <span class='ocrx_word' id='word_1_483' title='bbox 3465 1873 3607 1929; x_wconf 84' lang='lat' dir='ltr'><strong>sede</strong></span> 
     </span>
     <span class='ocr_line' id='line_1_79' title="bbox 1958 1961 3611 2034; baseline 0.001 -18"><span class='ocrx_word' id='word_1_484' title='bbox 1958 1968 2382 2028; x_wconf 89' lang='lat' dir='ltr'><strong>vacante,cum.</strong></span> <span class='ocrx_word' id='word_1_485' title='bbox 2397 1963 2663 2029; x_wconf 84' lang='lat' dir='ltr'><strong>consilio,</strong></span> <span class='ocrx_word' id='word_1_486' title='bbox 2689 1964 2739 2019; x_wconf 90' lang='lat' dir='ltr'><strong>si</strong></span> <span class='ocrx_word' id='word_1_487' title='bbox 2765 1962 3109 2034; x_wconf 84' lang='lat' dir='ltr'><strong>oportuerit,</strong></span> <span class='ocrx_word' id='word_1_488' title='bbox 3135 1963 3468 2019; x_wconf 90' lang='lat' dir='ltr'><strong>viciniorun</strong></span> <span class='ocrx_word' id='word_1_489' title='bbox 3489 1961 3611 2033; x_wconf 89' lang='lat' dir='ltr'><strong>epi·</strong></span> 
     </span>
     <span class='ocr_line' id='line_1_80' title="bbox 1956 2049 3611 2124; baseline 0.001 -19"><span class='ocrx_word' id='word_1_490' title='bbox 1956 2065 2301 2121; x_wconf 88' lang='lat' dir='ltr'><strong>scoporum,</strong></span> <span class='ocrx_word' id='word_1_491' title='bbox 2317 2051 2624 2108; x_wconf 66' lang='lat' dir='ltr'><strong>haereticos</strong></span> <span class='ocrx_word' id='word_1_492' title='bbox 2642 2051 3064 2124; x_wconf 89' lang='lat' dir='ltr'><strong>judicaverint,</strong></span> <span class='ocrx_word' id='word_1_493' title='bbox 3081 2052 3207 2123; x_wconf 88' lang='lat' dir='ltr'><strong>pari</strong></span> <span class='ocrx_word' id='word_1_494' title='bbox 3224 2049 3462 2108; x_wconf 90' lang='lat' dir='ltr'><strong>vinculo</strong></span> <span class='ocrx_word' id='word_1_495' title='bbox 3479 2066 3611 2124; x_wconf 88' lang='lat' dir='ltr'><strong>per·</strong></span> 
     </span>
     <span class='ocr_line' id='line_1_81' title="bbox 1957 2138 3611 2212; baseline 0.001 -17"><span class='ocrx_word' id='word_1_496' title='bbox 1957 2140 2119 2211; x_wconf 88' lang='lat' dir='ltr'><strong>petui</strong></span> <span class='ocrx_word' id='word_1_497' title='bbox 2148 2141 2546 2198; x_wconf 87' lang='lat' dir='ltr'><strong>anathematis</strong></span> <span class='ocrx_word' id='word_1_498' title='bbox 2572 2141 2955 2198; x_wconf 90' lang='lat' dir='ltr'><strong>innodamus.</strong></span> <span class='ocrx_word' id='word_1_499' title='bbox 3010 2144 3363 2212; x_wconf 88' lang='lat' dir='ltr'><strong>Receptores</strong></span> <span class='ocrx_word' id='word_1_500' title='bbox 3404 2144 3463 2198; x_wconf 91' lang='lat' dir='ltr'><strong>et</strong></span> <span class='ocrx_word' id='word_1_501' title='bbox 3502 2138 3611 2196; x_wconf 89' lang='lat' dir='ltr'><strong>de-</strong></span> 
     </span>
     <span class='ocr_line' id='line_1_82' title="bbox 1956 2227 3602 2303; baseline 0.001 -20"><span class='ocrx_word' id='word_1_502' title='bbox 1956 2227 2228 2285; x_wconf 89' lang='lat' dir='ltr'><strong>fensores</strong></span> <span class='ocrx_word' id='word_1_503' title='bbox 2256 2244 2486 2294; x_wconf 87' lang='lat' dir='ltr'><strong>eorum,</strong></span> <span class='ocrx_word' id='word_1_504' title='bbox 2521 2235 2895 2303; x_wconf 88' lang='lat' dir='ltr'><strong>cunctosque</strong></span> <span class='ocrx_word' id='word_1_505' title='bbox 2923 2229 3146 2303; x_wconf 89' lang='lat' dir='ltr'><strong>pariter</strong></span> <span class='ocrx_word' id='word_1_506' title='bbox 3168 2230 3271 2302; x_wconf 89' lang='lat' dir='ltr'><strong>qui</strong></span> <span class='ocrx_word' id='word_1_507' title='bbox 3303 2228 3602 2302; x_wconf 79' lang='lat' dir='ltr'><strong>praedictis</strong></span> 
     </span>
     <span class='ocr_line' id='line_1_83' title="bbox 1955 2317 3603 2389; baseline 0 -15"><span class='ocrx_word' id='word_1_508' title='bbox 1955 2317 2249 2375; x_wconf 66' lang='lat' dir='ltr'><strong>haereticis</strong></span> <span class='ocrx_word' id='word_1_509' title='bbox 2276 2319 2354 2374; x_wconf 91' lang='lat' dir='ltr'><strong>ad</strong></span> <span class='ocrx_word' id='word_1_510' title='bbox 2384 2319 2707 2375; x_wconf 85' lang='lat' dir='ltr'><strong>fovendam</strong></span> <span class='ocrx_word' id='word_1_511' title='bbox 2743 2319 2803 2374; x_wconf 90' lang='lat' dir='ltr'><strong>in</strong></span> <span class='ocrx_word' id='word_1_512' title='bbox 2832 2319 2919 2375; x_wconf 89' lang='lat' dir='ltr'><strong>eis</strong></span> <span class='ocrx_word' id='word_1_513' title='bbox 2950 2319 3191 2376; x_wconf 82' lang='lat' dir='ltr'><strong>haeresis</strong></span> <span class='ocrx_word' id='word_1_514' title='bbox 3221 2318 3603 2389; x_wconf 85' lang='lat' dir='ltr'><strong>pravitatem,</strong></span> 
     </span>
     <span class='ocr_line' id='line_1_84' title="bbox 1955 2406 3610 2482; baseline 0 -20"><span class='ocrx_word' id='word_1_515' title='bbox 1955 2407 2353 2478; x_wconf 86' lang='lat' dir='ltr'><strong>patrocinium</strong></span> <span class='ocrx_word' id='word_1_516' title='bbox 2381 2409 2761 2480; x_wconf 77' lang='lat' dir='ltr'><strong>praestiterint</strong></span> <span class='ocrx_word' id='word_1_517' title='bbox 2781 2408 3048 2482; x_wconf 89' lang='lat' dir='ltr'><strong>aliquod,</strong></span> <span class='ocrx_word' id='word_1_518' title='bbox 3069 2409 3155 2463; x_wconf 91' lang='lat' dir='ltr'><strong>vel</strong></span> <span class='ocrx_word' id='word_1_519' title='bbox 3181 2407 3460 2472; x_wconf 89' lang='lat' dir='ltr'><strong>favorem,</strong></span> <span class='ocrx_word' id='word_1_520' title='bbox 3484 2406 3610 2464; x_wconf 90' lang='lat' dir='ltr'><strong>sive</strong></span> 
     </span>
     <span class='ocr_line' id='line_1_85' title="bbox 1955 2494 3609 2568; baseline -0.002 -15"><span class='ocrx_word' id='word_1_521' title='bbox 1955 2496 2273 2564; x_wconf 88' lang='lat' dir='ltr'><strong>Consolati,</strong></span> <span class='ocrx_word' id='word_1_522' title='bbox 2293 2497 2411 2553; x_wconf 89' lang='lat' dir='ltr'><strong>sive</strong></span> <span class='ocrx_word' id='word_1_523' title='bbox 2430 2498 2764 2563; x_wconf 86' lang='lat' dir='ltr'><strong>Credentes,</strong></span> <span class='ocrx_word' id='word_1_524' title='bbox 2795 2498 2919 2553; x_wconf 89' lang='lat' dir='ltr'><strong>sive</strong></span> <span class='ocrx_word' id='word_1_525' title='bbox 2943 2496 3203 2561; x_wconf 86' lang='lat' dir='ltr'><strong>Perfecti,</strong></span> <span class='ocrx_word' id='word_1_526' title='bbox 3232 2511 3336 2552; x_wconf 87' lang='lat' dir='ltr'><strong>seu</strong></span> <span class='ocrx_word' id='word_1_527' title='bbox 3357 2494 3609 2568; x_wconf 86' lang='lat' dir='ltr'><strong>quibus·</strong></span> 
     </span>
     <span class='ocr_line' id='line_1_86' title="bbox 1953 2583 3606 2658; baseline -0.001 -17"><span class='ocrx_word' id='word_1_528' title='bbox 1953 2602 2192 2658; x_wconf 79' lang='lat' dir='ltr'><strong>cunque</strong></span> <span class='ocrx_word' id='word_1_529' title='bbox 2217 2587 2641 2658; x_wconf 83' lang='lat' dir='ltr'><strong>superstitiosis</strong></span> <span class='ocrx_word' id='word_1_530' title='bbox 2668 2586 3017 2643; x_wconf 86' lang='lat' dir='ltr'><strong>nominibus</strong></span> <span class='ocrx_word' id='word_1_531' title='bbox 3049 2587 3492 2658; x_wconf 86' lang='lat' dir='ltr'><strong>nuncupentur,</strong></span> <span class='ocrx_word' id='word_1_532' title='bbox 3532 2583 3606 2641; x_wconf 85' lang='lat' dir='ltr'><strong>si·</strong></span> 
     </span>
     <span class='ocr_line' id='line_1_87' title="bbox 1953 2674 3204 2747; baseline -0.002 -15"><span class='ocrx_word' id='word_1_533' title='bbox 1953 2675 2080 2732; x_wconf 89' lang='lat' dir='ltr'><strong>mili</strong></span> <span class='ocrx_word' id='word_1_534' title='bbox 2103 2676 2485 2732; x_wconf 88' lang='lat' dir='ltr'><strong>decernimus</strong></span> <span class='ocrx_word' id='word_1_535' title='bbox 2523 2676 2837 2747; x_wconf 88' lang='lat' dir='ltr'><strong>subjacere</strong></span> <span class='ocrx_word' id='word_1_536' title='bbox 2870 2674 3204 2732; x_wconf 78' lang='lat' dir='ltr'><strong>sententiae.</strong></span> 
     </span>
    </p>

    <p class='ocr_par' dir='ltr' id='par_1_15' title="bbox 1949 2762 3606 3017">
     <span class='ocr_line' id='line_1_88' title="bbox 2023 2762 3606 2838; baseline -0.001 -17"><span class='ocrx_word' id='word_1_537' title='bbox 2023 2766 2173 2832; x_wconf 84' lang='lat' dir='ltr'><strong>Quia</strong></span> <span class='ocrx_word' id='word_1_538' title='bbox 2202 2781 2344 2822; x_wconf 90' lang='lat' dir='ltr'><strong>vero</strong></span> <span class='ocrx_word' id='word_1_539' title='bbox 2373 2766 2632 2838; x_wconf 85' lang='lat' dir='ltr'><strong>peccatis</strong></span> <span class='ocrx_word' id='word_1_540' title='bbox 2661 2765 3037 2834; x_wconf 84' lang='lat' dir='ltr'><strong>exigentibus</strong></span> <span class='ocrx_word' id='word_1_541' title='bbox 3057 2762 3426 2837; x_wconf 88' lang='lat' dir='ltr'><strong>quandoque</strong></span> <span class='ocrx_word' id='word_1_542' title='bbox 3456 2777 3606 2819; x_wconf 90' lang='lat' dir='ltr'><strong>con-</strong></span> 
     </span>
     <span class='ocr_line' id='line_1_89' title="bbox 1950 2850 3606 2925; baseline -0.004 -14"><span class='ocrx_word' id='word_1_543' title='bbox 1950 2855 2141 2925; x_wconf 88' lang='lat' dir='ltr'><strong>tingit.</strong></span> <span class='ocrx_word' id='word_1_544' title='bbox 2172 2859 2236 2910; x_wconf 89' lang='lat' dir='ltr'><strong>ut</strong></span> <span class='ocrx_word' id='word_1_545' title='bbox 2268 2853 2685 2911; x_wconf 63' lang='lat' dir='ltr'><strong>ecclesiasticae</strong></span> <span class='ocrx_word' id='word_1_546' title='bbox 2712 2854 2994 2910; x_wconf 88' lang='lat' dir='ltr'><strong>severitas</strong></span> <span class='ocrx_word' id='word_1_547' title='bbox 3025 2852 3378 2924; x_wconf 81' lang='lat' dir='ltr'><strong>disciplinae,</strong></span> <span class='ocrx_word' id='word_1_548' title='bbox 3413 2850 3494 2907; x_wconf 91' lang='lat' dir='ltr'><strong>ab</strong></span> <span class='ocrx_word' id='word_1_549' title='bbox 3532 2850 3606 2906; x_wconf 85' lang='lat' dir='ltr'><strong>iis</strong></span> 
     </span>
     <span class='ocr_line' id='line_1_90' title="bbox 1949 2940 3602 3017; baseline -0.002 -19"><span class='ocrx_word' id='word_1_550' title='bbox 1949 2944 2055 3017; x_wconf 90' lang='lat' dir='ltr'><strong>qui</strong></span> <span class='ocrx_word' id='word_1_551' title='bbox 2085 2944 2360 3000; x_wconf 91' lang='lat' dir='ltr'><strong>virtutem</strong></span> <span class='ocrx_word' id='word_1_552' title='bbox 2386 2943 2517 3014; x_wconf 87' lang='lat' dir='ltr'><strong>ejus</strong></span> <span class='ocrx_word' id='word_1_553' title='bbox 2567 2959 2688 2999; x_wconf 90' lang='lat' dir='ltr'><strong>non</strong></span> <span class='ocrx_word' id='word_1_554' title='bbox 2739 2941 3093 3014; x_wconf 89' lang='lat' dir='ltr'><strong>intelligunt,</strong></span> <span class='ocrx_word' id='word_1_555' title='bbox 3146 2940 3602 3010; x_wconf 85' lang='lat' dir='ltr'><strong>condemnetur,</strong></span> 
     </span>
    </p>
   </div>
   <div class='ocr_carea' id='block_1_11' title="bbox 1877 3027 3601 3126">
    <p class='ocr_par' dir='ltr' id='par_1_16' title="bbox 1877 3027 3601 3126">
     <span class='ocr_line' id='line_1_91' title="bbox 1877 3027 3601 3126; baseline -0.002 -38"><span class='ocrx_word' id='word_1_556' title='bbox 1877 3069 1919 3126; x_wconf 80' lang='lat' dir='ltr'>C</span> <span class='ocrx_word' id='word_1_557' title='bbox 1950 3032 2226 3104; x_wconf 81' lang='lat' dir='ltr'><strong>proesenti</strong></span> <span class='ocrx_word' id='word_1_558' title='bbox 2257 3031 2644 3088; x_wconf 90' lang='lat' dir='ltr'><strong>nihilominus</strong></span> <span class='ocrx_word' id='word_1_559' title='bbox 2673 3032 3049 3088; x_wconf 89' lang='lat' dir='ltr'><strong>ordinatione</strong></span> <span class='ocrx_word' id='word_1_560' title='bbox 3076 3030 3384 3086; x_wconf 89' lang='lat' dir='ltr'><strong>sancimus</strong></span> <span class='ocrx_word' id='word_1_561' title='bbox 3411 3027 3601 3101; x_wconf 85' lang='lat' dir='ltr'><strong>utqui</strong></span> 
     </span>
    </p>
   </div>
   <div class='ocr_carea' id='block_1_12' title="bbox 1934 3116 3631 5595">
    <p class='ocr_par' dir='ltr' id='par_1_17' title="bbox 1938 3116 3631 4598">
     <span class='ocr_line' id='line_1_92' title="bbox 1946 3116 3603 3194; baseline -0.002 -16"><span class='ocrx_word' id='word_1_562' title='bbox 1946 3120 2267 3178; x_wconf 85' lang='lat' dir='ltr'><strong>manifeste</strong></span> <span class='ocrx_word' id='word_1_563' title='bbox 2323 3120 2542 3179; x_wconf 86' lang='lat' dir='ltr'><strong>fuerint</strong></span> <span class='ocrx_word' id='word_1_564' title='bbox 2593 3122 2653 3177; x_wconf 90' lang='lat' dir='ltr'><strong>in</strong></span> <span class='ocrx_word' id='word_1_565' title='bbox 2705 3121 3064 3194; x_wconf 88' lang='lat' dir='ltr'><strong>supradictis</strong></span> <span class='ocrx_word' id='word_1_566' title='bbox 3124 3118 3427 3175; x_wconf 88' lang='lat' dir='ltr'><strong>erroribus</strong></span> <span class='ocrx_word' id='word_1_567' title='bbox 3503 3116 3603 3175; x_wconf 86' lang='lat' dir='ltr'><strong>de-</strong></span> 
     </span>
     <span class='ocr_line' id='line_1_93' title="bbox 1948 3206 3604 3282; baseline -0.002 -17"><span class='ocrx_word' id='word_1_568' title='bbox 1948 3210 2247 3282; x_wconf 86' lang='lat' dir='ltr'><strong>prehensi,</strong></span> <span class='ocrx_word' id='word_1_569' title='bbox 2286 3210 2336 3265; x_wconf 90' lang='lat' dir='ltr'><strong>si</strong></span> <span class='ocrx_word' id='word_1_570' title='bbox 2362 3208 2612 3266; x_wconf 88' lang='lat' dir='ltr'><strong>clericus</strong></span> <span class='ocrx_word' id='word_1_571' title='bbox 2642 3214 2752 3275; x_wconf 91' lang='lat' dir='ltr'><strong>est,</strong></span> <span class='ocrx_word' id='word_1_572' title='bbox 2785 3209 2880 3266; x_wconf 84' lang='lat' dir='ltr'><strong>vel</strong></span> <span class='ocrx_word' id='word_1_573' title='bbox 2932 3208 3250 3281; x_wconf 85' lang='lat' dir='ltr'><strong>cujuslibet</strong></span> <span class='ocrx_word' id='word_1_574' title='bbox 3295 3206 3604 3278; x_wconf 81' lang='lat' dir='ltr'><strong>religionis</strong></span> 
     </span>
     <span class='ocr_line' id='line_1_94' title="bbox 1948 3295 3603 3363; baseline -0.002 -8"><span class='ocrx_word' id='word_1_575' title='bbox 1948 3298 2410 3355; x_wconf 89' lang='lat' dir='ltr'><strong>obumbratione</strong></span> <span class='ocrx_word' id='word_1_576' title='bbox 2453 3297 2730 3363; x_wconf 87' lang='lat' dir='ltr'><strong>fucatius,</strong></span> <span class='ocrx_word' id='word_1_577' title='bbox 2763 3304 2919 3355; x_wconf 88' lang='lat' dir='ltr'><strong>totus</strong></span> <span class='ocrx_word' id='word_1_578' title='bbox 2945 3296 3324 3355; x_wconf 88' lang='lat' dir='ltr'><strong>ecclesiastici</strong></span> <span class='ocrx_word' id='word_1_579' title='bbox 3373 3295 3603 3352; x_wconf 84' lang='lat' dir='ltr'><strong>ordinis</strong></span> 
     </span>
     <span class='ocr_line' id='line_1_95' title="bbox 1948 3384 3602 3458; baseline -0.001 -17"><span class='ocrx_word' id='word_1_580' title='bbox 1948 3386 2343 3458; x_wconf 73' lang='lat' dir='ltr'><strong>praerogativa</strong></span> <span class='ocrx_word' id='word_1_581' title='bbox 2366 3387 2627 3443; x_wconf 89' lang='lat' dir='ltr'><strong>nudetur</strong></span> <span class='ocrx_word' id='word_1_582' title='bbox 2653 3402 2665 3440; x_wconf 90' lang='lat'>:</span> <span class='ocrx_word' id='word_1_583' title='bbox 2695 3392 2749 3443; x_wconf 90' lang='lat' dir='ltr'><strong>et</strong></span> <span class='ocrx_word' id='word_1_584' title='bbox 2772 3386 2858 3441; x_wconf 88' lang='lat' dir='ltr'><strong>sic</strong></span> <span class='ocrx_word' id='word_1_585' title='bbox 2881 3386 3050 3443; x_wconf 90' lang='lat' dir='ltr'><strong>omni</strong></span> <span class='ocrx_word' id='word_1_586' title='bbox 3079 3387 3303 3458; x_wconf 89' lang='lat' dir='ltr'><strong>pariter</strong></span> <span class='ocrx_word' id='word_1_587' title='bbox 3323 3384 3522 3441; x_wconf 79' lang='lat' dir='ltr'><strong>officio</strong></span> <span class='ocrx_word' id='word_1_588' title='bbox 3541 3387 3602 3440; x_wconf 87' lang='lat' dir='ltr'><strong>et</strong></span> 
     </span>
     <span class='ocr_line' id='line_1_96' title="bbox 1946 3472 3599 3545; baseline -0.002 -14"><span class='ocrx_word' id='word_1_589' title='bbox 1946 3473 2239 3531; x_wconf 85' lang='lat' dir='ltr'><strong>beneficio</strong></span> <span class='ocrx_word' id='word_1_590' title='bbox 2279 3473 2679 3530; x_wconf 88' lang='lat' dir='ltr'><strong>ecclesiastico</strong></span> <span class='ocrx_word' id='word_1_591' title='bbox 2730 3474 3038 3545; x_wconf 88' lang='lat' dir='ltr'><strong>spoliatus,</strong></span> <span class='ocrx_word' id='word_1_592' title='bbox 3092 3472 3399 3528; x_wconf 63' lang='lat' dir='ltr'><strong>saecularis</strong></span> <span class='ocrx_word' id='word_1_593' title='bbox 3425 3472 3599 3528; x_wconf 89' lang='lat' dir='ltr'><strong>relin-</strong></span> 
     </span>
     <span class='ocr_line' id='line_1_97' title="bbox 1946 3559 3598 3636; baseline -0.001 -17"><span class='ocrx_word' id='word_1_594' title='bbox 1946 3569 2165 3636; x_wconf 89' lang='lat' dir='ltr'><strong>quatur</strong></span> <span class='ocrx_word' id='word_1_595' title='bbox 2202 3563 2445 3619; x_wconf 88' lang='lat' dir='ltr'><strong>arbitrio</strong></span> <span class='ocrx_word' id='word_1_596' title='bbox 2470 3563 2801 3636; x_wconf 85' lang='lat' dir='ltr'><strong>potestatis,</strong></span> <span class='ocrx_word' id='word_1_597' title='bbox 2848 3561 3370 3619; x_wconf 88' lang='lat' dir='ltr'><strong>animadversione</strong></span> <span class='ocrx_word' id='word_1_598' title='bbox 3394 3559 3598 3618; x_wconf 86' lang='lat' dir='ltr'><strong>debita</strong></span> 
     </span>
     <span class='ocr_line' id='line_1_98' title="bbox 1944 3649 3631 3724; baseline -0.001 -17"><span class='ocrx_word' id='word_1_599' title='bbox 1944 3651 2208 3724; x_wconf 91' lang='lat' dir='ltr'><strong>puniend</strong></span> <span class='ocrx_word' id='word_1_600' title='bbox 2220 3668 2312 3717; x_wconf 90' lang='lat' dir='ltr'><strong>us,</strong></span> <span class='ocrx_word' id='word_1_601' title='bbox 2338 3651 2447 3707; x_wconf 88' lang='lat' dir='ltr'><strong>nisi</strong></span> <span class='ocrx_word' id='word_1_602' title='bbox 2478 3652 2761 3708; x_wconf 87' lang='lat' dir='ltr'><strong>continuo</strong></span> <span class='ocrx_word' id='word_1_603' title='bbox 2786 3656 2924 3724; x_wconf 91' lang='lat' dir='ltr'><strong>post</strong></span> <span class='ocrx_word' id='word_1_604' title='bbox 2945 3649 3484 3722; x_wconf 87' lang='lat' dir='ltr'><strong>deprehensionem</strong></span> <span class='ocrx_word' id='word_1_605' title='bbox 3506 3663 3595 3705; x_wconf 90' lang='lat' dir='ltr'><strong>er-</strong></span> <span class='ocrx_word' id='word_1_606' title='bbox 3621 3665 3631 3674; x_wconf 91' lang='lat'>·</span> 
     </span>
     <span class='ocr_line' id='line_1_99' title="bbox 1943 3738 3596 3810; baseline -0.002 -14"><span class='ocrx_word' id='word_1_607' title='bbox 1943 3740 2094 3796; x_wconf 88' lang='lat' dir='ltr'><strong>roris</strong></span> <span class='ocrx_word' id='word_1_608' title='bbox 2123 3740 2199 3797; x_wconf 89' lang='lat' dir='ltr'><strong>ad</strong></span> <span class='ocrx_word' id='word_1_609' title='bbox 2221 3739 2360 3796; x_wconf 87' lang='lat' dir='ltr'><strong>fidei</strong></span> <span class='ocrx_word' id='word_1_610' title='bbox 2389 3738 2694 3796; x_wconf 60' lang='lat' dir='ltr'><strong>catholicas</strong></span> <span class='ocrx_word' id='word_1_611' title='bbox 2716 3739 3007 3796; x_wconf 88' lang='lat' dir='ltr'><strong>unitatem</strong></span> <span class='ocrx_word' id='word_1_612' title='bbox 3037 3743 3249 3810; x_wconf 90' lang='lat' dir='ltr'><strong>sponte</strong></span> <span class='ocrx_word' id='word_1_613' title='bbox 3266 3751 3596 3806; x_wconf 86' lang='lat' dir='ltr'><strong>recurrere,</strong></span> 
     </span>
     <span class='ocr_line' id='line_1_100' title="bbox 1944 3826 3594 3901; baseline -0.002 -15"><span class='ocrx_word' id='word_1_614' title='bbox 1944 3835 2001 3886; x_wconf 89' lang='lat' dir='ltr'><strong>et</strong></span> <span class='ocrx_word' id='word_1_615' title='bbox 2028 3845 2290 3886; x_wconf 89' lang='lat' dir='ltr'><strong>errorem</strong></span> <span class='ocrx_word' id='word_1_616' title='bbox 2320 3845 2518 3894; x_wconf 89' lang='lat' dir='ltr'><strong>suum,</strong></span> <span class='ocrx_word' id='word_1_617' title='bbox 2551 3828 2632 3885; x_wconf 89' lang='lat' dir='ltr'><strong>ab</strong></span> <span class='ocrx_word' id='word_1_618' title='bbox 2659 3829 2972 3886; x_wconf 84' lang='lat' dir='ltr'><strong>arbitrium</strong></span> <span class='ocrx_word' id='word_1_619' title='bbox 3002 3827 3267 3901; x_wconf 89' lang='lat' dir='ltr'><strong>episcopi</strong></span> <span class='ocrx_word' id='word_1_620' title='bbox 3307 3826 3594 3900; x_wconf 88' lang='lat' dir='ltr'><strong>regionis,</strong></span> 
     </span>
     <span class='ocr_line' id='line_1_101' title="bbox 1943 3916 3597 3992; baseline -0.002 -16"><span class='ocrx_word' id='word_1_621' title='bbox 1943 3918 2179 3992; x_wconf 89' lang='lat' dir='ltr'><strong>publice</strong></span> <span class='ocrx_word' id='word_1_622' title='bbox 2192 3917 2867 3989; x_wconf 87' lang='lat' dir='ltr'><strong>consenseritabjurare,</strong></span> <span class='ocrx_word' id='word_1_623' title='bbox 2890 3924 2944 3974; x_wconf 89' lang='lat' dir='ltr'><strong>et</strong></span> <span class='ocrx_word' id='word_1_624' title='bbox 2962 3916 3425 3974; x_wconf 82' lang='lat' dir='ltr'><strong>satisfactionem</strong></span> <span class='ocrx_word' id='word_1_625' title='bbox 3448 3930 3597 3973; x_wconf 90' lang='lat' dir='ltr'><strong>con-</strong></span> 
     </span>
     <span class='ocr_line' id='line_1_102' title="bbox 1944 4005 3596 4079; baseline -0.001 -15"><span class='ocrx_word' id='word_1_626' title='bbox 1944 4023 2157 4079; x_wconf 91' lang='lat' dir='ltr'><strong>gruam</strong></span> <span class='ocrx_word' id='word_1_627' title='bbox 2188 4007 2486 4064; x_wconf 88' lang='lat' dir='ltr'><strong>exhibere.</strong></span> <span class='ocrx_word' id='word_1_628' title='bbox 2512 4006 2726 4064; x_wconf 90' lang='lat' dir='ltr'><strong>Laicus</strong></span> <span class='ocrx_word' id='word_1_629' title='bbox 2763 4011 2966 4062; x_wconf 89' lang='lat' dir='ltr'><strong>autem</strong></span> <span class='ocrx_word' id='word_1_630' title='bbox 2992 4021 3175 4079; x_wconf 92' lang='lat' dir='ltr'><strong>quem</strong></span> <span class='ocrx_word' id='word_1_631' title='bbox 3202 4005 3408 4079; x_wconf 88' lang='lat' dir='ltr'><strong>aliqua</strong></span> <span class='ocrx_word' id='word_1_632' title='bbox 3445 4019 3596 4078; x_wconf 77' lang='lat' dir='ltr'><strong>prae-</strong></span> 
     </span>
     <span class='ocr_line' id='line_1_103' title="bbox 1941 4093 3593 4169; baseline -0.002 -15"><span class='ocrx_word' id='word_1_633' title='bbox 1941 4097 2239 4154; x_wconf 86' lang='lat' dir='ltr'><strong>dictarum</strong></span> <span class='ocrx_word' id='word_1_634' title='bbox 2255 4096 2514 4169; x_wconf 87' lang='lat' dir='ltr'><strong>pestium</strong></span> <span class='ocrx_word' id='word_1_635' title='bbox 2537 4095 2771 4152; x_wconf 88' lang='lat' dir='ltr'><strong>notoria</strong></span> <span class='ocrx_word' id='word_1_636' title='bbox 2788 4096 2877 4152; x_wconf 91' lang='lat' dir='ltr'><strong>vel</strong></span> <span class='ocrx_word' id='word_1_637' title='bbox 2897 4096 3125 4167; x_wconf 89' lang='lat' dir='ltr'><strong>privata</strong></span> <span class='ocrx_word' id='word_1_638' title='bbox 3156 4093 3337 4166; x_wconf 89' lang='lat' dir='ltr'><strong>culpa</strong></span> <span class='ocrx_word' id='word_1_639' title='bbox 3362 4108 3593 4168; x_wconf 88' lang='lat' dir='ltr'><strong>resper-</strong></span> 
     </span>
     <span class='ocr_line' id='line_1_104' title="bbox 1942 4184 3594 4258; baseline -0.001 -15"><span class='ocrx_word' id='word_1_640' title='bbox 1942 4186 2102 4252; x_wconf 89' lang='lat' dir='ltr'><strong>serit,</strong></span> <span class='ocrx_word' id='word_1_641' title='bbox 2149 4186 2285 4251; x_wconf 87' lang='lat' dir='ltr'><strong>nisi,</strong></span> <span class='ocrx_word' id='word_1_642' title='bbox 2316 4190 2493 4258; x_wconf 88' lang='lat' dir='ltr'><strong>prout</strong></span> <span class='ocrx_word' id='word_1_643' title='bbox 2530 4184 2757 4242; x_wconf 88' lang='lat' dir='ltr'><strong>dictum</strong></span> <span class='ocrx_word' id='word_1_644' title='bbox 2797 4191 2903 4249; x_wconf 87' lang='lat' dir='ltr'><strong>est,</strong></span> <span class='ocrx_word' id='word_1_645' title='bbox 2958 4184 3241 4256; x_wconf 89' lang='lat' dir='ltr'><strong>abjurata</strong></span> <span class='ocrx_word' id='word_1_646' title='bbox 3269 4184 3496 4251; x_wconf 78' lang='lat' dir='ltr'><strong>hoeresi,</strong></span> <span class='ocrx_word' id='word_1_647' title='bbox 3536 4186 3594 4241; x_wconf 88' lang='lat' dir='ltr'><strong>et</strong></span> 
     </span>
     <span class='ocr_line' id='line_1_105' title="bbox 1943 4272 3594 4344; baseline -0.002 -13"><span class='ocrx_word' id='word_1_648' title='bbox 1943 4275 2350 4332; x_wconf 80' lang='lat' dir='ltr'><strong>satisfactione</strong></span> <span class='ocrx_word' id='word_1_649' title='bbox 2369 4274 2656 4341; x_wconf 89' lang='lat' dir='ltr'><strong>exhibita,</strong></span> <span class='ocrx_word' id='word_1_650' title='bbox 2676 4274 2986 4331; x_wconf 78' lang='lat' dir='ltr'><strong>confestim</strong></span> <span class='ocrx_word' id='word_1_651' title='bbox 3015 4274 3093 4330; x_wconf 91' lang='lat' dir='ltr'><strong>ad</strong></span> <span class='ocrx_word' id='word_1_652' title='bbox 3110 4273 3291 4330; x_wconf 86' lang='lat' dir='ltr'><strong>fidem</strong></span> <span class='ocrx_word' id='word_1_653' title='bbox 3304 4272 3594 4344; x_wconf 87' lang='lat' dir='ltr'><strong>confuge·</strong></span> 
     </span>
     <span class='ocr_line' id='line_1_106' title="bbox 1939 4362 3587 4436; baseline 0 -16"><span class='ocrx_word' id='word_1_654' title='bbox 1939 4364 2015 4424; x_wconf 91' lang='lat' dir='ltr'><strong>rit</strong></span> <span class='ocrx_word' id='word_1_655' title='bbox 2060 4363 2480 4430; x_wconf 85' lang='lat' dir='ltr'><strong>orthodoxam,</strong></span> <span class='ocrx_word' id='word_1_656' title='bbox 2515 4362 2815 4420; x_wconf 78' lang='lat' dir='ltr'><strong>saecularis</strong></span> <span class='ocrx_word' id='word_1_657' title='bbox 2850 4364 3071 4436; x_wconf 87' lang='lat' dir='ltr'><strong>judicis</strong></span> <span class='ocrx_word' id='word_1_658' title='bbox 3122 4363 3368 4420; x_wconf 87' lang='lat' dir='ltr'><strong>arbitrio</strong></span> <span class='ocrx_word' id='word_1_659' title='bbox 3414 4362 3587 4420; x_wconf 88' lang='lat' dir='ltr'><strong>relin-</strong></span> 
     </span>
     <span class='ocr_line' id='line_1_107' title="bbox 1938 4451 3591 4527; baseline 0 -17"><span class='ocrx_word' id='word_1_660' title='bbox 1938 4458 2179 4526; x_wconf 89' lang='lat' dir='ltr'><strong>quatur,</strong></span> <span class='ocrx_word' id='word_1_661' title='bbox 2215 4452 2485 4510; x_wconf 87' lang='lat' dir='ltr'><strong>debitam</strong></span> <span class='ocrx_word' id='word_1_662' title='bbox 2530 4458 2876 4526; x_wconf 89' lang='lat' dir='ltr'><strong>recepturus</strong></span> <span class='ocrx_word' id='word_1_663' title='bbox 2904 4468 3014 4527; x_wconf 88' lang='lat' dir='ltr'><strong>pro</strong></span> <span class='ocrx_word' id='word_1_664' title='bbox 3040 4452 3326 4527; x_wconf 88' lang='lat' dir='ltr'><strong>qualitate</strong></span> <span class='ocrx_word' id='word_1_665' title='bbox 3366 4451 3591 4510; x_wconf 88' lang='lat' dir='ltr'><strong>facino-</strong></span> 
     </span>
     <span class='ocr_line' id='line_1_108' title="bbox 1938 4540 2359 4598; baseline 0 -1"><span class='ocrx_word' id='word_1_666' title='bbox 1938 4541 2018 4597; x_wconf 88' lang='lat' dir='ltr'><strong>ris</strong></span> <span class='ocrx_word' id='word_1_667' title='bbox 2049 4540 2359 4598; x_wconf 90' lang='lat' dir='ltr'><strong>ultionem.</strong></span> 
     </span>
    </p>

    <p class='ocr_par' dir='ltr' id='par_1_18' title="bbox 1934 4627 3590 5595">
     <span class='ocr_line' id='line_1_109' title="bbox 2009 4627 3589 4701; baseline 0 -15"><span class='ocrx_word' id='word_1_668' title='bbox 2009 4629 2121 4699; x_wconf 87' lang='lat' dir='ltr'><strong>Qui</strong></span> <span class='ocrx_word' id='word_1_669' title='bbox 2147 4646 2287 4687; x_wconf 90' lang='lat' dir='ltr'><strong>vero</strong></span> <span class='ocrx_word' id='word_1_670' title='bbox 2317 4629 2536 4686; x_wconf 88' lang='lat' dir='ltr'><strong>inventi</strong></span> <span class='ocrx_word' id='word_1_671' title='bbox 2557 4629 2775 4685; x_wconf 90' lang='lat' dir='ltr'><strong>fuerint</strong></span> <span class='ocrx_word' id='word_1_672' title='bbox 2799 4629 2927 4686; x_wconf 90' lang='lat' dir='ltr'><strong>sola</strong></span> <span class='ocrx_word' id='word_1_673' title='bbox 2949 4628 3222 4694; x_wconf 78' lang='lat' dir='ltr'><strong>Ecclesioe</strong></span> <span class='ocrx_word' id='word_1_674' title='bbox 3249 4627 3589 4701; x_wconf 89' lang='lat' dir='ltr'><strong>suspicione</strong></span> 
     </span>
     <span class='ocr_line' id='line_1_110' title="bbox 1938 4717 3588 4790; baseline -0.001 -15"><span class='ocrx_word' id='word_1_675' title='bbox 1938 4719 2253 4786; x_wconf 75' lang='lat' dir='ltr'><strong>notabiles,</strong></span> <span class='ocrx_word' id='word_1_676' title='bbox 2285 4720 2397 4776; x_wconf 89' lang='lat' dir='ltr'><strong>nisi</strong></span> <span class='ocrx_word' id='word_1_677' title='bbox 2425 4718 2502 4775; x_wconf 91' lang='lat' dir='ltr'><strong>ad</strong></span> <span class='ocrx_word' id='word_1_678' title='bbox 2532 4718 2845 4775; x_wconf 88' lang='lat' dir='ltr'><strong>arbitrium</strong></span> <span class='ocrx_word' id='word_1_679' title='bbox 2874 4718 3162 4790; x_wconf 89' lang='lat' dir='ltr'><strong>episcopi,</strong></span> <span class='ocrx_word' id='word_1_680' title='bbox 3200 4718 3370 4789; x_wconf 88' lang='lat' dir='ltr'><strong>juxta</strong></span> <span class='ocrx_word' id='word_1_681' title='bbox 3392 4717 3588 4774; x_wconf 89' lang='lat' dir='ltr'><strong>consi-</strong></span> 
     </span>
     <span class='ocr_line' id='line_1_111' title="bbox 1936 4806 3588 4880; baseline 0 -16"><span class='ocrx_word' id='word_1_682' title='bbox 1936 4808 2308 4864; x_wconf 88' lang='lat' dir='ltr'><strong>derationem</strong></span> <span class='ocrx_word' id='word_1_683' title='bbox 2341 4806 2703 4879; x_wconf 90' lang='lat' dir='ltr'><strong>suspicionis</strong></span> <span class='ocrx_word' id='word_1_684' title='bbox 2755 4806 3229 4880; x_wconf 88' lang='lat' dir='ltr'><strong>qualitatemque</strong></span> <span class='ocrx_word' id='word_1_685' title='bbox 3291 4820 3588 4877; x_wconf 76' lang='lat' dir='ltr'><strong>personoe,</strong></span> 
     </span>
     <span class='ocr_line' id='line_1_112' title="bbox 1937 4894 3590 4970; baseline -0.001 -17"><span class='ocrx_word' id='word_1_686' title='bbox 1937 4897 2243 4970; x_wconf 87' lang='lat' dir='ltr'><strong>propriam</strong></span> <span class='ocrx_word' id='word_1_687' title='bbox 2271 4896 2677 4952; x_wconf 88' lang='lat' dir='ltr'><strong>innocentiam</strong></span> <span class='ocrx_word' id='word_1_688' title='bbox 2702 4910 2971 4966; x_wconf 90' lang='lat' dir='ltr'><strong>congrua</strong></span> <span class='ocrx_word' id='word_1_689' title='bbox 3008 4894 3364 4967; x_wconf 88' lang='lat' dir='ltr'><strong>purgatione</strong></span> <span class='ocrx_word' id='word_1_690' title='bbox 3419 4909 3590 4952; x_wconf 90' lang='lat' dir='ltr'><strong>mon-</strong></span> 
     </span>
     <span class='ocr_line' id='line_1_113' title="bbox 1936 4983 3586 5056; baseline -0.001 -14"><span class='ocrx_word' id='word_1_691' title='bbox 1936 4985 2271 5049; x_wconf 85' lang='lat' dir='ltr'><strong>straverint,</strong></span> <span class='ocrx_word' id='word_1_692' title='bbox 2330 4984 2509 5043; x_wconf 91' lang='lat' dir='ltr'><strong>simili</strong></span> <span class='ocrx_word' id='word_1_693' title='bbox 2576 4986 2881 5041; x_wconf 74' lang='lat' dir='ltr'><strong>sententioe</strong></span> <span class='ocrx_word' id='word_1_694' title='bbox 2948 4984 3367 5056; x_wconf 77' lang='lat' dir='ltr'><strong>subjacebunt.</strong></span> <span class='ocrx_word' id='word_1_695' title='bbox 3445 4983 3586 5041; x_wconf 88' lang='lat' dir='ltr'><strong>lllos</strong></span> 
     </span>
     <span class='ocr_line' id='line_1_114' title="bbox 1935 5073 3587 5147; baseline -0.002 -15"><span class='ocrx_word' id='word_1_696' title='bbox 1935 5079 2139 5133; x_wconf 88' lang='lat' dir='ltr'><strong>autem</strong></span> <span class='ocrx_word' id='word_1_697' title='bbox 2179 5074 2280 5147; x_wconf 86' lang='lat' dir='ltr'><strong>qui</strong></span> <span class='ocrx_word' id='word_1_698' title='bbox 2330 5078 2467 5147; x_wconf 90' lang='lat' dir='ltr'><strong>post</strong></span> <span class='ocrx_word' id='word_1_699' title='bbox 2502 5073 2943 5145; x_wconf 83' lang='lat' dir='ltr'><strong>abjurationem</strong></span> <span class='ocrx_word' id='word_1_700' title='bbox 2992 5074 3230 5140; x_wconf 89' lang='lat' dir='ltr'><strong>erroris,</strong></span> <span class='ocrx_word' id='word_1_701' title='bbox 3292 5073 3383 5130; x_wconf 88' lang='lat' dir='ltr'><strong>vel</strong></span> <span class='ocrx_word' id='word_1_702' title='bbox 3417 5076 3587 5146; x_wconf 88' lang='lat' dir='ltr'><strong>post-</strong></span> 
     </span>
     <span class='ocr_line' id='line_1_115' title="bbox 1934 5160 3582 5237; baseline -0.001 -18"><span class='ocrx_word' id='word_1_703' title='bbox 1934 5179 2123 5237; x_wconf 87' lang='lat' dir='ltr'><strong>quam</strong></span> <span class='ocrx_word' id='word_1_704' title='bbox 2160 5178 2243 5230; x_wconf 90' lang='lat' dir='ltr'><strong>se,</strong></span> <span class='ocrx_word' id='word_1_705' title='bbox 2298 5166 2362 5219; x_wconf 90' lang='lat' dir='ltr'><strong>ut</strong></span> <span class='ocrx_word' id='word_1_706' title='bbox 2402 5161 2690 5230; x_wconf 85' lang='lat' dir='ltr'><strong>diximus,</strong></span> <span class='ocrx_word' id='word_1_707' title='bbox 2732 5162 2956 5235; x_wconf 88' lang='lat' dir='ltr'><strong>proprii</strong></span> <span class='ocrx_word' id='word_1_708' title='bbox 3009 5162 3287 5218; x_wconf 90' lang='lat' dir='ltr'><strong>antistitis</strong></span> <span class='ocrx_word' id='word_1_709' title='bbox 3348 5160 3582 5219; x_wconf 90' lang='lat' dir='ltr'><strong>exami-</strong></span> 
     </span>
     <span class='ocr_line' id='line_1_116' title="bbox 1934 5249 3584 5326; baseline 0 -17"><span class='ocrx_word' id='word_1_710' title='bbox 1934 5253 2175 5310; x_wconf 89' lang='lat' dir='ltr'><strong>natione</strong></span> <span class='ocrx_word' id='word_1_711' title='bbox 2201 5251 2607 5324; x_wconf 89' lang='lat' dir='ltr'><strong>purgaverint,</strong></span> <span class='ocrx_word' id='word_1_712' title='bbox 2640 5249 2996 5324; x_wconf 90' lang='lat' dir='ltr'><strong>deprehensi</strong></span> <span class='ocrx_word' id='word_1_713' title='bbox 3033 5250 3254 5307; x_wconf 89' lang='lat' dir='ltr'><strong>fuerint</strong></span> <span class='ocrx_word' id='word_1_714' title='bbox 3299 5251 3361 5308; x_wconf 91' lang='lat' dir='ltr'><strong>in</strong></span> <span class='ocrx_word' id='word_1_715' title='bbox 3407 5249 3584 5326; x_wconf 88' lang='lat' dir='ltr'><strong>abju-</strong></span> 
     </span>
     <span class='ocr_line' id='line_1_117' title="bbox 1937 5339 3584 5413; baseline -0.001 -14"><span class='ocrx_word' id='word_1_716' title='bbox 1937 5347 2132 5399; x_wconf 88' lang='lat' dir='ltr'><strong>ratam</strong></span> <span class='ocrx_word' id='word_1_717' title='bbox 2180 5340 2457 5398; x_wconf 82' lang='lat' dir='ltr'><strong>haeresim</strong></span> <span class='ocrx_word' id='word_1_718' title='bbox 2495 5340 2797 5407; x_wconf 89' lang='lat' dir='ltr'><strong>recidisse,</strong></span> <span class='ocrx_word' id='word_1_719' title='bbox 2848 5339 3118 5397; x_wconf 81' lang='lat' dir='ltr'><strong>soeculari</strong></span> <span class='ocrx_word' id='word_1_720' title='bbox 3160 5340 3412 5413; x_wconf 82' lang='lat' dir='ltr'><strong>judicio,</strong></span> <span class='ocrx_word' id='word_1_721' title='bbox 3455 5340 3584 5398; x_wconf 80' lang='lat' dir='ltr'><strong>sine</strong></span> 
     </span>
     <span class='ocr_line' id='line_1_118' title="bbox 1940 5428 3582 5503; baseline -0.001 -17"><span class='ocrx_word' id='word_1_722' title='bbox 1940 5429 2061 5487; x_wconf 89' lang='lat' dir='ltr'><strong>ulla</strong></span> <span class='ocrx_word' id='word_1_723' title='bbox 2096 5429 2335 5503; x_wconf 89' lang='lat' dir='ltr'><strong>penitus</strong></span> <span class='ocrx_word' id='word_1_724' title='bbox 2365 5428 2692 5495; x_wconf 89' lang='lat' dir='ltr'><strong>audientia,</strong></span> <span class='ocrx_word' id='word_1_725' title='bbox 2718 5428 3099 5486; x_wconf 90' lang='lat' dir='ltr'><strong>decernimus</strong></span> <span class='ocrx_word' id='word_1_726' title='bbox 3132 5428 3582 5503; x_wconf 86' lang='lat' dir='ltr'><strong>relinquendos,</strong></span> 
     </span>
     <span class='ocr_line' id='line_1_119' title="bbox 1934 5518 3581 5595; baseline 0 -15"><span class='ocrx_word' id='word_1_727' title='bbox 1934 5519 2113 5580; x_wconf 85' lang='lat' dir='ltr'><strong>bonis</strong></span> <span class='ocrx_word' id='word_1_728' title='bbox 2135 5518 2588 5587; x_wconf 86' lang='lat' dir='ltr'><strong>damnatorum,</strong></span> <span class='ocrx_word' id='word_1_729' title='bbox 2615 5518 2880 5578; x_wconf 85' lang='lat' dir='ltr'><strong>ecclesiis</strong></span> <span class='ocrx_word' id='word_1_730' title='bbox 2895 5518 3120 5595; x_wconf 82' lang='lat' dir='ltr'><strong>quibus</strong></span> <span class='ocrx_word' id='word_1_731' title='bbox 3141 5519 3581 5589; x_wconf 84' lang='lat' dir='ltr'><strong>deserviebant,</strong></span> 
     </span>
    </p>
   </div>
  </div>
 </body>
</html>
