3784 6000
1107 251 1309 315 nls‘r.
1356 249 1633 315 RERUM
1677 243 2227 310 TRANSMARIN.
2271 278 2351 292 —
2394 244 2536 309 Lm.
2584 245 2693 309 111.

178 387 362 447 mauu
387 385 770 444 sollicitudine
796 393 850 443 et
883 389 1108 458 urgente
1138 386 1833 458 instantia'compulerunt
1860 382 1916 449 Α
1943 386 1999 437 et
2023 380 2228 437 statuti
2261 396 2458 438 eoram
2490 380 2879 454 principibus,
2912 399 3017 455 pro
3038 381 3158 442 vita
3178 383 3391 440 civium
3422 391 3477 441 et
3497 385 3593 441 in-

177 477 258 536 ad
284 476 646 533 deditionem.
681 475 833 534 Unde
843 491 941 532 nos
961 477 1041 532 od
1061 482 1218 532 tuom
1236 477 1535 546 dirigentes
1561 478 1832 533 serenita-

178 574 315 633 tem,
344 582 632 621 monemus
650 571 707 621 et
728 564 1090 621 exhortamur
1133 569 1419 634 attentius,
1462 570 1731 639 quatenns
1759 564 1836 620 ad

177 659 369 728 partes
398 655 534 711 illos
562 654 628 710 de
654 655 765 710 tuis
791 655 1130 726 principibus
1158 671 1283 710 cum
1302 656 1705 726 sufficientibus
1729 671 1835 711 ex-

174 746 554 819 peditionibus
581 745 796 817 aliquos
829 748 1048 801 mittere
1084 762 1193 802 non
1236 747 1488 813 moreris,
1519 747 1617 818 qui
1645 745 1836 801 urbem

174 836 455 892 traditam
480 834 553 890 nd
573 834 835 890 honorem
860 836 946 889 tui
972 836 1219 891 nominis
1237 851 1558 891 conservare
1578 835 1794 891 valetud
1812 850 1833 889 .·

170 927 221 982 et
238 925 601 996 captivorum
631 922 1045 979 multitudinem
1073 922 1202 978 hinc
1232 925 1546 991 transferre
1570 925 1684 979 sint
1716 922 1835 979 ido-

169 1015 285 1071 nei.
322 1013 435 1069 Nos
464 1014 637 1078 enim,
669 1011 804 1068 urbe
832 1015 1025 1070 oestrae
1052 1012 1368 1070 celsitudini
1395 1017 1690 1086 resignato,
1725 1016 1836 1070 iter

167 1102 315 1178 quod
340 1102 511 1159 semel
552 1104 968 1174 assumpsimus,
1016 1105 1242 1160 auctore
1286 1104 1536 1172 Domino,
1582 1105 1838 1176 prosequi

175 1206 289 1248 non
317 1190 663 1263 differemus.

810 1278 1044 1336 CAPUT
1082 1279 1211 1336 ΧΠ.

174 1373 510 1445 Imperator,
538 1373 718 1427 missis
746 1369 982 1432 nuntiis,
1006 1370 1195 1426 urbem
1223 1371 1417 1442 recipit
1438 1391 1460 1439 ,·
1485 1372 1837 1444 principibus

243 1443 472 1514 pretias
489 1458 680 1513 opens,
711 1457 946 1498 numero
977 1444 1165 1498 mittit.
1201 1443 1322 1498 lnd‘
1357 1451 1527 1499 natur
1556 1445 1791 1516 populus
1816 1465 1832 1514 ς

244 1521 421 1585 pacta
442 1517 728 1584 contracta
745 1517 1029 1587 queruur;
1046 1516 1291 1587 captivos
1302 1460 1836 1586 ffonsaeantinopolim

244 1589 489 1716 mosae
509 1588 819 1659 imperator
865 1584 1101 1642 remittit
1140 1585 1211 1642 nd
1232 1591 1493 1660 propria,
1514 1590 1836 1646 muneribus

362 1675 431 1716 or
493 1674 575 1715 os.

1944 469 2277 526 columitate
2308 469 2655 542 supplicant,
2687 471 2944 528 dicentes
2972 488 3039 530 eo
3069 473 3308 530 domino
3338 473 3595 546 impera·

1944 560 2055 615 tori
2086 560 2289 616 urbem
2321 561 2664 630 restituisse,
2695 563 2752 616 et
2781 578 2918 618 suas
2940 563 3088 635 jugo
3110 562 3271 620 illius
3289 564 3596 636 potestatis

1945 648 2198 705 cervices
2265 650 2647 720 mancipasse.
2710 650 2801 706 Sic
2859 667 2995 724 ergo
3070 657 3261 725 capta,
3308 660 3364 708 et
3411 651 3597 725 copiis

1947 754 2077 811 que
2106 737 2378 794 sufficere
2404 738 2753 795 videbantur
2780 740 2849 796 ad
2874 740 3035 797 urbis
3064 742 3370 798 tuitionem
3402 742 3598 815 depu-

1945 827 2099 882 tatis.
2134 826 2449 883 Solimanni
2480 844 2626 884 uxor
2653 844 2787 884 cum
2819 830 3052 887 duobus
3082 829 3241 899 filiis,
3282 831 3353 887 de
3378 830 3597 903 quibus

1946 916 2340 991 praediximus,
2363 919 2796 991 etcsptivorum
2813 921 3036 994 ingenti
3061 921 3432 978 multitudine
3445 920 3600 979 Con-

1946 1007 2382 1078 stantinopolim
2414 1009 2699 1066 translata
2719 1015 2829 1079 est,
2863 1009 2958 1067 ubi
2991 1010 3062 1066 ab
3097 1011 3449 1083 imperatore
3478 1025 3595 1067 non

1947 1096 2139 1152 solum
2169 1095 2505 1166 clementer,
2538 1113 2735 1155 verum
2757 1101 2813 1155 et
2833 1097 3153 1156 liberaliter
3174 1098 3352 1155 nimis
3382 1102 3597 1155 tracta-

1947 1189 2014 1260 ti,
2043 1189 2196 1246 infra
2218 1205 2435 1261 paucos
2457 1189 2581 1248 dies
2604 1190 2854 1248 libertati
2875 1191 3136 1264 pristinas
3158 1194 3299 1247 sunt
3319 1190 3588 1247 restituti.

1948 1278 2010 1335 Id
2042 1285 2234 1336 autem
2283 1296 2351 1336 ea
2381 1280 2583 1337 fecisse
2631 1281 2843 1338 dicitur
2872 1282 3216 1350 intentione,
3250 1287 3309 1337 ut
3333 1285 3412 1349 et,
3443 1281 3595 1338 Tur-

1947 1384 2147 1426 corum
2165 1367 2278 1424 sibi
2297 1369 2698 1428 reconciliaret
2724 1371 2992 1443 gratiam,
3016 1370 3148 1427 etin
3171 1374 3432 1427 nostram
3452 1384 3595 1443 pro-

1948 1458 2244 1531 pensiores
2260 1459 2384 1515 suis
2400 1459 2700 1517 beneflciis
2720 1461 2992 1518 excitaret
3012 1461 3317 1534 injuriam3
3342 1465 3402 1517 et
3421 1460 3591 1525 alios,

1947 1547 2253 1621 siquando
2274 1549 2477 1605 urbem
2499 1565 2639 1606 casu
2662 1550 2922 1622 quolibet
2934 1551 3295 1623 contingeret
3313 1548 3593 1619 obsideri,

1947 1655 1983 1694 a
2022 1638 2318 1695 deditione
2348 1638 2524 1696 simili
2557 1656 2671 1696 non
2711 1641 3043 1697 deterreret.
3076 1640 3259 1713 Capta
3278 1644 3370 1697 est
3394 1644 3594 1698 autem

248 1747 357 1805 m,
400 1747 649 1814 gadim,
686 1746 1052 1804 laetgbundug
1100 1747 1417 1820 impu-⁸201·
1454 1752 1512 1805 οἱ
1551 1751 1831 1820 gaudens,
1865 1759 1920 1828 B
1947 1728 2088 1783 urbs
2136 1726 2327 1783 Nicaea
2373 1744 2525 1786 anno
2580 1728 2651 1785 ab
2711 1729 3115 1787 Incarnatione
3171 1729 3403 1786 Domini
3452 1729 3595 1786 1097

181 1837 475 1913 quosdam
505 1837 580 1893 de
600 1835 994 1892 familiaribus
1023 1836 1166 1906 suis,
1190 1838 1260 1893 ds
1282 1853 1528 1910 quorum
1556 1838 1668 1897 ilde
1690 1857 1840 1914 prae-

183 1927 461 1986 sumebat
500 1929 561 1983 et
587 1924 898 1997 industria,
947 1941 1081 1983 oum
1124 1926 1463 1999 ingentibus
1511 1931 1715 2002 copiis,
1765 1935 1838 1991 ad

181 2021 376 2090 partes
397 2014 534 2073 illas
553 2014 774 2088 dirigit,
797 2014 898 2087 qui
919 2019 978 2072 et
999 2014 1202 2072 urbem
1230 2016 1575 2088 suscipiant,
1598 2023 1655 2075 et
1670 2037 1838 2077 com-

183 2104 459 2161 muniant
494 2104 867 2175 susceptam3
900 2118 1132 2159 omnem
1162 2103 1521 2173 captivorum
1553 2107 1839 2165 substan-

182 2193 350 2261 tiam,
380 2196 509 2248 tam
540 2189 601 2247 in
631 2206 775 2247 auro
806 2197 860 2247 et
891 2193 1150 2264 argento,
1174 2207 1353 2263 quam
1376 2190 1436 2248 in
1459 2193 1719 2264 quolibet
1748 2212 1840 2253 su-

183 2281 502 2357 pellectilis
522 2296 733 2354 genere
751 2279 861 2336 sibi
881 2279 1243 2339 vindicantes
1267 2297 1281 2335 ε
1305 2281 1666 2356 singulisque
1685 2288 1767 2354 pri
1776 2303 1839 2342 n-

184 2372 421 2446 cipibus
452 2371 608 2427 dona
639 2370 876 2426 mittens
901 2369 1183 2441 ingentia,
1205 2386 1526 2445 eorumque
1553 2371 1762 2431 litteris
1782 2378 1839 2431 et

183 2463 319 2518 viva
345 2475 493 2517 voce
539 2463 783 2532 captans
821 2459 1283 2517 benevolentiam
1309 2477 1324 2529 ;
1354 2466 1548 2533 grates
1581 2479 1684 2535 pro
1715 2469 1835 2521 tam

184 2556 437 2610 honesto
480 2548 736 2617 servitio,
780 2552 1062 2621 tantoque
1106 2550 1360 2621 imperii,
1399 2551 1551 2623 quod
1586 2568 1687 2622 per
1716 2569 1832 2623 ecs,

179 2642 536 2707 secesserat,
566 2638 947 2706 incremento,
980 2638 1155 2694 refert
1178 2639 1462 2710 ingentes.
1493 2640 1711 2699 Verum
1738 2659 1839 2716 po-

182 2729 361 2805 pulus
390 2732 452 2785 et
497 2725 764 2784 mundas
813 2742 1025 2782 manus
1073 2725 1366 2794 homines,
1407 2728 1504 2800 qui
1533 2730 1603 2786 ad
1635 2730 1744 2788 hoc
1775 2731 1836 2789 in

179 2819 477 2894 praedicto
509 2816 669 2874 urbis
705 2815 864 2873 orbis
892 2815 1197 2873 obsidione
1227 2817 1550 2874 studiosius
1580 2818 1838 2876 desuda-

180 2911 412 2974 verant,
432 2909 501 2965 ut
532 2907 603 2963 de
620 2903 829 2977 spoliis
857 2907 1219 2978 captivorum
1250 2906 1484 2976 civium,
1503 2911 1561 2964 et
1576 2909 1646 2965 de
1667 2911 1833 2966 subs-

185 2998 375 3057 tantia
416 2993 737 3069 multiplici
768 2995 921 3053 infra
950 2996 1156 3053 urbem
1188 3002 1433 3069 reperta,
1467 3014 1661 3055 rerum
1695 3016 1834 3057 sua·

1947 1831 2150 1873 mense
2177 1817 2376 1890 sunio,
2399 1819 2472 1874 20
2504 1818 2598 1875 die
2630 1819 2865 1876 mensis.

2561 1943 2791 2001 CAPUT
2827 1942 2974 2000 XIII.

1944 2030 2138 2088 Soluto
2179 2032 2457 2089 obsidione
2486 2034 2595 2088 iter
2638 2035 2882 2101 arripuit
2924 2033 3218 2091 exercitus.
3262 2030 3594 2089 Dividunlur

2013 2106 2082 2160 αὸ
2122 2106 2356 2160 invicem
2401 2103 2697 2176 principes.
2742 2104 3098 2161 solimannus
3125 2119 3251 2159 cum
3280 2106 3592 2161 innumeris

2013 2178 2183 2248 copiis
2215 2178 2419 2232 iterum
2445 2179 2726 2232 occurrit..

2014 2281 2217 2339 soluta
2245 2282 2421 2356 igitur
2460 2282 2788 2352 obsidione,
2819 2284 2889 2339 de
2921 2282 3200 2339 mandato
3233 2281 3591 2354 principum,

1942 2372 2155 2428 iterum
2197 2371 2267 2428 ad
2308 2372 2798 2444 proficiscendum
2846 2371 3126 2427 invitatur
3172 2371 3481 2440 exercitus,
3534 2378 3589 2429 et

1943 2461 2283 2534 compositis
2311 2462 2584 2518 sarcinis.
2618 2478 2683 2518 ιιι
2712 2460 2955 2518 Kalend.
2983 2459 3014 2514 J
3024 2459 3125 2515 ulii
3144 2459 3255 2515 iter
3275 2461 3587 2529 arripiunt.

1942 2550 2205 2623 Cumque
2220 2567 2320 2624 per
2334 2551 2574 2606 biduum
2591 2551 2813 2621 junctis
2835 2547 3164 2622 legionibus
3187 2548 3589 2619 incessissent,

1943 2657 2083 2700 casu
2115 2646 2280 2700 nocte
2317 2639 2417 2696 illa
2457 2655 2625 2697 secus
2666 2641 2978 2714 quemdam
3011 2642 3265 2711 pontem,
3297 2655 3592 2713 aquarum

1943 2730 2419 2790 commoditatem
2483 2730 2688 2800 secuti,
2756 2729 3154 2787 castrametati
3225 2732 3385 2796 sunt,
3437 2730 3596 2786 unde

1941 2837 2172 2879 summo
2219 2820 2476 2877 diluculo
2524 2823 2659 2876 ante
2704 2819 2852 2876 lucis
2885 2822 3175 2882 exortum,
3209 2818 3349 2875 dum
3399 2817 3591 2875 adhuc

1942 2915 2141 2968 essent
2159 2911 2411 2967 tenebrae
2431 2924 2638 2966 rursus
2669 2909 2738 2964 ad
2759 2908 2870 2964 iter
2896 2924 2959 2965 se
2978 2908 3366 2980 accingentes,
3397 2911 3591 2964 trans·

1940 2998 2019 3056 ito
2051 3004 2246 3072 ponte,
2276 3000 2398 3056 sive
2428 3016 2591 3069 casu,
2631 2997 2754 3057 sive
2793 3014 2863 3054 ex
2901 2997 3212 3067 industria,
3247 2996 3423 3054 divisi
3453 3002 3592 3055 sunt

176 3105 313 3148 rum
343 3087 655 3162 dispendia
685 3102 813 3159 quo
836 3085 1213 3159 pertulerant,
1247 3088 1523 3144 resarcire
1549 3093 1828 3162 possent;
1861 3136 1907 3201 c
1946 3090 2240 3162 principes
2270 3089 2635 3161 ablinvibem,
2661 3105 2789 3147 cum
2821 3089 2945 3145 suis
2969 3088 3454 3160 expeditionibus.
3481 3088 3590 3145 Do-

176 3179 467 3246 videntes,
512 3178 665 3250 quod
704 3192 819 3234 non
851 3176 992 3233 satis
1024 3193 1183 3249 aequa
1212 3177 1474 3235 mercede
1503 3192 1704 3235 eorum
1734 3196 1830 3236 re·
1948 3179 2146 3236 minus
2176 3177 2332 3234 enim
2381 3177 2760 3235 Boamundus
2790 3181 2847 3235 et
2876 3177 3343 3234 Ncrmannorum
3368 3193 3586 3247 comes,

173 3270 522 3327 muneraret
553 3266 816 3336 labores3
850 3267 1125 3338 quodque
1159 3266 1573 3338 publicandum
1607 3272 1733 3325 erat
1761 3285 1830 3326 ex

173 3364 501 3428 compacto,
547 3354 721 3412 rebus
766 3353 1153 3412 familiaribus
1194 3358 1252 3412 et
1281 3355 1419 3413 fisco
1466 3357 1678 3415 inferre
1725 3375 1830 3416 suo

175 3449 554 3522 proponeret,
609 3462 757 3518 egre
797 3445 974 3501 nimis
1013 3444 1290 3511 tulerunt,
1323 3446 1405 3502 ita
1435 3452 1497 3503 ut
1526 3448 1832 3519 poeniteret

176 3554 275 3595 eos
304 3544 363 3593 et
388 3534 643 3607 impensi
690 3533 905 3590 laboris
951 3537 1008 3590 et
1048 3539 1413 3604 sumptuum,
1448 3551 1618 3608 qnos,
1650 3542 1717 3592 ut
1745 3538 1830 3594 eis

173 3626 513 3695 videbatur,
559 3622 844 3679 inutiliter
891 3622 1250 3679 attriverant.
1297 3622 1408 3679 Sed
1448 3627 1506 3678 et
1539 3624 1830 3699 principes

175 3714 459 3772 eumdem
475 3715 904 3784 imperatorem,
927 3712 1083 3768 circa
1107 3716 1407 3784 pactorum
1426 3716 1689 3771 tenorem
1713 3730 1831 3772 ma·

173 3803 375 3861 litiose
420 3807 712 3860 versatum
756 3805 1090 3858 constanter
1158 3802 1514 3860 asserebant.
1572 3802 1717 3861 Nam
1766 3805 1829 3863 in

173 3898 488 3967 pactorum
537 3890 684 3948 serie
732 3905 861 3963 ques
909 3890 1060 3946 inter
1086 3905 1185 3948 eos
1220 3889 1365 3947 inita
1414 3891 1658 3962 fuerant,
1709 3894 1828 3950 hoec

172 3983 433 4043 formula
478 3980 781 4037 diceb-tur
826 3981 1170 4038 interserta:
1203 3980 1359 4053 Quod
1385 3982 1438 4039 si
1478 3983 1720 4054 aliquam
1764 3984 1830 4042 de

174 4074 433 4141 urbibus,
464 4085 592 4144 με
628 4072 747 4141 eius
785 4070 1013 4142 imperii
1038 4071 1288 4141 ruerant,
1339 4076 1453 4128 tota
1497 4072 1597 4129 illa
1637 4088 1831 4130 eorum

172 4163 538 4237 profectione,
586 4175 760 4234 usque
787 4162 848 4216 in
878 4160 1124 4233 Syriam,
1170 4162 1383 4233 proecic
1413 4162 1635 4218 Domini
1657 4162 1829 4222 mise-

174 4251 443 4318 ricordio,
471 4252 597 4323 copi
623 4250 984 4321 contingeret,
1009 4251 1141 4308 urbe
1168 4266 1292 4306 cum
1323 4250 1696 4323 adjacentibus
1708 4269 1830 4326 per-

174 4343 439 4400 tinentiis
484 4343 810 4418 imperctori
849 4344 1121 4404 resticula.
1170 4342 1379 4414 proedo,
1427 4342 1728 4411 monubiae,
1777 4348 1829 4403 ct

177 4435 445 4492 universa
470 4433 689 4507 reliqua
708 4432 1041 4502 substantia,
1063 4432 1414 4500 exercitibus,
1436 4435 1496 4487 in
1517 4434 1722 4491 laboris
1745 4451 1831 4492 re-

175 4525 623 4581 munerationem
651 4528 707 4580 et
734 4525 1067 4594 refusionem
1099 4525 1475 4595 impensarum
1501 4526 1724 4581 omnino
1752 4542 1830 4583 ce·

174 4614 333 4673 deret
359 4614 488 4670 sine
513 4610 966 4670 contradictione.
997 4612 1068 4668 Et
1096 4610 1230 4670 licet
1261 4612 1475 4669 nostris
1504 4614 1644 4670 satis
1664 4614 1834 4674 facile

176 4707 235 4760 et
262 4703 326 4759 in
355 4700 630 4775 expedito
658 4707 831 4769 esset,
865 4701 1234 4773 imperatoris
1254 4698 1538 4758 familiam
1570 4700 1740 4776 longe
1760 4705 1832 4762 ab

177 4792 325 4850 urbe
355 4789 660 4863 repellere,
693 4796 749 4846 et
778 4789 850 4845 ad
880 4788 1179 4846 dominum
1211 4806 1384 4847 suum
1407 4790 1703 4850 remittere
1730 4810 1834 4851 va-

179 4896 322 4937 cuos
352 4880 540 4952 idque
549 4879 685 4952 jure
707 4878 908 4935 fecisse
925 4878 1257 4936 viderentur
1279 4898 1296 4951 ;
1316 4896 1450 4936 nam
1478 4882 1736 4953 iniquum
1755 4890 1834 4942 est

177 4972 233 5027 ei
276 4968 447 5042 fidem
473 4967 710 5036 servari,
760 4968 857 5039 qui
898 4974 1094 5024 contro
1138 4973 1299 5040 pacto
1341 4973 1552 5029 nititur
1578 4975 1834 5029 versari:

178 5064 385 5116 tamen
414 5057 692 5115 timorem
732 5056 962 5113 Domini
993 5056 1276 5114 habentes
1305 5075 1424 5130 pras
1453 5061 1644 5119 oculis
1671 5069 1727 5119 et
1758 5063 1831 5119 ad

177 5150 413 5221 majora
430 5147 790 5218 festinantes,
815 5147 1054 5203 verbum
1067 5146 1137 5202 de
1153 5149 1453 5206 communi
1474 5152 1834 5222 providentia

177 5236 605 5306 dissimulant;
637 5236 1038 5310 populumque
1060 5235 1304 5294 moleste
1323 5239 1381 5294 id
1414 5239 1713 5313 ferentem,
1735 5241 1833 5299 ho·

179 5327 369 5386 nesus
388 5328 795 5400 comprimunt
815 5324 1320 5399 persuasionibus,
1345 5332 1410 5384 ut
1430 5329 1683 5403 expediti
1706 5347 1832 5402 pro-

178 5419 377 5492 posito
420 5416 660 5475 valeant
704 5415 1064 5474 satisfacere.
1109 5415 1287 5472 Greci
1315 5432 1451 5475 vero
1481 5418 1579 5490 qui
1620 5420 1694 5478 ad
1722 5420 1829 5481 hoc

180 5508 351 5566 misci
383 5508 638 5579 fuerant,
672 5505 879 5564 urbem
897 5504 1314 5580 ingredientes,
1339 5509 1631 5583 susceptis
1647 5512 1828 5571 armis

178 5598 426 5670 civium,
459 5601 520 5655 et
546 5594 841 5656 deditione
865 5595 1180 5671 completa,
1210 5599 1491 5660 uenatu
1516 5599 1590 5659 ad
1618 5607 1830 5677 saara,

1942 3272 1999 3326 et
2025 3267 2355 3339 Stephanus
2385 3283 2577 3324 comes
2625 3266 3004 3337 Blesensium,
3045 3266 3380 3324 Tencredus
3409 3266 3586 3324 etiam

1940 3363 1997 3414 et
2021 3361 2188 3431 Hugo
2218 3373 2410 3414 comes
2440 3357 2511 3414 de
2539 3358 2751 3415 Sancto
2773 3356 2971 3425 Paulo,
2991 3355 3192 3414 laevam
3223 3356 3408 3414 secuti
3431 3372 3587 3414 scor·

1940 3464 2072 3505 sum
2122 3446 2224 3504 illa
2248 3447 2339 3504 die
2387 3447 2649 3520 profecti,
2689 3448 2747 3504 in
2790 3447 3001 3504 vallem
3053 3453 3443 3521 pervenerunt
3490 3446 3586 3505 cui

1940 3554 2133 3596 nomen
2164 3537 2457 3611 Gorgoni:
2495 3537 2684 3609 ibique
2713 3553 2884 3593 secus
2932 3537 3119 3607 ripam
3167 3536 3325 3593 fluvii
3370 3537 3581 3593 decur-

1938 3628 2142 3696 rentis,
2175 3643 2523 3700 pascuorum
2556 3627 2835 3682 habentes
2864 3625 3340 3681 commoditatem
3369 3629 3428 3681 et
3455 3640 3585 3694 gra-

1939 3717 2118 3773 minis
2161 3716 2314 3773 circa
2363 3715 2567 3770 horam
2617 3729 2831 3770 nonam
2881 3717 3071 3770 castra
3101 3713 3453 3781 locaverant,
3485 3712 3585 3770 ubi

1938 3810 1996 3861 et
2023 3813 2252 3862 noctem
2282 3804 2468 3873 illam,
2518 3801 2753 3860 solliciti
2783 3807 3006 3869 tamen,
3035 3800 3243 3858 locatis
3286 3800 3348 3857 in
3378 3817 3585 3874 gyrum

1936 3893 2216 3959 excubiis,
2249 3895 2504 3968 quietam
2526 3895 2953 3964 transegerunt.
2977 3889 3203 3963 Reliqui
3224 3905 3353 3947 vero
3382 3905 3588 3947 omnes

1938 3985 2201 4041 dextram
2232 3985 2519 4052 tenentes,
2550 3980 2713 4037 illam
2744 3981 3175 4052 compleverunt
3200 3978 3433 4036 diaetam
3464 3997 3481 4051 3
3530 3981 3589 4037 et

1934 4075 2033 4131 vix
2061 4091 2093 4128 a
2124 4072 2531 4146 praedictorum
2561 4071 2765 4127 castris
2798 4070 3028 4128 duobus
3057 4070 3341 4128 distantes
3370 4068 3584 4127 millia·

1937 4166 2123 4233 ribus,
2156 4164 2213 4220 in
2246 4161 2389 4219 locis
2427 4161 2628 4218 itidem
2670 4160 2925 4233 pascuis,
2957 4165 3014 4217 et
3044 4176 3330 4232 aquarum
3360 4159 3588 4216 baben-

1936 4253 2099 4311 tibus
2136 4251 2627 4320 commoditatem,
2677 4254 2870 4307 castra
2912 4253 3373 4324 composuerant.
3428 4248 3588 4307 Soli-

1940 4359 2189 4401 mannas
2209 4358 2363 4412 vero,
2386 4342 2560 4399 illatae
2583 4357 2808 4398 memor
2835 4340 3087 4412 inJuriae,
3120 4345 3179 4396 et
3200 4340 3270 4397 ad
3294 4338 3583 4410 animum,

1939 4450 2215 4491 revocans
2245 4433 2374 4489 sine
2403 4432 2857 4499 intermissione,
2891 4430 3185 4505 quomodo
3208 4429 3463 4504 perillos
3485 4447 3581 4487 ur·

1862 4510 1911 4578 D
1942 4524 2074 4581 bem
2114 4522 2431 4597 egregiam,
2481 4538 2719 4578 uxorem
2752 4526 2809 4579 ot
2840 4519 2989 4579 filios
3036 4520 3352 4587 amisisset,
3403 4519 3474 4575 ad
3523 4519 3582 4574 id

1941 4614 2082 4671 totis
2113 4613 2339 4669 viribus
2368 4610 2680 4668 anhelabat
2710 4615 2775 4666 ut
2803 4610 2885 4666 eis
2910 4610 3095 4667 vicem
3129 4608 3494 4681 rependeret,
3529 4608 3587 4663 et

1941 4702 2187 4776 aliquas,
2219 4703 2269 4759 si
2302 4706 2517 4773 posset,
2558 4700 2643 4757 eis
2674 4702 3044 4772 praestrueret
3071 4696 3339 4754 insidias.
3371 4695 3588 4752 Convo-

1942 4792 2089 4850 catis
2115 4794 2312 4864 itaque
2339 4789 2674 4865 ingentibus
2711 4788 2902 4844 denuo
2935 4786 3188 4842 militum
3227 4783 3434 4856 copiis,
3462 4787 3586 4857 :no-

1944 4887 2198 4938 strorum
2226 4897 2260 4936 a
2290 4879 2449 4941 laeva,
2481 4878 2658 4950 saquis
2690 4892 2835 4949 pene
2858 4875 3152 4950 passibus,
3186 4874 3583 4945 subsequeba-

1942 4974 2039 5025 tur
2065 4970 2423 5034 exercitum,-
2463 4968 2522 5023 in
2563 4983 2679 5040 quo
2709 4966 2882 5022 etiam
2915 4965 3308 5039 exploratores
3337 4964 3584 5034 babens,

1942 5059 2043 5134 qui
2072 5059 2143 5114 de
2174 5060 2327 5114 statu
2348 5055 2860 5127 proficiscentium,
2884 5070 3014 5112 eum
3039 5054 3438 5112 indesinenter
3461 5054 3588 5112 red-

1943 5150 2145 5205 derent
2173 5146 2507 5213 doctiorem,
2543 5144 2987 5216 proestolabatur
3012 5144 3250 5201 assiduo
3269 5143 3584 5216 quomodo,

1943 5241 2177 5309 sumpta
2205 5234 2506 5292 occasione
2536 5238 2863 5307 opportuna
2891 5233 2951 5290 in
2983 5250 3081 5291 eos
3113 5237 3313 5307 posset
3341 5232 3583 5288 irruere.

1942 5326 2181 5399 Cognito
2213 5327 2406 5381 autem
2438 5341 2543 5398 per
2560 5325 2793 5382 eosdem
2821 5324 2974 5397 quod
3008 5323 3235 5379 divisus
3262 5324 3412 5378 esset
3430 5336 3589 5377 exer-

1941 5417 2110 5480 citus.
2143 5419 2201 5473 et
2229 5429 2366 5486 pars
2398 5414 2577 5471 altera
2606 5431 2736 5487 ques
2771 5414 2991 5471 viribus
3027 5416 3085 5469 et
3119 5428 3364 5469 numero
3399 5409 3590 5470 minor

1941 5505 2259 5572 videbatur,
2291 5502 2407 5561 sibi
2434 5508 2560 5562 erat
2585 5503 2850 5576 vicinior,
2879 5502 3088 5561 boram
3108 5506 3273 5560 ratus
3292 5501 3587 5559 invenisse

1942 5596 2392 5671 competentem,
2421 5594 2726 5654 descendit
2742 5594 2816 5653 ds
2838 5592 3142 5654 montibus
3160 5607 3294 5653 cum
3322 5591 3426 5652 illc
3451 5606 3590 5651 suo·
