3784 6000
273 247 389 308 499

1338 246 1764 311 GUILLELMI
1807 251 2192 315 TYRENSIS
2233 250 2601 314 AchlEP.

3567 254 3689 316 500

276 381 420 451 hem,
452 381 594 454 quod
617 381 830 438 dicitur
872 379 1217 436 Bethbezan:
1249 383 1301 436 et
1319 379 1426 437 duo
1455 382 1663 438 casalia
1682 382 1743 439 in
1760 384 1927 440 terri-
1959 386 2013 453 A
2038 385 2311 458 Digestis,
2340 383 2514 442 titulo
2547 385 2619 442 de
2648 384 2957 454 censibus,
2987 383 3235 458 loquens
3287 386 3357 443 de
3417 384 3692 444 Phoenice

269 476 411 530 torio
442 471 856 541 ascalonitano,
880 486 1053 526 unum
1082 470 1334 527 videlicet
1379 472 1630 544 zeophir,
1655 478 1706 528 et
1754 475 1920 531 aliud

266 563 493 619 nomine
549 560 843 631 caicapha,
900 575 1027 616 cum
1081 561 1194 616 suis
1237 563 1588 631 pertinentiis
1643 565 1915 636 episcopo,

265 652 496 725 ejusque
546 648 938 706 successoribus
994 649 1231 720 firmiter
1290 666 1355 706 ac
1405 651 1578 707 libere
1633 660 1817 708 tenere
1853 668 1919 708 ac

264 739 542 814 possidere
592 739 851 811 praecepi.
900 738 1029 794 dedi
1083 747 1243 812 aeque
1297 744 1556 798 concessi.
1617 744 1918 810 Praesatam

271 845 484 904 quoque
527 829 815 886 Ecclesiam
859 847 892 885 a
925 829 1211 886 calumnia
1241 831 1366 902 Jqua
1424 833 1920 904 Hierosolymitana

269 920 519 978 Ecclesia
537 936 661 976 eam
688 920 942 988 vexabat,
976 922 1396 977 commutatione
1427 928 1702 977 terrarum
1732 939 1797 978 ac
1833 925 1920 979 vi-

268 1026 500 1069 nearum
532 1025 653 1083 quae
682 1009 741 1064 in
775 1011 1008 1065 circuitu
1037 1010 1336 1065 Jerusalem
1389 1012 1448 1064 in
1503 1026 1620 1066 meo
1669 1011 1918 1068 dominio

268 1111 451 1168 erant,
517 1097 979 1155 absolutissimam
1034 1097 1270 1156 reddidi.
1355 1099 1663 1155 statuimus
1736 1108 1918 1158 autem

271 1189 414 1264 quod
440 1190 492 1246 si
517 1188 643 1259 quis
668 1188 927 1258 clericus,
955 1189 1040 1244 vel
1070 1189 1259 1256 laicus,
1302 1189 1710 1257 nefandissima
1765 1194 1919 1264 rupi-

270 1279 448 1337 ditate
474 1280 684 1339 ductus.
709 1275 862 1333 illud
890 1277 1034 1350 quod
1059 1293 1158 1348 pro
1184 1280 1446 1350 petitione
1461 1297 1584 1336 mea
1611 1280 1674 1336 de
1706 1281 1919 1338 Bethle-

274 1368 536 1425 hemitica
585 1368 827 1424 Ecclesia
882 1370 1182 1424 nativitate
1249 1368 1464 1424 Domini
1507 1386 1572 1426 ac
1617 1370 1919 1427 Salvatoris

274 1458 452 1516 nostri
468 1457 768 1529 praeclara,
828 1456 1037 1526 Spiritu
1091 1458 1565 1528 sanctoy‘uvantc,
1606 1476 1641 1514 a
1695 1459 1919 1517 domino

277 1546 536 1604 Paschale
585 1546 837 1602 Romanoe
865 1545 1007 1603 sedis
1049 1562 1262 1602 summo
1315 1563 1379 1602 ac
1430 1548 1739 1605 venerando
1784 1565 1919 1622 pon-

2027 475 2354 548 provincia:
2403 476 2499 531 Est
2534 480 2592 532 et
2639 473 3006 546 Berythensis
3063 475 3311 546 colonia,
3359 476 3417 532 in
3477 477 3683 534 eadem

2024 564 2339 637 provincia,
2372 565 2615 637 Augusti
2650 563 2948 621 beneficiis
2969 564 3248 637 gratiosa.
3282 566 3349 621 Et
3394 570 3458 622 ut
3497 566 3676 623 divus

2027 655 2309 710 Adrianus
2339 654 2397 710 in
2421 655 2670 726 quadam
2698 655 2961 711 oratione
2981 654 3095 711 ait:
3119 655 3490 728 Augustiana
3521 657 3686 714 colo-

2029 744 2147 811 nia,
2185 760 2316 816 quae
2334 744 2431 815 jus
2454 742 2717 800 Italicum
2748 741 2941 799 habet.
2985 742 3102 800 Nec
3157 743 3353 800 solum
3379 745 3482 817 jus
3533 745 3700 803 Itali-

2029 848 2158 888 cum
2179 874 2193 900 ,
2234 848 2437 889 verum
2460 833 2637 889 etiam
2668 835 2724 888 ct
2750 832 2993 888 docendi
3020 834 3142 904 jus,
3169 834 3326 905 quod
3356 836 3507 892 raris
3550 850 3694 895 con·

2024 922 2385 978 cessumfuit
2414 920 2676 989 urbibus,
2724 921 2795 977 ab
2852 922 3057 978 eodem
3117 923 3380 996 Augusto
3433 925 3695 982 obtinuit

2026 1012 2584 1083 potestatem‚sicut
2611 1011 2672 1066 in
2723 1009 2914 1083 primo
2972 1011 3212 1080 codicis,
3272 1028 3340 1069 ea
3384 1016 3684 1072 constitu-

2021 1099 2178 1157 tione
2216 1117 2346 1172 quas
2377 1100 2685 1173 sicincipit
2720 1116 2733 1156 :
2773 1100 2941 1156 Cordi
3007 1101 3160 1157 nobis
3191 1106 3289 1171 est,
3322 1103 3381 1158 in
3438 1119 3555 1174 qua
3612 1105 3695 1161 ita

2025 1188 2233 1261 legitur
2278 1205 2291 1243 ε
2351 1189 2417 1245 Et
2493 1189 2889 1262 Berytensium
2960 1190 3252 1247 doctorem
3306 1192 3689 1251 Dorotheum.

2026 1277 2188 1334 Dicta
2242 1281 2434 1333 autem
2493 1278 2754 1335 creditur
2795 1277 2993 1350 prisca
3032 1278 3427 1350 appellatione
3472 1280 3681 1349 Gerae,

2027 1382 2204 1438 quam
2234 1366 2484 1423 Gerseus
2515 1366 2759 1438 quintus
2789 1367 3048 1423 filiorum
3082 1366 3357 1425 Chanaan
3394 1370 3686 1426 fundasse

2026 1453 2360 1526 legitur.Ad
2387 1455 2537 1510 banc
2597 1454 2968 1526 perveniens,
3030 1456 3215 1513 accito
3273 1456 3385 1513 sibi
3434 1458 3683 1514 domino

2026 1544 2322 1601 Bertramo
2352 1543 2707 1617 Tripolitano
2737 1546 2973 1611 comite,
3022 1547 3226 1602 urbem
3259 1547 3426 1618 caepit
3482 1550 3685 1606 studio

275 1637 443 1707 tifice,
472 1651 571 1707 per
598 1635 913 1692 Gibelinum
945 1635 1185 1703 eiusdem
1232 1635 1492 1707 leqatum,
1549 1638 1923 1696 Arelatensem
2027 1635 2353 1691 vehementi
2401 1638 2615 1691 actare.
2663 1635 3036 1691 Advenerant
3089 1645 3304 1707 autem,
3355 1641 3420 1692 ut
3488 1638 3683 1695 eidem

277 1725 735 1797 archiepiscopum
757 1724 1077 1781 roboratum
1102 1733 1202 1786 est,
1247 1730 1366 1796 post
1415 1725 1693 1783 decessum
1737 1744 1918 1785 meum
2035 1723 2166 1779 urbi
2199 1723 2601 1780 ministrarent
2628 1723 2973 1793 subsidium,
2997 1739 3065 1780 ex
3084 1724 3231 1797 Tyro
3260 1730 3315 1782 et
3343 1725 3562 1782 Sidone
3584 1744 3680 1782 na·

276 1814 483 1870 violare
497 1816 911 1886 praesumpserit
963 1816 1264 1870 invasionis
1313 1818 1569 1878 crimine,
1617 1819 1734 1873 nisi
1770 1834 1922 1873 com·
2032 1829 2130 1869 ves
2162 1814 2448 1885 quasdam,
2481 1813 2621 1869 viris
2687 1813 2934 1868 sortibus
2982 1817 3039 1870 et
3095 1813 3386 1872 bellicosis
3433 1815 3687 1873 resertae.

271 1904 519 1960 monitus
547 1905 858 1975 resipuerit,
890 1903 1186 1975 obtiqetur,
1217 1921 1282 1960 ac
1328 1908 1497 1960 totius
1545 1910 1702 1976 re9ni
1746 1910 1924 1965 nostri
2030 1901 2190 1966 Quod
2217 1903 2263 1958 si
2286 1903 2535 1958 libesum
2559 1903 2855 1958 introitum
2876 1907 2934 1958 et
2963 1903 3181 1959 exitum
3216 1904 3428 1960 habere
3453 1907 3688 1975 potuis-

267 2008 462 2064 expcrs
492 1994 722 2065 enectus,
762 1995 1008 2062 qraviter
1039 1991 1343 2063 judicetur.
1370 1996 1643 2051 Praeterea
1692 1999 1921 2057 concedo
2030 1993 2176 2047 senti
2214 1992 2477 2047 nutiliter
2497 2008 2728 2062 operam
2749 1996 3246 2061 consummerent,
3272 1993 3373 2065 qui
3396 1993 3690 2050 obsidioni

271 2082 423 2155 quod
449 2081 762 2155 quicunque
780 2097 1029 2139 meorum
1049 2083 1397 2152 optimatum,
1431 2084 1512 2140 vel
1559 2085 1762 2158 aliquis
1814 2091 1895 2143 mi
1911 2122 1918 2128 ·

195 2238 199 2243 ,
273 2172 434 2228 litum
452 2187 546 2229 seu
595 2172 973 2243 burqensium,
1035 2172 1133 2228 Dei
1185 2174 1389 2244 affatus
1428 2174 1641 2246 Spiritu
1687 2176 1754 2232 de
1802 2179 1919 2233 suis

271 2260 597 2328 redditibus,
617 2276 719 2332 pro
745 2277 846 2317 sua
872 2276 1200 2331 suorumque
1231 2261 1533 2319 animabus
1549 2264 1682 2320 dare
1744 2265 1920 2321 eidem

272 2351 523 2406 Ecclesiae
555 2350 810 2416 voluerit,
841 2348 1019 2405 libera
1046 2351 1120 2404 sit
1147 2351 1255 2404 sibi
1285 2352 1398 2420 pise
1426 2352 1728 2410 voluntatis
1770 2371 1920 2410 exse·

269 2440 438 2503 cutio,
468 2444 524 2493 et
556 2439 613 2491 in
637 2445 960 2508 perpetuum
990 2437 1165 2493 valeat
1196 2440 1534 2508 facultatum
1565 2459 1791 2499 suarum
1838 2447 1914 2502 le-

269 2527 474 2600 qitime
491 2529 640 2596 lacta
669 2525 911 2582 donatio.
944 2529 1112 2582 Facta
1133 2531 1210 2582 cst
1238 2533 1420 2584 autem
1458 2531 1572 2587 hoec
1617 2538 1916 2590 concessio-

270 2619 376 2688 nis,
404 2615 488 2673 vel
517 2617 954 2687 confirmationis
1002 2626 1205 2675 nostrae
1262 2619 1570 2692 inscriptio,
1616 2638 1914 2698 rerumque

264 2713 547 2780 gestarum
601 2705 917 2776 desiqnitio,
965 2722 1112 2763 anno
1183 2710 1258 2762 ab
1312 2710 1622 2768 lncartione
1686 2714 1915 2772 Domini

266 2798 428 2868 1110,
460 2796 761 2854 indictione
788 2813 875 2866 in,
893 2800 1223 2870 praesidente
1240 2802 1507 2860 Romanae
1528 2804 1786 2864 Ecclesiae
1810 2823 1910 2878 pa-

265 2901 341 2959 pa
370 2887 566 2942 domno
598 2884 862 2943 Paschale
878 2887 1111 2944 secundo
1143 2889 1533 2963 Hierosolymis
1576 2909 1702 2950 vero
1748 2895 1911 2952 Gibe-

267 2977 393 3033 rino
413 2975 718 3033 Arelatensi
744 2976 1169 3050 archiepiscopo,
1197 2979 1339 3037 sedis
1369 2980 1674 3054 apostolicae
1705 2985 1911 3044 vicario

265 3066 328 3121 in
352 3066 737 3138 patriarcham
760 3066 954 3123 electo.
1012 3067 1154 3124 Sunt
1204 3085 1329 3141 erqo
1371 3071 1535 3129 istius
1587 3076 1911 3133 assertionis

264 3158 417 3210 testes
438 3171 456 3208 :

334 3244 604 3313 Arnulfus
626 3243 1066 3318 archidiaconus,

337 3331 634 3389 aichardus
662 3330 917 3403 decanus,

344 3423 671 3479 Eustachius
701 3425 1025 3496 carueritis,

330 3510 622 3571 Anselmus
642 3517 818 3571 turris
850 3515 1027 3573 David
1055 3524 1261 3586 custos,

334 3600 607 3673 Raduifus
625 3602 693 3660 de
719 3605 1069 3678 Foritaneto,

334 3692 574 3748 Pisellus
602 3696 919 3764 vicecomes,

332 3782 523 3839 Simon
552 3782 706 3840 ducis
734 3784 910 3854 filius,

326 3871 599 3942 Ansredus
628 3875 714 3929 vir
734 3876 1043 3947 reliqiosus,

328 3958 599 4018 Gerardus
625 3967 980 4030 camerarius,

252 4051 310 4101 et
336 4045 444 4103 atii
468 4052 839 4126 quamplures,

865 4199 1096 4255 CAPUT
1125 4201 1268 4257 xm.

260 4299 551 4357 obsidetur
580 4310 738 4359 terra
768 4308 1018 4378 marique
1043 4310 1233 4363 civitas
1261 4309 1733 4379 Berythensiurm
1761 4319 1813 4368 et
1832 4330 1906 4371 se-

753 4377 932 4432 cundo
962 4382 1184 4452 capitur
1205 4394 1408 4438 mense.

2030 2080 2158 2150 ejus
2191 2080 2597 2137 incubuerant.
2629 2080 2739 2136 Sed
2772 2080 3120 2137 adveniente
3162 2080 3345 2138 classe
3406 2084 3477 2139 de
3537 2101 3688 2156 qua-

2031 2185 2157 2225 rum
2190 2185 2297 2241 ope
2329 2169 2582 2225 conlisus
2615 2186 2732 2236 rex,
2764 2187 2912 2242 opus
2954 2186 3204 2240 praesens
3248 2183 3677 2244 assumpserat,

2029 2257 2366 2313 timmsntcs
2412 2274 2472 2313 se
2524 2259 2670 2314 mari
2704 2259 3027 2327 comittere,
3066 2260 3332 2331 protinus
3361 2260 3518 2317 intra
3552 2280 3683 2335 por-

2027 2351 2151 2402 tum
2177 2364 2237 2403 se
2259 2355 2598 2418 receperunt
2627 2364 2639 2402 :
2668 2348 2749 2403 ita
2778 2347 3083 2405 utcivibus
3113 2350 3350 2406 omnino
3383 2367 3489 2422 per
3521 2368 3685 2410 mare

2026 2440 2083 2492 et
2114 2436 2388 2492 introitus
2415 2440 2725 2507 negaretur
2755 2442 2811 2492 et
2841 2437 3045 2494 exitus.
3076 2441 3211 2494 Erat
3241 2443 3442 2496 autem
3487 2441 3680 2499 eidem

2025 2527 2240 2582 civitati
2272 2528 2438 2599 pinea
2460 2528 2601 2582 silva
2618 2526 2881 2598 vicinior,
2906 2544 3035 2600 quae
3058 2529 3306 2586 multam
3327 2536 3386 2586 ct
3407 2531 3683 2589 idoneam

2023 2615 2446 2682 obsidentibus,
2482 2617 2551 2672 ad
2585 2618 3053 2688 componendum
3087 2618 3279 2676 scalas
3301 2625 3357 2676 et
3390 2620 3685 2693 quaslibet

2023 2704 2341 2775 machinas,
2367 2705 2599 2761 abunde
2622 2706 2936 2777 praestabat
2954 2708 3273 2765 materiam.
3313 2708 3390 2764 Ex
3422 2709 3534 2767 hac
3572 2711 3669 2783 igi-

2022 2798 2118 2850 tur
2140 2793 2428 2866 erigentes
2458 2794 2571 2850 sibi
2604 2802 2793 2851 turres
2817 2795 3062 2868 ligneas,
3084 2800 3143 2852 et
3174 2797 3481 2854 machinas
3497 2801 3672 2870 jacu-

2020 2882 2255 2940 latorias
2283 2887 2717 2956 componentes,
2748 2892 2801 2941 et
2831 2901 2957 2957 quae
3003 2886 3282 2942 adversus
3323 2887 3670 2959 hujusmodi

2017 2971 2208 3031 solent
2222 2989 2351 3030 esse
2374 2973 2699 3031 necessaria
2719 2974 3069 3033 fabricantes
3082 2981 3447 3049 argumenta,
3463 2977 3670 3035 urbem

2026 3066 2321 3121 continuis
2352 3066 2700 3137 impugnant
2742 3065 3085 3135 assultibus,
3121 3069 3202 3122 ita
3258 3072 3322 3123 ut
3368 3085 3473 3125 nec
3528 3069 3675 3126 horte

1945 3129 1987 3195 C
2027 3155 2235 3226 spati0,
2268 3154 2524 3211 interdiu
2560 3155 2642 3210 vel
2671 3155 2743 3211 de
2775 3163 2959 3224 nocte,
2989 3156 3245 3213 obsessis
3265 3159 3530 3229 requiem
3582 3161 3675 3215 in-

2022 3244 2362 3315 dulgerent;
2395 3244 2723 3301 alternatim
2768 3246 2926 3302 enim
2950 3253 3005 3302 et
3043 3262 3143 3316 per
3198 3248 3352 3304 vices
3413 3252 3669 3315 mutuas,

2021 3332 2131 3389 sibi
2152 3334 2529 3390 succedentes
2559 3334 2903 3404 adinvicem,
2930 3335 3120 3393 labore
3141 3336 3495 3394 intolerabili
3516 3339 3670 3398 cives

2021 3422 2363 3495 fatigadant.
2395 3424 2539 3479 Cum
2559 3427 2755 3481 antem
2786 3440 2888 3496 per
2909 3441 3138 3482 menses
3173 3427 3322 3483 duos
3353 3429 3667 3487 continuos

2018 3510 2247 3585 incepto
2277 3528 2449 3584 opere
2479 3511 2719 3570 viriliter
2748 3512 3152 3584 desudassent,
3194 3521 3506 3588 arguentes
3546 3535 3667 3575 mo·

2019 3619 2143 3658 ram
2176 3602 2526 3672 adinvicem,
2558 3605 2808 3675 quadam
2836 3604 2931 3660 die
2960 3606 3101 3661 dum
3133 3605 3302 3661 solito
3353 3606 3668 3666 vehemen-

2018 3692 2133 3747 tius
2165 3691 2370 3746 urbem
2402 3692 2459 3746 in
2484 3692 2751 3763 pluribus
2783 3693 2948 3763 locis,
2978 3695 3501 3767 congressionibus
3544 3715 3666 3755 mo·

2016 3778 2318 3847 lestarent,
2352 3780 2587 3852 quidam
2624 3781 2694 3837 de
2724 3781 2983 3839 turribus
3014 3783 3245 3855 ligneis,
3287 3801 3420 3858 quas
3468 3787 3666 3844 maini-

2017 3870 2128 3926 bus
2156 3870 2385 3926 fuerant
2406 3869 2680 3926 violenter
2702 3871 3024 3944 applicatas,
3046 3872 3201 3929 saltu
3224 3890 3405 3947 super
3425 3893 3662 3935 murum

2016 3974 2079 4014 se
2110 3958 2469 4028 intulerunt;
2505 3975 2648 4033 quos
2670 3959 2767 4016 alii
2796 3964 2922 4017 tum
2952 3962 3153 4018 eodem
3186 3964 3379 4029 modo,
3415 3970 3543 4022 tum
3564 3984 3665 4039 per

2016 4047 2205 4104 scalas
2226 4049 2624 4117 ascendentes,
2658 4051 2865 4116 secuti,
2887 4051 2947 4105 in
2979 4051 3183 4107 urbem
3216 4053 3659 4126 descendentes,

2017 4145 2241 4210 portam
2300 4139 2552 4195 civitatis
2598 4138 2883 4196 violenter
2931 4145 3304 4213 aperuerunt.
3354 4147 3658 4218 Ingressus

2013 4226 2197 4298 igitur
2225 4228 2350 4283 sine
2381 4226 2720 4284 difficultate
2751 4233 2948 4285 noster
2975 4230 3280 4301 exercitus,
3302 4232 3529 4291 civibus
3588 4237 3658 4291 ad

2016 4332 2175 4370 mare
2204 4316 2692 4388 confugientibus,
2725 4317 2928 4374 urbem
2960 4320 3264 4392 occupavit
3292 4321 3649 4391 universam,

2012 4403 2333 4469 Quiautem
2374 4406 2431 4462 in
2463 4408 2707 4463 navibus
2737 4412 2923 4477 erant,
2967 4409 3276 4467 audientes
3333 4413 3490 4485 quod
3552 4431 3649 4473 rex

319 4501 537 4557 Eodem
569 4518 723 4559 anno
746 4503 1054 4576 praedictus
1085 4506 1185 4561 Dei
1222 4504 1430 4573 cultor,
1463 4511 1519 4563 et
1552 4507 1900 4580 magnificus
1934 4508 1974 4572 D
2014 4511 2146 4551 ⁰¹¹OE
2179 4496 2301 4551 ⁸⁰5⁵
2333 4496 2540 4552 urbem
2572 4497 2896 4569 efffssgflffltr
2932 4497 3301 4570 ΡΙὌΒῙῙῙθῑὶῐΘ8
3329 4506 3387 4558 0²
3426 4502 3543 4576 ipsi
3584 4505 3654 4562 ἀΰ

249 4590 660 4665 triumphator,
690 4590 848 4651 idem
877 4594 1148 4654 dominus
1172 4611 1270 4652 rex
1291 4612 1488 4652 curam
1537 4612 1747 4670 gerens
1806 4599 1897 4655 in·

248 4682 562 4750 defessam,
587 4684 875 4754 quomodo
905 4700 1147 4757 regnum
1179 4684 1290 4742 sibi
1315 4704 1347 4740 a
1372 4686 1483 4741 Deo
1514 4686 1891 4745 commissum

248 4772 758 4846 possetampliare,
782 4781 1017 4847 sumpta
1037 4776 1337 4834 occasione
1367 4791 1434 4831 ex
1465 4775 1644 4849 galeis
1657 4776 1891 4849 quibus-

247 4860 385 4916 dam
416 4877 541 4933 quae
572 4863 633 4920 in
663 4878 843 4937 regno
864 4863 1278 4933 hiemaverant,
1314 4881 1514 4921 mense
1556 4864 1887 4938 Februario,

243 4955 593 5023 congregata
621 4969 723 5026 pro
744 4953 967 5010 viribus
1014 4953 1325 5010 Christiani
1376 4953 1573 5027 populi
1623 4971 1690 5011 ex
1748 4957 1885 5012 uni-

241 5037 394 5096 versi
423 5040 588 5113 regni
617 5041 834 5099 finibus
864 5043 1263 5113 multitudine,
1298 5044 1499 5100 urbem
1533 5044 1761 5101 obsidet
1785 5050 1885 5103 Be-

238 5124 627 5198 rythensium.
658 5125 758 5184 Est
787 5133 977 5186 autem
1010 5129 1326 5203 Berythum
1347 5130 1552 5187 civitas
1582 5130 1883 5189 maritima

235 5211 389 5272 inter
419 5213 670 5271 Biblium
702 5221 761 5273 et
788 5216 1064 5274 Sidonem
1087 5220 1146 5274 in
1179 5219 1444 5276 Phaenice
1473 5219 1603 5285 sita,
1640 5235 1758 5276 una
1812 5220 1884 5278 de

238 5301 614 5376 suffrageneis
637 5304 904 5376 urbibus,
928 5322 1055 5379 quae
1075 5307 1318 5379 Tyrensi
1339 5306 1650 5380 metropoli
1671 5306 1880 5365 intelli-

232 5396 453 5461 guntur
472 5393 771 5465 subjectas,
806 5394 1087 5452 Romanis
1116 5397 1415 5468 quondam
1440 5396 1877 5469 acceptissima,

234 5478 317 5535 ita
347 5483 430 5547 ut,
455 5483 588 5553 jure
607 5481 922 5548 Quiritium
945 5484 1166 5542 civibus
1197 5501 1497 5559 concesso,
1529 5487 1681 5544 inter
1712 5487 1879 5545 colo-

237 5566 369 5626 nias
399 5574 792 5643 reputaretur;
825 5572 900 5630 de
928 5587 1042 5646 qua
1071 5573 1152 5630 ita
1200 5572 1488 5647 Ulpianus
1518 5578 1768 5634 testatur
1813 5576 1877 5634 in

2007 4585 2255 4642 navibus
2287 4589 2519 4658 portum
2542 4590 2857 4657 occupant;
2891 4591 2949 4643 et
2980 4589 3133 4644 cives
3159 4590 3258 4661 qui
3307 4592 3498 4663 gratia
3554 4610 3652 4650 sa-

2005 4673 2297 4731 lutisilluc
2328 4674 2724 4746 confugerant,
2747 4674 2959 4747 gladiis
2988 4677 3353 4748 repellentes,
3371 4682 3431 4738 in
3456 4681 3655 4741 hostes

2002 4765 2189 4819 redire
2236 4765 2680 4835 compulerunt;
2741 4768 2941 4839 sicque
3018 4769 3174 4825 cives
3235 4772 3456 4839 miseri,
3495 4772 3652 4830 inter

2002 4853 2260 4909 hostium
2304 4853 2570 4909 cohortes
2627 4856 2893 4926 geminas
2944 4857 3255 4915 infeliciter
3301 4862 3649 4933 angustiati,

1999 4958 2152 4997 nunc
2183 4940 2295 5010 his,
2329 4957 2482 4997 nunc
2511 4940 2626 4998 illis
2657 4943 3035 5014 instantibus,
3068 4945 3276 5019 gladiis
3336 4947 3396 5003 in
3455 4951 3651 5006 medio

1997 5031 2352 5103 depereunt]:
2385 5047 2694 5104 quousque
2739 5047 2836 5088 rex
2889 5038 3143 5105 stragem
3197 5034 3649 5094 immoderatam

1998 5122 2383 5191 conspiciens,
2417 5120 2498 5176 eis
2521 5123 2617 5192 qui
2650 5122 2896 5178 residuit
2922 5127 3108 5192 erant,
3177 5123 3643 5184 misericordiam

1994 5209 2465 5281 implorantibus,
2499 5227 2630 5266 voce
2652 5211 2942 5282 praeconia
2973 5211 3149 5270 finem
3176 5214 3354 5271 caedis
3410 5215 3645 5287 indicit,

1991 5306 2049 5359 et
2069 5302 2232 5358 victis
2253 5301 2430 5357 vitam
2463 5300 2775 5372 indulgerit
2805 5302 3082 5374 praecipit.
3116 5304 3296 5376 Capta
3320 5309 3408 5361 est
3436 5311 3639 5365 autem

1991 5390 2263 5462 praedicta
2292 5389 2493 5445 civitas
2521 5405 2674 5446 anno
2701 5389 2772 5446 ab
2803 5391 3458 5450 IncarnationeDomini
3476 5396 3640 5466 1112,

1991 5495 2186 5538 mense
2216 5477 2420 5551 Aprili,
2447 5479 2721 5535 vicesima
2740 5482 2988 5552 septima
3017 5482 3110 5539 die
3152 5484 3386 5541 mensis.
