<?xml version="1.0" encoding="UTF-8"?>
<!DOCTYPE html PUBLIC "-//W3C//DTD XHTML 1.0 Transitional//EN"
    "http://www.w3.org/TR/xhtml1/DTD/xhtml1-transitional.dtd">
<html xmlns="http://www.w3.org/1999/xhtml" xml:lang="en" lang="en">
 <head>
  <title>
</title>
<meta http-equiv="Content-Type" content="text/html;charset=utf-8" />
  <meta name='ocr-system' content='tesseract 3.04.00' />
  <meta name='ocr-capabilities' content='ocr_page ocr_carea ocr_par ocr_line ocrx_word'/>
</head>
<body>
  <div class='ocr_page' id='page_1' title='image "./patrologiaecurs32goog_0328.png"; bbox 0 0 3784 6000; ppageno 0'>
   <div class='ocr_carea' id='block_1_1' title="bbox 1253 192 3608 276">
    <p class='ocr_par' dir='ltr' id='par_1_1' title="bbox 1253 192 3608 276">
     <span class='ocr_line' id='line_1_1' title="bbox 1253 192 3608 276; baseline -0.002 -2"><span class='ocrx_word' id='word_1_1' title='bbox 1253 210 1678 275; x_wconf 70' lang='lat' dir='ltr'><strong><em>nemmem</em></strong></span> <span class='ocrx_word' id='word_1_2' title='bbox 1723 211 2111 276; x_wconf 74' lang='lat' dir='ltr'><strong><em>TYRENsis</em></strong></span> <span class='ocrx_word' id='word_1_3' title='bbox 2157 212 2518 275; x_wconf 68' lang='lat' dir='ltr'><strong><em>anemae.</em></strong></span> <span class='ocrx_word' id='word_1_4' title='bbox 3363 192 3376 197; x_wconf 83' lang='grc'><em>“</em></span> <span class='ocrx_word' id='word_1_5' title='bbox 3475 204 3608 271; x_wconf 62' lang='lat' dir='ltr'><strong><em>ees</em></strong></span> 
     </span>
    </p>
   </div>
   <div class='ocr_carea' id='block_1_2' title="bbox 191 339 3603 531">
    <p class='ocr_par' dir='ltr' id='par_1_2' title="bbox 191 339 3603 531">
     <span class='ocr_line' id='line_1_2' title="bbox 805 339 3603 418; baseline -0.003 -14"><span class='ocrx_word' id='word_1_6' title='bbox 805 348 1033 406; x_wconf 81' lang='lat' dir='ltr'>CAPUT</span> <span class='ocrx_word' id='word_1_7' title='bbox 1068 345 1222 403; x_wconf 85' lang='lat' dir='ltr'><strong><em>vm.</em></strong></span> <span class='ocrx_word' id='word_1_8' title='bbox 1866 350 1923 417; x_wconf 72' lang='lat' dir='ltr'>A</span> <span class='ocrx_word' id='word_1_9' title='bbox 1953 348 2025 403; x_wconf 77' lang='lat' dir='ltr'><strong><em>tis</em></strong></span> <span class='ocrx_word' id='word_1_10' title='bbox 2043 349 2183 418; x_wconf 81' lang='lat' dir='ltr'><strong><em>jura</em></strong></span> <span class='ocrx_word' id='word_1_11' title='bbox 2227 352 2557 411; x_wconf 80' lang='lat' dir='ltr'><strong><em>versantem,</em></strong></span> <span class='ocrx_word' id='word_1_12' title='bbox 2585 343 2837 400; x_wconf 80' lang='lat' dir='ltr'><strong><em>indebito</em></strong></span> <span class='ocrx_word' id='word_1_13' title='bbox 2873 347 3156 414; x_wconf 62' lang='lat' dir='ltr'><strong><em>protegere</em></strong></span> <span class='ocrx_word' id='word_1_14' title='bbox 3194 339 3467 398; x_wconf 76' lang='lat' dir='ltr'><strong><em>taboratis</em></strong></span> <span class='ocrx_word' id='word_1_15' title='bbox 3497 357 3603 412; x_wconf 79' lang='lat' dir='ltr'><strong><em>pa·</em></strong></span> 
     </span>
     <span class='ocr_line' id='line_1_3' title="bbox 191 431 3602 531; baseline -0.005 -13"><span class='ocrx_word' id='word_1_16' title='bbox 191 459 406 518; x_wconf 82' lang='lat' dir='ltr'><em>Nobilis</em></span> <span class='ocrx_word' id='word_1_17' title='bbox 444 458 667 531; x_wconf 79' lang='lat' dir='ltr'><strong><em>quidam</em></strong></span> <span class='ocrx_word' id='word_1_18' title='bbox 706 472 777 513; x_wconf 81' lang='lat' dir='ltr'><strong><em>ex</em></strong></span> <span class='ocrx_word' id='word_1_19' title='bbox 823 453 1190 521; x_wconf 74' lang='lat' dir='ltr'><em>Damascenis,</em></span> <span class='ocrx_word' id='word_1_20' title='bbox 1240 453 1544 507; x_wconf 83' lang='lat' dir='ltr'><strong><em>Bostrensis</em></strong></span> <span class='ocrx_word' id='word_1_21' title='bbox 1590 452 1833 509; x_wconf 79' lang='lat' dir='ltr'><strong><em>civitatis</em></strong></span> <span class='ocrx_word' id='word_1_22' title='bbox 1944 434 2218 501; x_wconf 65' lang='grc' dir='ltr'><strong><em>θ’θθῖπίθι·</em></strong></span> <span class='ocrx_word' id='word_1_23' title='bbox 2255 450 2508 506; x_wconf 56' lang='lat' dir='ltr'><strong><em>&#39;vitamst-⁹</em></strong></span> <span class='ocrx_word' id='word_1_24' title='bbox 2542 433 2835 488; x_wconf 57' lang='lat' dir='ltr'><strong><em>humiliflw</em></strong></span> <span class='ocrx_word' id='word_1_25' title='bbox 2863 431 2926 487; x_wconf 59' lang='lat'><strong><em>²⁸7²</em></strong></span> <span class='ocrx_word' id='word_1_26' title='bbox 2951 446 3142 502; x_wconf 64' lang='grc' dir='ltr'><strong><em>ΡΓθθθ*</em></strong></span> <span class='ocrx_word' id='word_1_27' title='bbox 3170 432 3602 502; x_wconf 50' lang='lat' dir='ltr'><strong><em>animamu-</em></strong></span> 
     </span>
    </p>
   </div>
   <div class='ocr_carea' id='block_1_3' title="bbox 188 223 306 284">
    <p class='ocr_par' dir='ltr' id='par_1_3' title="bbox 188 223 306 284">
     <span class='ocr_line' id='line_1_4' title="bbox 188 223 306 284; baseline -0.025 0"><span class='ocrx_word' id='word_1_28' title='bbox 188 223 306 284; x_wconf 80' lang='lat'><strong><em>647</em></strong></span> 
     </span>
    </p>
   </div>
   <div class='ocr_carea' id='block_1_4' title="bbox 258 523 1835 670">
    <p class='ocr_par' dir='ltr' id='par_1_4' title="bbox 258 523 1835 670">
     <span class='ocr_line' id='line_1_5' title="bbox 258 523 1835 602; baseline -0.004 -16"><span class='ocrx_word' id='word_1_29' title='bbox 258 539 605 602; x_wconf 74' lang='lat' dir='ltr'><strong><em>procae-ator,</em></strong></span> <span class='ocrx_word' id='word_1_30' title='bbox 635 545 759 583; x_wconf 77' lang='lat' dir='ltr'><strong><em>cnm</em></strong></span> <span class='ocrx_word' id='word_1_31' title='bbox 815 542 938 597; x_wconf 76' lang='lat' dir='ltr'><strong><em>reqe</em></strong></span> <span class='ocrx_word' id='word_1_32' title='bbox 961 528 1214 596; x_wconf 77' lang='lat' dir='ltr'><strong><em>pascitur</em></strong></span> <span class='ocrx_word' id='word_1_33' title='bbox 1231 543 1254 592; x_wconf 89' lang='lat'><em>;</em></span> <span class='ocrx_word' id='word_1_34' title='bbox 1285 529 1338 579; x_wconf 87' lang='lat' dir='ltr'><strong><em>et</em></strong></span> <span class='ocrx_word' id='word_1_35' title='bbox 1367 523 1644 579; x_wconf 78' lang='lat' dir='ltr'><strong><em>exercitus</em></strong></span> <span class='ocrx_word' id='word_1_36' title='bbox 1673 527 1835 593; x_wconf 75' lang='lat' dir='ltr'><strong><em>reyni</em></strong></span> 
     </span>
     <span class='ocr_line' id='line_1_6' title="bbox 263 595 1835 670; baseline -0.005 -11"><span class='ocrx_word' id='word_1_37' title='bbox 263 619 444 659; x_wconf 84' lang='lat' dir='ltr'><strong><em>versus</em></strong></span> <span class='ocrx_word' id='word_1_38' title='bbox 475 607 726 656; x_wconf 80' lang='lat' dir='ltr'><strong><em>Rostrum</em></strong></span> <span class='ocrx_word' id='word_1_39' title='bbox 752 601 1015 670; x_wconf 77' lang='lat' dir='ltr'><strong><em>properat</em></strong></span> <span class='ocrx_word' id='word_1_40' title='bbox 1036 614 1051 663; x_wconf 97' lang='lat'>3</span> <span class='ocrx_word' id='word_1_41' title='bbox 1072 595 1348 650; x_wconf 81' lang='lat' dir='ltr'><strong><em>Ainardus</em></strong></span> <span class='ocrx_word' id='word_1_42' title='bbox 1377 595 1835 653; x_wconf 70' lang='lat' dir='ltr'><strong><em>Damascenorum</em></strong></span> 
     </span>
    </p>
   </div>
   <div class='ocr_carea' id='block_1_5' title="bbox 257 667 1366 748">
    <p class='ocr_par' dir='ltr' id='par_1_5' title="bbox 257 667 1366 748">
     <span class='ocr_line' id='line_1_7' title="bbox 257 667 1366 748; baseline -0.007 -19"><span class='ocrx_word' id='word_1_43' title='bbox 257 680 583 748; x_wconf 81' lang='lat' dir='ltr'><strong><em>procurator</em></strong></span> <span class='ocrx_word' id='word_1_44' title='bbox 610 672 822 742; x_wconf 77' lang='lat' dir='ltr'><strong><em>sactum</em></strong></span> <span class='ocrx_word' id='word_1_45' title='bbox 849 669 1054 724; x_wconf 81' lang='lat' dir='ltr'><strong><em>nititur</em></strong></span> <span class='ocrx_word' id='word_1_46' title='bbox 1083 667 1366 740; x_wconf 71' lang='lat' dir='ltr'><strong><em>impedire.</em></strong></span> 
     </span>
    </p>
   </div>
   <div class='ocr_carea' id='block_1_6' title="bbox 181 791 1841 3091">
    <p class='ocr_par' dir='ltr' id='par_1_6' title="bbox 181 791 1841 3091">
     <span class='ocr_line' id='line_1_8' title="bbox 258 791 1833 869; baseline -0.006 -12"><span class='ocrx_word' id='word_1_47' title='bbox 258 800 384 858; x_wconf 89' lang='lat' dir='ltr'><strong><em>Non</em></strong></span> <span class='ocrx_word' id='word_1_48' title='bbox 416 797 599 855; x_wconf 90' lang='lat' dir='ltr'><strong><em>multo</em></strong></span> <span class='ocrx_word' id='word_1_49' title='bbox 622 799 754 869; x_wconf 86' lang='lat' dir='ltr'><strong><em>post</em></strong></span> <span class='ocrx_word' id='word_1_50' title='bbox 782 799 1064 866; x_wconf 89' lang='lat' dir='ltr'><strong><em>tempore,</em></strong></span> <span class='ocrx_word' id='word_1_51' title='bbox 1087 809 1242 849; x_wconf 90' lang='lat' dir='ltr'><strong><em>anno</em></strong></span> <span class='ocrx_word' id='word_1_52' title='bbox 1273 791 1527 850; x_wconf 87' lang='lat' dir='ltr'><strong><em>secundo</em></strong></span> <span class='ocrx_word' id='word_1_53' title='bbox 1558 793 1833 865; x_wconf 81' lang='lat' dir='ltr'><strong><em>regnido-</em></strong></span> 
     </span>
     <span class='ocr_line' id='line_1_9' title="bbox 188 885 1835 957; baseline -0.005 -10"><span class='ocrx_word' id='word_1_54' title='bbox 188 890 334 947; x_wconf 90' lang='lat' dir='ltr'><strong><em>mini</em></strong></span> <span class='ocrx_word' id='word_1_55' title='bbox 367 888 650 955; x_wconf 83' lang='lat' dir='ltr'><strong><em>Balduini,</em></strong></span> <span class='ocrx_word' id='word_1_56' title='bbox 686 886 894 943; x_wconf 91' lang='lat' dir='ltr'><strong><em>nobilis</em></strong></span> <span class='ocrx_word' id='word_1_57' title='bbox 942 885 1183 957; x_wconf 90' lang='lat' dir='ltr'><strong><em>quidam</em></strong></span> <span class='ocrx_word' id='word_1_58' title='bbox 1214 885 1532 940; x_wconf 89' lang='lat' dir='ltr'><strong><em>Turcorum</em></strong></span> <span class='ocrx_word' id='word_1_59' title='bbox 1573 889 1835 954; x_wconf 85' lang='lat' dir='ltr'><strong><em>satrapa·</em></strong></span> 
     </span>
     <span class='ocr_line' id='line_1_10' title="bbox 188 973 1836 1050; baseline -0.006 -12"><span class='ocrx_word' id='word_1_60' title='bbox 188 998 257 1038; x_wconf 84' lang='lat' dir='ltr'><strong><em>ex</em></strong></span> <span class='ocrx_word' id='word_1_61' title='bbox 287 979 478 1037; x_wconf 83' lang='lat' dir='ltr'><strong><em>causis</em></strong></span> <span class='ocrx_word' id='word_1_62' title='bbox 505 977 871 1050; x_wconf 85' lang='lat' dir='ltr'><strong><em>quibusdam,</em></strong></span> <span class='ocrx_word' id='word_1_63' title='bbox 903 974 1237 1045; x_wconf 86' lang='lat' dir='ltr'><strong><em>Mejeredim</em></strong></span> <span class='ocrx_word' id='word_1_64' title='bbox 1269 973 1419 1043; x_wconf 85' lang='lat' dir='ltr'><strong><em>regis</em></strong></span> <span class='ocrx_word' id='word_1_65' title='bbox 1448 973 1836 1029; x_wconf 85' lang='lat' dir='ltr'><strong><em>Damasceno-</em></strong></span> 
     </span>
     <span class='ocr_line' id='line_1_11' title="bbox 189 1062 1836 1138; baseline -0.004 -14"><span class='ocrx_word' id='word_1_66' title='bbox 189 1085 320 1125; x_wconf 90' lang='lat' dir='ltr'><strong><em>rum</em></strong></span> <span class='ocrx_word' id='word_1_67' title='bbox 352 1066 810 1138; x_wconf 78' lang='lat' dir='ltr'><strong>indignationem</strong></span> <span class='ocrx_word' id='word_1_68' title='bbox 844 1065 1165 1130; x_wconf 86' lang='lat' dir='ltr'><strong><em>sustinens,</em></strong></span> <span class='ocrx_word' id='word_1_69' title='bbox 1199 1067 1254 1117; x_wconf 92' lang='lat' dir='ltr'><strong><em>et</em></strong></span> <span class='ocrx_word' id='word_1_70' title='bbox 1285 1062 1675 1133; x_wconf 72' lang='lat' dir='ltr'><strong><em>procuratoris</em></strong></span> <span class='ocrx_word' id='word_1_71' title='bbox 1705 1062 1836 1133; x_wconf 85' lang='lat' dir='ltr'><strong><em>ejus</em></strong></span> 
     </span>
     <span class='ocr_line' id='line_1_12' title="bbox 190 1150 1834 1226; baseline -0.005 -13"><span class='ocrx_word' id='word_1_72' title='bbox 190 1155 560 1223; x_wconf 89' lang='lat' dir='ltr'><strong><em>Mehenedin,</em></strong></span> <span class='ocrx_word' id='word_1_73' title='bbox 595 1154 694 1226; x_wconf 91' lang='lat' dir='ltr'><strong><em>qui</em></strong></span> <span class='ocrx_word' id='word_1_74' title='bbox 739 1153 856 1210; x_wconf 90' lang='lat' dir='ltr'><strong><em>alio</em></strong></span> <span class='ocrx_word' id='word_1_75' title='bbox 905 1152 1143 1209; x_wconf 89' lang='lat' dir='ltr'><strong><em>nomine</em></strong></span> <span class='ocrx_word' id='word_1_76' title='bbox 1182 1150 1476 1206; x_wconf 83' lang='lat' dir='ltr'><strong><em>Ainardus</em></strong></span> <span class='ocrx_word' id='word_1_77' title='bbox 1515 1150 1834 1216; x_wconf 87' lang='lat' dir='ltr'><strong><em>dicebatur,</em></strong></span> 
     </span>
     <span class='ocr_line' id='line_1_13' title="bbox 189 1239 1836 1318; baseline -0.003 -18"><span class='ocrx_word' id='word_1_78' title='bbox 189 1245 377 1318; x_wconf 83' lang='lat' dir='ltr'><strong><em>gratia</em></strong></span> <span class='ocrx_word' id='word_1_79' title='bbox 406 1245 742 1310; x_wconf 89' lang='lat' dir='ltr'><strong><em>destitutus,</em></strong></span> <span class='ocrx_word' id='word_1_80' title='bbox 773 1242 942 1312; x_wconf 77' lang='lat' dir='ltr'><strong><em>euJus</em></strong></span> <span class='ocrx_word' id='word_1_81' title='bbox 982 1239 1164 1296; x_wconf 86' lang='lat' dir='ltr'><strong><em>multo</em></strong></span> <span class='ocrx_word' id='word_1_82' title='bbox 1215 1241 1400 1311; x_wconf 90' lang='lat' dir='ltr'><strong><em>major</em></strong></span> <span class='ocrx_word' id='word_1_83' title='bbox 1429 1255 1608 1311; x_wconf 89' lang='lat' dir='ltr'><strong><em>quam</em></strong></span> <span class='ocrx_word' id='word_1_84' title='bbox 1650 1239 1836 1311; x_wconf 88' lang='lat' dir='ltr'><strong><em>ipsius</em></strong></span> 
     </span>
     <span class='ocr_line' id='line_1_14' title="bbox 189 1327 1836 1404; baseline -0.004 -14"><span class='ocrx_word' id='word_1_85' title='bbox 189 1335 343 1404; x_wconf 87' lang='lat' dir='ltr'><strong><em>regis</em></strong></span> <span class='ocrx_word' id='word_1_86' title='bbox 379 1333 436 1389; x_wconf 89' lang='lat' dir='ltr'><strong><em>in</em></strong></span> <span class='ocrx_word' id='word_1_87' title='bbox 470 1332 756 1388; x_wconf 84' lang='lat' dir='ltr'><strong><em>universis</em></strong></span> <span class='ocrx_word' id='word_1_88' title='bbox 783 1330 1280 1386; x_wconf 73' lang='lat' dir='ltr'><strong><em>Damascenorum</em></strong></span> <span class='ocrx_word' id='word_1_89' title='bbox 1321 1327 1537 1383; x_wconf 81' lang='lat' dir='ltr'><strong><em>finibus</em></strong></span> <span class='ocrx_word' id='word_1_90' title='bbox 1566 1332 1690 1383; x_wconf 90' lang='lat' dir='ltr'><strong><em>erat</em></strong></span> <span class='ocrx_word' id='word_1_91' title='bbox 1727 1344 1836 1384; x_wconf 83' lang='lat' dir='ltr'><strong><em>au·</em></strong></span> 
     </span>
     <span class='ocr_line' id='line_1_15' title="bbox 189 1418 1836 1492; baseline -0.003 -13"><span class='ocrx_word' id='word_1_92' title='bbox 189 1423 451 1490; x_wconf 86' lang='lat' dir='ltr'><strong><em>eteritas,</em></strong></span> <span class='ocrx_word' id='word_1_93' title='bbox 483 1423 554 1478; x_wconf 86' lang='lat' dir='ltr'><strong><em>ad</em></strong></span> <span class='ocrx_word' id='word_1_94' title='bbox 589 1419 895 1477; x_wconf 88' lang='lat' dir='ltr'><strong><em>dominnm</em></strong></span> <span class='ocrx_word' id='word_1_95' title='bbox 925 1434 1120 1492; x_wconf 87' lang='lat' dir='ltr'><strong><em>regem</em></strong></span> <span class='ocrx_word' id='word_1_96' title='bbox 1159 1423 1216 1474; x_wconf 89' lang='lat' dir='ltr'><strong><em>et</em></strong></span> <span class='ocrx_word' id='word_1_97' title='bbox 1245 1421 1488 1473; x_wconf 86' lang='lat' dir='ltr'><strong><em>matrem</em></strong></span> <span class='ocrx_word' id='word_1_98' title='bbox 1521 1418 1672 1490; x_wconf 81' lang='lat' dir='ltr'><strong><em>ejus,</em></strong></span> <span class='ocrx_word' id='word_1_99' title='bbox 1704 1433 1836 1474; x_wconf 89' lang='lat' dir='ltr'><strong><em>cum</em></strong></span> 
     </span>
     <span class='ocr_line' id='line_1_16' title="bbox 189 1506 1838 1578; baseline -0.004 -11"><span class='ocrx_word' id='word_1_100' title='bbox 189 1512 433 1569; x_wconf 87' lang='lat' dir='ltr'><strong><em>honesto</em></strong></span> <span class='ocrx_word' id='word_1_101' title='bbox 477 1511 759 1567; x_wconf 85' lang='lat' dir='ltr'><strong><em>comitatu</em></strong></span> <span class='ocrx_word' id='word_1_102' title='bbox 824 1507 982 1564; x_wconf 85' lang='lat' dir='ltr'><strong><em>venit</em></strong></span> <span class='ocrx_word' id='word_1_103' title='bbox 1027 1506 1514 1578; x_wconf 77' lang='lat' dir='ltr'><strong><em>Hierosolymam,</em></strong></span> <span class='ocrx_word' id='word_1_104' title='bbox 1568 1522 1838 1562; x_wconf 84' lang='lat' dir='ltr'><strong><em>asserens</em></strong></span> 
     </span>
     <span class='ocr_line' id='line_1_17' title="bbox 189 1595 1835 1673; baseline -0.004 -17"><span class='ocrx_word' id='word_1_105' title='bbox 189 1601 344 1673; x_wconf 88' lang='lat' dir='ltr'><strong><em>quod</em></strong></span> <span class='ocrx_word' id='word_1_106' title='bbox 379 1599 430 1656; x_wconf 89' lang='lat' dir='ltr'><strong><em>si</em></strong></span> <span class='ocrx_word' id='word_1_107' title='bbox 460 1599 736 1655; x_wconf 87' lang='lat' dir='ltr'><strong><em>dominus</em></strong></span> <span class='ocrx_word' id='word_1_108' title='bbox 765 1614 863 1654; x_wconf 86' lang='lat' dir='ltr'><strong><em>rex</em></strong></span> <span class='ocrx_word' id='word_1_109' title='bbox 893 1597 1200 1653; x_wconf 78' lang='lat' dir='ltr'><strong><em>honestam</em></strong></span> <span class='ocrx_word' id='word_1_110' title='bbox 1223 1601 1281 1653; x_wconf 92' lang='lat' dir='ltr'><strong><em>et</em></strong></span> <span class='ocrx_word' id='word_1_111' title='bbox 1313 1612 1414 1667; x_wconf 90' lang='lat' dir='ltr'><strong><em>pro</em></strong></span> <span class='ocrx_word' id='word_1_112' title='bbox 1444 1595 1577 1650; x_wconf 86' lang='lat' dir='ltr'><strong><em>boni</em></strong></span> <span class='ocrx_word' id='word_1_113' title='bbox 1602 1595 1708 1650; x_wconf 89' lang='lat' dir='ltr'><strong><em>viri</em></strong></span> <span class='ocrx_word' id='word_1_114' title='bbox 1740 1613 1835 1651; x_wconf 91' lang='lat' dir='ltr'><strong><em>ar·</em></strong></span> 
     </span>
     <span class='ocr_line' id='line_1_18' title="bbox 187 1684 1836 1757; baseline -0.003 -12"><span class='ocrx_word' id='word_1_115' title='bbox 187 1689 403 1745; x_wconf 89' lang='lat' dir='ltr'><strong><em>hitratu</em></strong></span> <span class='ocrx_word' id='word_1_116' title='bbox 418 1688 810 1745; x_wconf 78' lang='lat' dir='ltr'><strong><em>sufficientem</em></strong></span> <span class='ocrx_word' id='word_1_117' title='bbox 833 1686 885 1741; x_wconf 91' lang='lat' dir='ltr'><strong><em>ei</em></strong></span> <span class='ocrx_word' id='word_1_118' title='bbox 906 1685 1077 1741; x_wconf 87' lang='lat' dir='ltr'><strong><em>vellet</em></strong></span> <span class='ocrx_word' id='word_1_119' title='bbox 1098 1686 1397 1757; x_wconf 87' lang='lat' dir='ltr'><strong><em>assignare</em></strong></span> <span class='ocrx_word' id='word_1_120' title='bbox 1410 1684 1836 1755; x_wconf 87' lang='lat' dir='ltr'><strong><em>compensatio·</em></strong></span> 
     </span>
     <span class='ocr_line' id='line_1_19' title="bbox 188 1774 1839 1849; baseline -0.002 -15"><span class='ocrx_word' id='word_1_121' title='bbox 188 1794 344 1846; x_wconf 89' lang='lat' dir='ltr'><strong><em>nem,</em></strong></span> <span class='ocrx_word' id='word_1_122' title='bbox 395 1777 521 1849; x_wconf 90' lang='lat' dir='ltr'><strong><em>ipse</em></strong></span> <span class='ocrx_word' id='word_1_123' title='bbox 576 1776 941 1832; x_wconf 77' lang='lat' dir='ltr'><strong><em>Beati-ensem</em></strong></span> <span class='ocrx_word' id='word_1_124' title='bbox 991 1774 1211 1842; x_wconf 89' lang='lat' dir='ltr'><strong><em>urbem,</em></strong></span> <span class='ocrx_word' id='word_1_125' title='bbox 1260 1774 1354 1830; x_wconf 91' lang='lat' dir='ltr'><strong><em>cui</em></strong></span> <span class='ocrx_word' id='word_1_126' title='bbox 1411 1778 1671 1844; x_wconf 82' lang='lat' dir='ltr'><strong><em>praeerat,</em></strong></span> <span class='ocrx_word' id='word_1_127' title='bbox 1723 1789 1839 1830; x_wconf 86' lang='lat' dir='ltr'><strong><em>una</em></strong></span> 
     </span>
     <span class='ocr_line' id='line_1_20' title="bbox 188 1862 1841 1938; baseline -0.003 -16"><span class='ocrx_word' id='word_1_128' title='bbox 188 1882 318 1922; x_wconf 89' lang='lat' dir='ltr'><strong><em>cum</em></strong></span> <span class='ocrx_word' id='word_1_129' title='bbox 369 1865 583 1938; x_wconf 90' lang='lat' dir='ltr'><strong><em>oppido</em></strong></span> <span class='ocrx_word' id='word_1_130' title='bbox 625 1863 880 1932; x_wconf 75' lang='lat' dir='ltr'><strong><em>selcath,</em></strong></span> <span class='ocrx_word' id='word_1_131' title='bbox 940 1863 1285 1920; x_wconf 87' lang='lat' dir='ltr'><strong><em>Christianis</em></strong></span> <span class='ocrx_word' id='word_1_132' title='bbox 1349 1862 1691 1933; x_wconf 80' lang='lat' dir='ltr'><strong><em>resignaret.</em></strong></span> <span class='ocrx_word' id='word_1_133' title='bbox 1739 1862 1841 1917; x_wconf 82' lang='lat' dir='ltr'><strong><em>Est</em></strong></span> 
     </span>
     <span class='ocr_line' id='line_1_21' title="bbox 188 1951 1836 2027; baseline -0.002 -15"><span class='ocrx_word' id='word_1_134' title='bbox 188 1964 381 2013; x_wconf 89' lang='lat' dir='ltr'><strong><em>autem</em></strong></span> <span class='ocrx_word' id='word_1_135' title='bbox 404 1956 675 2012; x_wconf 88' lang='lat' dir='ltr'><strong><em>Bostrum</em></strong></span> <span class='ocrx_word' id='word_1_136' title='bbox 707 1955 910 2027; x_wconf 75' lang='lat' dir='ltr'><strong><em>primae</em></strong></span> <span class='ocrx_word' id='word_1_137' title='bbox 942 1953 1158 2009; x_wconf 66' lang='lat' dir='ltr'><strong><em>Arabiae</em></strong></span> <span class='ocrx_word' id='word_1_138' title='bbox 1190 1952 1550 2026; x_wconf 85' lang='lat' dir='ltr'><strong><em>metropolis,</em></strong></span> <span class='ocrx_word' id='word_1_139' title='bbox 1582 1969 1705 2025; x_wconf 83' lang='lat' dir='ltr'><strong><em>quae</em></strong></span> <span class='ocrx_word' id='word_1_140' title='bbox 1735 1951 1836 2009; x_wconf 91' lang='lat' dir='ltr'><strong><em>ho-</em></strong></span> 
     </span>
     <span class='ocr_line' id='line_1_22' title="bbox 186 2042 1837 2116; baseline -0.002 -14"><span class='ocrx_word' id='word_1_141' title='bbox 186 2046 316 2102; x_wconf 86' lang='lat' dir='ltr'><strong><em>deie</em></strong></span> <span class='ocrx_word' id='word_1_142' title='bbox 344 2045 576 2116; x_wconf 87' lang='lat' dir='ltr'><strong><em>vulgari</em></strong></span> <span class='ocrx_word' id='word_1_143' title='bbox 627 2043 1018 2116; x_wconf 80' lang='lat' dir='ltr'><strong><em>appellatione</em></strong></span> <span class='ocrx_word' id='word_1_144' title='bbox 1050 2043 1354 2099; x_wconf 77' lang='lat' dir='ltr'><strong><em>Bussereth</em></strong></span> <span class='ocrx_word' id='word_1_145' title='bbox 1413 2043 1649 2099; x_wconf 91' lang='lat' dir='ltr'><strong><em>dieitur.</em></strong></span> <span class='ocrx_word' id='word_1_146' title='bbox 1704 2042 1837 2098; x_wconf 77' lang='lat' dir='ltr'><strong><em>Erat</em></strong></span> 
     </span>
     <span class='ocr_line' id='line_1_23' title="bbox 188 2132 1835 2207; baseline -0.003 -16"><span class='ocrx_word' id='word_1_147' title='bbox 188 2149 360 2207; x_wconf 89' lang='lat' dir='ltr'><strong><em>porro</em></strong></span> <span class='ocrx_word' id='word_1_148' title='bbox 387 2134 540 2190; x_wconf 91' lang='lat' dir='ltr'><strong><em>idem</em></strong></span> <span class='ocrx_word' id='word_1_149' title='bbox 596 2132 812 2189; x_wconf 88' lang='lat' dir='ltr'><strong><em>nobilis</em></strong></span> <span class='ocrx_word' id='word_1_150' title='bbox 861 2133 1055 2201; x_wconf 91' lang='lat' dir='ltr'><strong><em>homo,</em></strong></span> <span class='ocrx_word' id='word_1_151' title='bbox 1090 2137 1154 2188; x_wconf 89' lang='lat' dir='ltr'><strong><em>ut</em></strong></span> <span class='ocrx_word' id='word_1_152' title='bbox 1191 2132 1514 2200; x_wconf 78' lang='lat' dir='ltr'><strong><em>dicebatur,</em></strong></span> <span class='ocrx_word' id='word_1_153' title='bbox 1545 2133 1835 2187; x_wconf 80' lang='lat' dir='ltr'><strong><em>Armenes</em></strong></span> 
     </span>
     <span class='ocr_line' id='line_1_24' title="bbox 187 2220 1830 2297; baseline -0.002 -16"><span class='ocrx_word' id='word_1_154' title='bbox 187 2239 419 2297; x_wconf 73' lang='lat' dir='ltr'><strong><em>genere,</em></strong></span> <span class='ocrx_word' id='word_1_155' title='bbox 474 2238 714 2292; x_wconf 86' lang='lat' dir='ltr'><strong><em>corpore</em></strong></span> <span class='ocrx_word' id='word_1_156' title='bbox 783 2238 1056 2294; x_wconf 88' lang='lat' dir='ltr'><strong><em>procerus</em></strong></span> <span class='ocrx_word' id='word_1_157' title='bbox 1115 2220 1256 2276; x_wconf 80' lang='lat' dir='ltr'><strong><em>facie</em></strong></span> <span class='ocrx_word' id='word_1_158' title='bbox 1310 2224 1556 2276; x_wconf 86' lang='lat' dir='ltr'><strong><em>venusta</em></strong></span> <span class='ocrx_word' id='word_1_159' title='bbox 1602 2221 1830 2277; x_wconf 87' lang='lat' dir='ltr'><strong><em>virilem</em></strong></span> 
     </span>
     <span class='ocr_line' id='line_1_25' title="bbox 184 2308 1833 2384; baseline -0.004 -15"><span class='ocrx_word' id='word_1_160' title='bbox 184 2318 306 2369; x_wconf 90' lang='lat' dir='ltr'><strong><em>tota</em></strong></span> <span class='ocrx_word' id='word_1_161' title='bbox 334 2312 594 2384; x_wconf 88' lang='lat' dir='ltr'><strong><em>corporis</em></strong></span> <span class='ocrx_word' id='word_1_162' title='bbox 607 2311 953 2366; x_wconf 84' lang='lat' dir='ltr'><strong><em>habitudine</em></strong></span> <span class='ocrx_word' id='word_1_163' title='bbox 981 2308 1417 2366; x_wconf 76' lang='lat' dir='ltr'><strong><em>animositatem</em></strong></span> <span class='ocrx_word' id='word_1_164' title='bbox 1453 2310 1833 2380; x_wconf 75' lang='lat' dir='ltr'><strong><em>praetendens,</em></strong></span> 
     </span>
     <span class='ocr_line' id='line_1_26' title="bbox 184 2397 1835 2474; baseline -0.004 -16"><span class='ocrx_word' id='word_1_165' title='bbox 184 2406 422 2474; x_wconf 90' lang='lat' dir='ltr'><strong><em>eratque</em></strong></span> <span class='ocrx_word' id='word_1_166' title='bbox 453 2415 661 2456; x_wconf 89' lang='lat' dir='ltr'><strong><em>nomen</em></strong></span> <span class='ocrx_word' id='word_1_167' title='bbox 694 2399 746 2454; x_wconf 91' lang='lat' dir='ltr'><strong><em>ei</em></strong></span> <span class='ocrx_word' id='word_1_168' title='bbox 777 2399 1037 2454; x_wconf 84' lang='lat' dir='ltr'><strong><em>Tantais.</em></strong></span> <span class='ocrx_word' id='word_1_169' title='bbox 1070 2397 1406 2454; x_wconf 88' lang='lat' dir='ltr'><strong><em>Convocatis</em></strong></span> <span class='ocrx_word' id='word_1_170' title='bbox 1455 2397 1633 2470; x_wconf 90' lang='lat' dir='ltr'><strong><em>igitur</em></strong></span> <span class='ocrx_word' id='word_1_171' title='bbox 1661 2397 1835 2466; x_wconf 84' lang='lat' dir='ltr'><strong><em>hujus</em></strong></span> 
     </span>
     <span class='ocr_line' id='line_1_27' title="bbox 184 2486 1835 2562; baseline -0.003 -16"><span class='ocrx_word' id='word_1_172' title='bbox 184 2490 268 2546; x_wconf 90' lang='lat' dir='ltr'><strong><em>rei</em></strong></span> <span class='ocrx_word' id='word_1_173' title='bbox 298 2490 485 2562; x_wconf 84' lang='lat' dir='ltr'><strong><em>gralia</em></strong></span> <span class='ocrx_word' id='word_1_174' title='bbox 525 2487 809 2543; x_wconf 86' lang='lat' dir='ltr'><strong><em>universis</em></strong></span> <span class='ocrx_word' id='word_1_175' title='bbox 858 2488 1017 2556; x_wconf 87' lang='lat' dir='ltr'><strong><em>regni</em></strong></span> <span class='ocrx_word' id='word_1_176' title='bbox 1051 2486 1407 2557; x_wconf 85' lang='lat' dir='ltr'><strong><em>principibus</em></strong></span> <span class='ocrx_word' id='word_1_177' title='bbox 1437 2491 1494 2543; x_wconf 89' lang='lat' dir='ltr'><strong><em>et</em></strong></span> <span class='ocrx_word' id='word_1_178' title='bbox 1547 2486 1835 2542; x_wconf 88' lang='lat' dir='ltr'><strong><em>delibera-</em></strong></span> 
     </span>
     <span class='ocr_line' id='line_1_28' title="bbox 186 2573 1835 2647; baseline -0.001 -15"><span class='ocrx_word' id='word_1_179' title='bbox 186 2577 360 2632; x_wconf 82' lang='lat' dir='ltr'><strong><em>tionis</em></strong></span> <span class='ocrx_word' id='word_1_180' title='bbox 391 2575 657 2646; x_wconf 84' lang='lat' dir='ltr'><strong><em>partibus</em></strong></span> <span class='ocrx_word' id='word_1_181' title='bbox 688 2589 943 2645; x_wconf 88' lang='lat' dir='ltr'><strong><em>congruo</em></strong></span> <span class='ocrx_word' id='word_1_182' title='bbox 992 2573 1300 2630; x_wconf 88' lang='lat' dir='ltr'><strong><em>libramine</em></strong></span> <span class='ocrx_word' id='word_1_183' title='bbox 1332 2575 1610 2647; x_wconf 73' lang='lat' dir='ltr'><strong><em>pensatis,</em></strong></span> <span class='ocrx_word' id='word_1_184' title='bbox 1636 2574 1835 2630; x_wconf 86' lang='lat' dir='ltr'><strong><em>audita</em></strong></span> 
     </span>
     <span class='ocr_line' id='line_1_29' title="bbox 184 2663 1834 2734; baseline -0.002 -14"><span class='ocrx_word' id='word_1_185' title='bbox 184 2665 333 2721; x_wconf 88' lang='lat' dir='ltr'><strong><em>tanti</em></strong></span> <span class='ocrx_word' id='word_1_186' title='bbox 363 2664 470 2719; x_wconf 90' lang='lat' dir='ltr'><strong><em>viri</em></strong></span> <span class='ocrx_word' id='word_1_187' title='bbox 496 2664 776 2719; x_wconf 87' lang='lat' dir='ltr'><strong><em>adventus</em></strong></span> <span class='ocrx_word' id='word_1_188' title='bbox 809 2679 1007 2730; x_wconf 89' lang='lat' dir='ltr'><strong><em>causa,</em></strong></span> <span class='ocrx_word' id='word_1_189' title='bbox 1027 2663 1246 2734; x_wconf 87' lang='lat' dir='ltr'><strong><em>placuit</em></strong></span> <span class='ocrx_word' id='word_1_190' title='bbox 1274 2663 1550 2718; x_wconf 89' lang='lat' dir='ltr'><strong><em>omnibus</em></strong></span> <span class='ocrx_word' id='word_1_191' title='bbox 1583 2663 1653 2717; x_wconf 91' lang='lat' dir='ltr'><strong><em>de</em></strong></span> <span class='ocrx_word' id='word_1_192' title='bbox 1684 2678 1834 2718; x_wconf 91' lang='lat' dir='ltr'><strong><em>com-</em></strong></span> 
     </span>
     <span class='ocr_line' id='line_1_30' title="bbox 184 2751 1833 2822; baseline -0.002 -12"><span class='ocrx_word' id='word_1_193' title='bbox 184 2754 349 2810; x_wconf 90' lang='lat' dir='ltr'><strong><em>muni</em></strong></span> <span class='ocrx_word' id='word_1_194' title='bbox 380 2752 647 2821; x_wconf 79' lang='lat' dir='ltr'><strong><em>consiliO,</em></strong></span> <span class='ocrx_word' id='word_1_195' title='bbox 672 2756 737 2807; x_wconf 92' lang='lat' dir='ltr'><strong><em>ut</em></strong></span> <span class='ocrx_word' id='word_1_196' title='bbox 766 2753 837 2807; x_wconf 90' lang='lat' dir='ltr'><strong><em>de</em></strong></span> <span class='ocrx_word' id='word_1_197' title='bbox 867 2751 1111 2807; x_wconf 86' lang='lat' dir='ltr'><strong><em>honesta</em></strong></span> <span class='ocrx_word' id='word_1_198' title='bbox 1140 2757 1198 2808; x_wconf 88' lang='lat' dir='ltr'><strong><em>et</em></strong></span> <span class='ocrx_word' id='word_1_199' title='bbox 1221 2754 1586 2822; x_wconf 85' lang='lat' dir='ltr'><strong><em>competente</em></strong></span> <span class='ocrx_word' id='word_1_200' title='bbox 1614 2766 1833 2807; x_wconf 89' lang='lat' dir='ltr'><strong><em>recom-</em></strong></span> 
     </span>
     <span class='ocr_line' id='line_1_31' title="bbox 185 2839 1829 2915; baseline -0.002 -18"><span class='ocrx_word' id='word_1_201' title='bbox 185 2842 545 2915; x_wconf 89' lang='lat' dir='ltr'><strong><em>pensatione,</em></strong></span> <span class='ocrx_word' id='word_1_202' title='bbox 569 2841 900 2912; x_wconf 88' lang='lat' dir='ltr'><strong><em>supradicto</em></strong></span> <span class='ocrx_word' id='word_1_203' title='bbox 927 2839 1183 2896; x_wconf 84' lang='lat' dir='ltr'><strong><em>satisfiat</em></strong></span> <span class='ocrx_word' id='word_1_204' title='bbox 1211 2841 1332 2896; x_wconf 86' lang='lat' dir='ltr'><strong><em>viro</em></strong></span> <span class='ocrx_word' id='word_1_205' title='bbox 1357 2858 1372 2910; x_wconf 90' lang='lat'>3</span> <span class='ocrx_word' id='word_1_206' title='bbox 1413 2844 1471 2896; x_wconf 90' lang='lat' dir='ltr'><strong><em>et</em></strong></span> <span class='ocrx_word' id='word_1_207' title='bbox 1499 2839 1829 2896; x_wconf 87' lang='lat' dir='ltr'><strong><em>convocatis</em></strong></span> 
     </span>
     <span class='ocr_line' id='line_1_32' title="bbox 181 2928 1831 3002; baseline -0.004 -15"><span class='ocrx_word' id='word_1_208' title='bbox 181 2931 553 2995; x_wconf 84' lang='lat' dir='ltr'><strong><em>exercitibus,</em></strong></span> <span class='ocrx_word' id='word_1_209' title='bbox 586 2930 656 2984; x_wconf 87' lang='lat' dir='ltr'><strong><em>ad</em></strong></span> <span class='ocrx_word' id='word_1_210' title='bbox 688 2929 1026 2985; x_wconf 83' lang='lat' dir='ltr'><strong><em>Bostrenses</em></strong></span> <span class='ocrx_word' id='word_1_211' title='bbox 1057 2934 1248 3002; x_wconf 87' lang='lat' dir='ltr'><strong><em>partes</em></strong></span> <span class='ocrx_word' id='word_1_212' title='bbox 1293 2928 1620 2998; x_wconf 78' lang='lat' dir='ltr'><strong><em>dirigantur</em></strong></span> <span class='ocrx_word' id='word_1_213' title='bbox 1666 2942 1831 2999; x_wconf 89' lang='lat' dir='ltr'><strong><em>expe·</em></strong></span> 
     </span>
     <span class='ocr_line' id='line_1_33' title="bbox 184 3017 1830 3091; baseline -0.002 -14"><span class='ocrx_word' id='word_1_214' title='bbox 184 3022 473 3088; x_wconf 88' lang='lat' dir='ltr'><strong><em>ditiones3</em></strong></span> <span class='ocrx_word' id='word_1_215' title='bbox 517 3019 840 3075; x_wconf 85' lang='lat' dir='ltr'><strong><em>maximum</em></strong></span> <span class='ocrx_word' id='word_1_216' title='bbox 890 3020 1045 3075; x_wconf 89' lang='lat' dir='ltr'><strong><em>enim</em></strong></span> <span class='ocrx_word' id='word_1_217' title='bbox 1077 3024 1133 3074; x_wconf 91' lang='lat' dir='ltr'><strong><em>et</em></strong></span> <span class='ocrx_word' id='word_1_218' title='bbox 1171 3019 1287 3075; x_wconf 88' lang='lat' dir='ltr'><strong><em>Deo</em></strong></span> <span class='ocrx_word' id='word_1_219' title='bbox 1331 3023 1636 3091; x_wconf 88' lang='lat' dir='ltr'><strong><em>acceptum</em></strong></span> <span class='ocrx_word' id='word_1_220' title='bbox 1670 3017 1830 3091; x_wconf 87' lang='lat' dir='ltr'><strong><em>regni</em></strong></span> 
     </span>
    </p>
   </div>
   <div class='ocr_carea' id='block_1_7' title="bbox 1939 519 3602 1664">
    <p class='ocr_par' dir='ltr' id='par_1_7' title="bbox 1939 519 3602 1664">
     <span class='ocr_line' id='line_1_34' title="bbox 1944 519 3602 593; baseline -0.002 -13"><span class='ocrx_word' id='word_1_221' title='bbox 1944 542 2049 581; x_wconf 80' lang='lat' dir='ltr'><strong><em>nus</em></strong></span> <span class='ocrx_word' id='word_1_222' title='bbox 2079 526 2147 580; x_wconf 83' lang='lat' dir='ltr'><strong><em>ab</em></strong></span> <span class='ocrx_word' id='word_1_223' title='bbox 2178 526 2383 593; x_wconf 78' lang='lat' dir='ltr'><strong><em>iniusto</em></strong></span> <span class='ocrx_word' id='word_1_224' title='bbox 2411 522 2802 580; x_wconf 72' lang='lat' dir='ltr'><strong><em>dominust‘reae</em></strong></span> <span class='ocrx_word' id='word_1_225' title='bbox 2830 522 3049 578; x_wconf 76' lang='lat' dir='ltr'><strong><em>desistat</em></strong></span> <span class='ocrx_word' id='word_1_226' title='bbox 3077 519 3356 593; x_wconf 80' lang='lat' dir='ltr'><strong><em>proposito</em></strong></span> <span class='ocrx_word' id='word_1_227' title='bbox 3374 536 3398 583; x_wconf 89' lang='lat'><strong><em>‚·</em></strong></span> <span class='ocrx_word' id='word_1_228' title='bbox 3419 530 3602 591; x_wconf 82' lang='lat' dir='ltr'><strong><em>pacto·</em></strong></span> 
     </span>
     <span class='ocr_line' id='line_1_35' title="bbox 1939 608 3600 686; baseline -0.002 -17"><span class='ocrx_word' id='word_1_229' title='bbox 1939 630 2067 669; x_wconf 88' lang='lat' dir='ltr'><strong><em>rum</em></strong></span> <span class='ocrx_word' id='word_1_230' title='bbox 2091 616 2248 686; x_wconf 83' lang='lat' dir='ltr'><strong><em>prius</em></strong></span> <span class='ocrx_word' id='word_1_231' title='bbox 2283 612 2554 670; x_wconf 81' lang='lat' dir='ltr'><strong><em>initorum</em></strong></span> <span class='ocrx_word' id='word_1_232' title='bbox 2578 616 2824 668; x_wconf 81' lang='lat' dir='ltr'><strong><em>tenorem</em></strong></span> <span class='ocrx_word' id='word_1_233' title='bbox 2862 620 3137 667; x_wconf 78' lang='lat' dir='ltr'><strong><em>conservet</em></strong></span> <span class='ocrx_word' id='word_1_234' title='bbox 3155 610 3461 666; x_wconf 76' lang='lat' dir='ltr'><strong><em>illibatum.</em></strong></span> <span class='ocrx_word' id='word_1_235' title='bbox 3496 608 3600 666; x_wconf 81' lang='lat' dir='ltr'><strong><em>Nos</em></strong></span> 
     </span>
     <span class='ocr_line' id='line_1_36' title="bbox 1939 698 3595 776; baseline -0.002 -17"><span class='ocrx_word' id='word_1_236' title='bbox 1939 703 2138 776; x_wconf 79' lang='lat' dir='ltr'><strong><em>parati</em></strong></span> <span class='ocrx_word' id='word_1_237' title='bbox 2162 719 2371 770; x_wconf 83' lang='lat' dir='ltr'><strong><em>sumus,</em></strong></span> <span class='ocrx_word' id='word_1_238' title='bbox 2399 702 2617 759; x_wconf 82' lang='lat' dir='ltr'><strong><em>domino</em></strong></span> <span class='ocrx_word' id='word_1_239' title='bbox 2648 703 2768 771; x_wconf 70' lang='lat' dir='ltr'><strong><em>reyi</em></strong></span> <span class='ocrx_word' id='word_1_240' title='bbox 2787 703 3072 757; x_wconf 77' lang='lat' dir='ltr'><strong><em>universas</em></strong></span> <span class='ocrx_word' id='word_1_241' title='bbox 3098 716 3224 756; x_wconf 86' lang='lat' dir='ltr'><strong><em>cum</em></strong></span> <span class='ocrx_word' id='word_1_242' title='bbox 3251 700 3409 756; x_wconf 77' lang='lat' dir='ltr'><strong><em>amm·</em></strong></span> <span class='ocrx_word' id='word_1_243' title='bbox 3447 698 3595 756; x_wconf 80' lang='lat' dir='ltr'><strong><em>inte-</em></strong></span> 
     </span>
     <span class='ocr_line' id='line_1_37' title="bbox 1940 788 3594 864; baseline -0.001 -18"><span class='ocrx_word' id='word_1_244' title='bbox 1940 794 2142 864; x_wconf 68' lang='lat' dir='ltr'><strong><em>pritote</em></strong></span> <span class='ocrx_word' id='word_1_245' title='bbox 2169 794 2457 863; x_wconf 78' lang='lat' dir='ltr'><strong><em>impensas,</em></strong></span> <span class='ocrx_word' id='word_1_246' title='bbox 2482 808 2614 863; x_wconf 79' lang='lat' dir='ltr'><strong><em>quas</em></strong></span> <span class='ocrx_word' id='word_1_247' title='bbox 2643 806 2742 863; x_wconf 86' lang='lat' dir='ltr'><strong><em>pro</em></strong></span> <span class='ocrx_word' id='word_1_248' title='bbox 2773 790 2877 846; x_wconf 76' lang='lat' dir='ltr'><strong><em>hae</em></strong></span> <span class='ocrx_word' id='word_1_249' title='bbox 2922 788 3263 861; x_wconf 74' lang='lat' dir='ltr'><strong><em>expeditione</em></strong></span> <span class='ocrx_word' id='word_1_250' title='bbox 3308 788 3471 858; x_wconf 76' lang='lat' dir='ltr'><strong><em>fecit,</em></strong></span> <span class='ocrx_word' id='word_1_251' title='bbox 3505 803 3594 845; x_wconf 86' lang='lat' dir='ltr'><strong><em>re·</em></strong></span> 
     </span>
     <span class='ocr_line' id='line_1_38' title="bbox 1939 877 3592 953; baseline -0.002 -16"><span class='ocrx_word' id='word_1_252' title='bbox 1939 881 2193 953; x_wconf 80' lang='lat' dir='ltr'><strong><em>sundere.</em></strong></span> <span class='ocrx_word' id='word_1_253' title='bbox 2227 884 2311 937; x_wconf 81' lang='lat' dir='ltr'><strong><em>Ad</em></strong></span> <span class='ocrx_word' id='word_1_254' title='bbox 2329 881 2450 938; x_wconf 84' lang='lat' dir='ltr'><strong><em>haec</em></strong></span> <span class='ocrx_word' id='word_1_255' title='bbox 2481 881 2755 937; x_wconf 89' lang='lat' dir='ltr'><strong><em>dominus</em></strong></span> <span class='ocrx_word' id='word_1_256' title='bbox 2787 896 2883 936; x_wconf 85' lang='lat' dir='ltr'><strong><em>rex</em></strong></span> <span class='ocrx_word' id='word_1_257' title='bbox 2903 895 2966 935; x_wconf 89' lang='lat' dir='ltr'><strong><em>ce</em></strong></span> <span class='ocrx_word' id='word_1_258' title='bbox 3014 878 3313 935; x_wconf 89' lang='lat' dir='ltr'><strong><em>communi</em></strong></span> <span class='ocrx_word' id='word_1_259' title='bbox 3348 877 3592 933; x_wconf 85' lang='lat' dir='ltr'><strong><em>consilio</em></strong></span> 
     </span>
     <span class='ocr_line' id='line_1_39' title="bbox 1943 966 3592 1041; baseline -0.003 -14"><span class='ocrx_word' id='word_1_260' title='bbox 1943 987 2290 1041; x_wconf 86' lang='lat' dir='ltr'><strong><em>responsum</em></strong></span> <span class='ocrx_word' id='word_1_261' title='bbox 2340 972 2499 1026; x_wconf 91' lang='lat' dir='ltr'><strong><em>dedit</em></strong></span> <span class='ocrx_word' id='word_1_262' title='bbox 2545 970 2743 1026; x_wconf 88' lang='lat' dir='ltr'><strong><em>dicens</em></strong></span> <span class='ocrx_word' id='word_1_263' title='bbox 2777 985 2790 1024; x_wconf 92' lang='lat'><strong>:</strong></span> <span class='ocrx_word' id='word_1_264' title='bbox 2824 974 2928 1025; x_wconf 80' lang='lat' dir='ltr'><strong><em>Nos</em></strong></span> <span class='ocrx_word' id='word_1_265' title='bbox 2975 972 3262 1039; x_wconf 75' lang='lat' dir='ltr'><strong><em>pactorum</em></strong></span> <span class='ocrx_word' id='word_1_266' title='bbox 3289 969 3340 1022; x_wconf 84' lang='lat' dir='ltr'><strong><em>et</em></strong></span> <span class='ocrx_word' id='word_1_267' title='bbox 3369 966 3592 1036; x_wconf 62' lang='grc' dir='ltr'><strong><em>[κάει-ὑ</em></strong></span> 
     </span>
     <span class='ocr_line' id='line_1_40' title="bbox 1943 1055 3594 1131; baseline -0.003 -16"><span class='ocrx_word' id='word_1_268' title='bbox 1943 1062 2211 1131; x_wconf 80' lang='lat' dir='ltr'><strong><em>concepti,</em></strong></span> <span class='ocrx_word' id='word_1_269' title='bbox 2244 1060 2560 1115; x_wconf 81' lang='lat' dir='ltr'><strong><em>nullatenus</em></strong></span> <span class='ocrx_word' id='word_1_270' title='bbox 2589 1059 2926 1113; x_wconf 83' lang='lat' dir='ltr'><strong><em>intendimus</em></strong></span> <span class='ocrx_word' id='word_1_271' title='bbox 2957 1057 3160 1113; x_wconf 78' lang='lat' dir='ltr'><strong><em>violare</em></strong></span> <span class='ocrx_word' id='word_1_272' title='bbox 3189 1065 3436 1112; x_wconf 81' lang='lat' dir='ltr'><strong><em>tenorem</em></strong></span> <span class='ocrx_word' id='word_1_273' title='bbox 3447 1073 3469 1120; x_wconf 87' lang='lat'><strong><em>,·</em></strong></span> <span class='ocrx_word' id='word_1_274' title='bbox 3503 1055 3594 1111; x_wconf 71' lang='lat' dir='ltr'><strong><em>sert</em></strong></span> 
     </span>
     <span class='ocr_line' id='line_1_41' title="bbox 1944 1145 3595 1223; baseline -0.003 -18"><span class='ocrx_word' id='word_1_275' title='bbox 1944 1151 2078 1223; x_wconf 76' lang='lat' dir='ltr'><strong><em>quia</em></strong></span> <span class='ocrx_word' id='word_1_276' title='bbox 2099 1150 2395 1221; x_wconf 76' lang='lat' dir='ltr'><strong><em>proedictus</em></strong></span> <span class='ocrx_word' id='word_1_277' title='bbox 2414 1149 2609 1204; x_wconf 82' lang='lat' dir='ltr'><strong><em>nobilis</em></strong></span> <span class='ocrx_word' id='word_1_278' title='bbox 2630 1147 2785 1203; x_wconf 77' lang='lat' dir='ltr'><strong><em>homo</em></strong></span> <span class='ocrx_word' id='word_1_279' title='bbox 2802 1147 2872 1202; x_wconf 82' lang='lat' dir='ltr'><strong><em>ad</em></strong></span> <span class='ocrx_word' id='word_1_280' title='bbox 2899 1162 2996 1202; x_wconf 76' lang='lat' dir='ltr'><strong><em>nos</em></strong></span> <span class='ocrx_word' id='word_1_281' title='bbox 3031 1149 3199 1212; x_wconf 84' lang='lat' dir='ltr'><strong><em>venit,</em></strong></span> <span class='ocrx_word' id='word_1_282' title='bbox 3217 1154 3279 1201; x_wconf 84' lang='lat' dir='ltr'><strong><em>ut</em></strong></span> <span class='ocrx_word' id='word_1_283' title='bbox 3307 1145 3595 1201; x_wconf 77' lang='lat' dir='ltr'><strong><em>nobiscum</em></strong></span> 
     </span>
     <span class='ocr_line' id='line_1_42' title="bbox 1942 1236 3591 1310; baseline -0.003 -16"><span class='ocrx_word' id='word_1_284' title='bbox 1942 1239 2305 1310; x_wconf 72' lang='lat' dir='ltr'><strong><em>familiariter</em></strong></span> <span class='ocrx_word' id='word_1_285' title='bbox 2360 1240 2697 1309; x_wconf 79' lang='lat' dir='ltr'><strong><em>loqueretur,</em></strong></span> <span class='ocrx_word' id='word_1_286' title='bbox 2743 1252 2854 1292; x_wconf 84' lang='lat' dir='ltr'><strong><em>non</em></strong></span> <span class='ocrx_word' id='word_1_287' title='bbox 2915 1251 3201 1309; x_wconf 85' lang='lat' dir='ltr'><strong><em>possumus</em></strong></span> <span class='ocrx_word' id='word_1_288' title='bbox 3269 1236 3490 1290; x_wconf 77' lang='lat' dir='ltr'><strong><em>homini</em></strong></span> <span class='ocrx_word' id='word_1_289' title='bbox 3535 1237 3591 1290; x_wconf 83' lang='lat' dir='ltr'><strong><em>in</em></strong></span> 
     </span>
     <span class='ocr_line' id='line_1_43' title="bbox 1944 1324 3595 1399; baseline -0.002 -16"><span class='ocrx_word' id='word_1_290' title='bbox 1944 1342 2111 1399; x_wconf 75' lang='lat' dir='ltr'><strong><em>reqno</em></strong></span> <span class='ocrx_word' id='word_1_291' title='bbox 2144 1334 2326 1383; x_wconf 80' lang='lat' dir='ltr'><strong><em>nostro</em></strong></span> <span class='ocrx_word' id='word_1_292' title='bbox 2356 1342 2502 1397; x_wconf 86' lang='lat' dir='ltr'><strong><em>spem</em></strong></span> <span class='ocrx_word' id='word_1_293' title='bbox 2549 1326 2791 1393; x_wconf 77' lang='lat' dir='ltr'><strong><em>habenti,</em></strong></span> <span class='ocrx_word' id='word_1_294' title='bbox 2816 1341 2941 1381; x_wconf 89' lang='lat' dir='ltr'><strong><em>cum</em></strong></span> <span class='ocrx_word' id='word_1_295' title='bbox 2979 1334 3168 1382; x_wconf 81' lang='lat' dir='ltr'><strong><em>nostra</em></strong></span> <span class='ocrx_word' id='word_1_296' title='bbox 3198 1324 3487 1380; x_wconf 72' lang='lat' dir='ltr'><strong><em>honestate</em></strong></span> <span class='ocrx_word' id='word_1_297' title='bbox 3516 1326 3595 1380; x_wconf 82' lang='lat' dir='ltr'><strong><em>ita</em></strong></span> 
     </span>
     <span class='ocr_line' id='line_1_44' title="bbox 1945 1411 3594 1487; baseline -0.002 -15"><span class='ocrx_word' id='word_1_298' title='bbox 1945 1420 2166 1487; x_wconf 81' lang='lat' dir='ltr'><strong><em>penitus</em></strong></span> <span class='ocrx_word' id='word_1_299' title='bbox 2224 1416 2421 1472; x_wconf 81' lang='lat' dir='ltr'><strong><em>deesse.</em></strong></span> <span class='ocrx_word' id='word_1_300' title='bbox 2458 1414 2706 1486; x_wconf 73' lang='lat' dir='ltr'><strong><em>Sufficiet</em></strong></span> <span class='ocrx_word' id='word_1_301' title='bbox 2751 1420 2937 1470; x_wconf 87' lang='lat' dir='ltr'><strong><em>autem</em></strong></span> <span class='ocrx_word' id='word_1_302' title='bbox 2980 1414 3153 1481; x_wconf 80' lang='lat' dir='ltr'><strong><em>nobis,</em></strong></span> <span class='ocrx_word' id='word_1_303' title='bbox 3193 1417 3253 1470; x_wconf 90' lang='lat' dir='ltr'><strong><em>ut</em></strong></span> <span class='ocrx_word' id='word_1_304' title='bbox 3287 1411 3348 1469; x_wconf 84' lang='lat' dir='ltr'><strong><em>in</em></strong></span> <span class='ocrx_word' id='word_1_305' title='bbox 3403 1415 3594 1469; x_wconf 77' lang='lat' dir='ltr'><strong><em>urbem</em></strong></span> 
     </span>
     <span class='ocr_line' id='line_1_45' title="bbox 1947 1501 3593 1577; baseline -0.002 -18"><span class='ocrx_word' id='word_1_306' title='bbox 1947 1521 2111 1577; x_wconf 82' lang='lat' dir='ltr'><strong><em>quam</em></strong></span> <span class='ocrx_word' id='word_1_307' title='bbox 2138 1509 2324 1561; x_wconf 84' lang='lat' dir='ltr'><strong><em>nostro</em></strong></span> <span class='ocrx_word' id='word_1_308' title='bbox 2369 1503 2611 1559; x_wconf 78' lang='lat' dir='ltr'><strong><em>deseruit</em></strong></span> <span class='ocrx_word' id='word_1_309' title='bbox 2651 1504 2860 1558; x_wconf 81' lang='lat' dir='ltr'><strong><em>intuitu</em></strong></span> <span class='ocrx_word' id='word_1_310' title='bbox 2902 1518 3029 1557; x_wconf 87' lang='lat' dir='ltr'><strong><em>eum</em></strong></span> <span class='ocrx_word' id='word_1_311' title='bbox 3075 1501 3435 1558; x_wconf 61' lang='lat' dir='ltr'><strong><em>introducere</em></strong></span> <span class='ocrx_word' id='word_1_312' title='bbox 3470 1503 3593 1557; x_wconf 80' lang='lat' dir='ltr'><strong><em>sine</em></strong></span> 
     </span>
     <span class='ocr_line' id='line_1_46' title="bbox 1945 1593 3594 1664; baseline -0.002 -15"><span class='ocrx_word' id='word_1_313' title='bbox 1945 1594 2271 1663; x_wconf 71' lang='lat' dir='ltr'><strong><em>difficultate</em></strong></span> <span class='ocrx_word' id='word_1_314' title='bbox 2300 1594 2500 1659; x_wconf 81' lang='lat' dir='ltr'><strong><em>liceae,·</em></strong></span> <span class='ocrx_word' id='word_1_315' title='bbox 2546 1596 2831 1664; x_wconf 79' lang='lat' dir='ltr'><strong><em>postquam</em></strong></span> <span class='ocrx_word' id='word_1_316' title='bbox 2862 1600 3043 1646; x_wconf 83' lang='lat' dir='ltr'><strong><em>autem</em></strong></span> <span class='ocrx_word' id='word_1_317' title='bbox 3074 1593 3136 1646; x_wconf 80' lang='lat' dir='ltr'><strong><em>in</em></strong></span> <span class='ocrx_word' id='word_1_318' title='bbox 3172 1608 3338 1647; x_wconf 81' lang='lat' dir='ltr'><strong><em>suum</em></strong></span> <span class='ocrx_word' id='word_1_319' title='bbox 3366 1607 3425 1647; x_wconf 80' lang='lat' dir='ltr'><strong><em>se</em></strong></span> <span class='ocrx_word' id='word_1_320' title='bbox 3449 1606 3594 1647; x_wconf 82' lang='lat' dir='ltr'><strong><em>rece·</em></strong></span> 
     </span>
    </p>
   </div>
   <div class='ocr_carea' id='block_1_8' title="bbox 1869 1680 3594 1792">
    <p class='ocr_par' dir='ltr' id='par_1_8' title="bbox 1869 1680 3594 1792">
     <span class='ocr_line' id='line_1_47' title="bbox 1869 1680 3594 1792; baseline -0.003 -52"><span class='ocrx_word' id='word_1_321' title='bbox 1869 1726 1916 1792; x_wconf 78' lang='lat' dir='ltr'>B</span> <span class='ocrx_word' id='word_1_322' title='bbox 1945 1685 2089 1753; x_wconf 79' lang='lat' dir='ltr'><strong><em>perit</em></strong></span> <span class='ocrx_word' id='word_1_323' title='bbox 2116 1684 2509 1752; x_wconf 75' lang='lat' dir='ltr'><strong><em>municipium,</em></strong></span> <span class='ocrx_word' id='word_1_324' title='bbox 2539 1688 2761 1737; x_wconf 76' lang='lat' dir='ltr'><strong><em>tractect</em></strong></span> <span class='ocrx_word' id='word_1_325' title='bbox 2788 1697 2913 1736; x_wconf 84' lang='lat' dir='ltr'><strong><em>eum</em></strong></span> <span class='ocrx_word' id='word_1_326' title='bbox 2950 1680 3204 1735; x_wconf 77' lang='lat' dir='ltr'><strong><em>dominus</em></strong></span> <span class='ocrx_word' id='word_1_327' title='bbox 3232 1695 3369 1735; x_wconf 79' lang='lat' dir='ltr'><strong><em>suus</em></strong></span> <span class='ocrx_word' id='word_1_328' title='bbox 3394 1681 3594 1751; x_wconf 76' lang='lat' dir='ltr'><strong><em>patriis</em></strong></span> 
     </span>
    </p>
   </div>
   <div class='ocr_carea' id='block_1_9' title="bbox 1939 1767 3598 3093">
    <p class='ocr_par' dir='ltr' id='par_1_9' title="bbox 1939 1767 3598 3093">
     <span class='ocr_line' id='line_1_48' title="bbox 1942 1767 3595 1841; baseline -0.002 -14"><span class='ocrx_word' id='word_1_329' title='bbox 1942 1773 2229 1841; x_wconf 72' lang='lat' dir='ltr'><strong><em>lapibus,ee</em></strong></span> <span class='ocrx_word' id='word_1_330' title='bbox 2257 1771 2557 1828; x_wconf 74' lang='lat' dir='ltr'><strong><em>secundum</em></strong></span> <span class='ocrx_word' id='word_1_331' title='bbox 2578 1771 2777 1826; x_wconf 78' lang='lat' dir='ltr'><strong><em>merita</em></strong></span> <span class='ocrx_word' id='word_1_332' title='bbox 2801 1786 2902 1825; x_wconf 82' lang='lat' dir='ltr'><strong><em>sua</em></strong></span> <span class='ocrx_word' id='word_1_333' title='bbox 2923 1769 3099 1825; x_wconf 82' lang='lat' dir='ltr'><strong><em>eidem</em></strong></span> <span class='ocrx_word' id='word_1_334' title='bbox 3121 1771 3366 1838; x_wconf 79' lang='lat' dir='ltr'><strong><em>praemia</em></strong></span> <span class='ocrx_word' id='word_1_335' title='bbox 3386 1767 3595 1840; x_wconf 64' lang='lat' dir='ltr'><strong><em>largia-</em></strong></span> 
     </span>
     <span class='ocr_line' id='line_1_49' title="bbox 1947 1856 3597 1929; baseline -0.001 -13"><span class='ocrx_word' id='word_1_336' title='bbox 1947 1868 2079 1923; x_wconf 82' lang='lat' dir='ltr'><strong><em>tur.-</em></strong></span> <span class='ocrx_word' id='word_1_337' title='bbox 2117 1876 2214 1916; x_wconf 86' lang='lat' dir='ltr'><strong><em>nos</em></strong></span> <span class='ocrx_word' id='word_1_338' title='bbox 2260 1864 2409 1915; x_wconf 76' lang='lat' dir='ltr'><strong><em>enim</em></strong></span> <span class='ocrx_word' id='word_1_339' title='bbox 2451 1862 2564 1915; x_wconf 82' lang='lat' dir='ltr'><strong><em>sive</em></strong></span> <span class='ocrx_word' id='word_1_340' title='bbox 2622 1859 2683 1914; x_wconf 83' lang='lat' dir='ltr'><strong><em>in</em></strong></span> <span class='ocrx_word' id='word_1_341' title='bbox 2721 1858 2920 1925; x_wconf 84' lang='lat' dir='ltr'><strong><em>eundo,</em></strong></span> <span class='ocrx_word' id='word_1_342' title='bbox 2959 1860 3073 1914; x_wconf 84' lang='lat' dir='ltr'><strong><em>sive</em></strong></span> <span class='ocrx_word' id='word_1_343' title='bbox 3113 1860 3173 1912; x_wconf 79' lang='lat' dir='ltr'><strong><em>in</em></strong></span> <span class='ocrx_word' id='word_1_344' title='bbox 3217 1856 3449 1926; x_wconf 79' lang='lat' dir='ltr'><strong><em>reundo,</em></strong></span> <span class='ocrx_word' id='word_1_345' title='bbox 3479 1859 3597 1929; x_wconf 58' lang='lat' dir='ltr'><strong><em>reni</em></strong></span> 
     </span>
     <span class='ocr_line' id='line_1_50' title="bbox 1946 1948 3591 2018; baseline -0.002 -13"><span class='ocrx_word' id='word_1_346' title='bbox 1946 1952 2275 2006; x_wconf 79' lang='lat' dir='ltr'><strong><em>Damasceno</em></strong></span> <span class='ocrx_word' id='word_1_347' title='bbox 2321 1949 2495 2006; x_wconf 85' lang='lat' dir='ltr'><strong><em>amico</em></strong></span> <span class='ocrx_word' id='word_1_348' title='bbox 2540 1956 2744 2015; x_wconf 88' lang='lat' dir='ltr'><strong><em>nostro,</em></strong></span> <span class='ocrx_word' id='word_1_349' title='bbox 2790 1949 3016 2003; x_wconf 82' lang='lat' dir='ltr'><strong><em>omnino</em></strong></span> <span class='ocrx_word' id='word_1_350' title='bbox 3062 1953 3284 2004; x_wconf 84' lang='lat' dir='ltr'><strong><em>auctore</em></strong></span> <span class='ocrx_word' id='word_1_351' title='bbox 3339 1948 3591 2018; x_wconf 82' lang='lat' dir='ltr'><strong><em>Domino,</em></strong></span> 
     </span>
     <span class='ocr_line' id='line_1_51' title="bbox 1942 2038 3592 2111; baseline -0.001 -15"><span class='ocrx_word' id='word_1_352' title='bbox 1942 2044 2087 2096; x_wconf 83' lang='lat' dir='ltr'><strong><em>sicut</em></strong></span> <span class='ocrx_word' id='word_1_353' title='bbox 2168 2050 2435 2111; x_wconf 82' lang='lat' dir='ltr'><strong><em>tenemur,</em></strong></span> <span class='ocrx_word' id='word_1_354' title='bbox 2498 2041 2896 2096; x_wconf 68' lang='lat' dir='ltr'><strong><em>declinabimus</em></strong></span> <span class='ocrx_word' id='word_1_355' title='bbox 2966 2038 3236 2110; x_wconf 81' lang='lat' dir='ltr'><strong><em>injuriam</em></strong></span> <span class='ocrx_word' id='word_1_356' title='bbox 3320 2040 3592 2110; x_wconf 75' lang='lat' dir='ltr'><strong><em>irroqare.</em></strong></span> 
     </span>
     <span class='ocr_line' id='line_1_52' title="bbox 1945 2127 3596 2199; baseline -0.003 -13"><span class='ocrx_word' id='word_1_357' title='bbox 1945 2131 2082 2186; x_wconf 86' lang='lat' dir='ltr'><strong><em>Erat</em></strong></span> <span class='ocrx_word' id='word_1_358' title='bbox 2129 2133 2324 2186; x_wconf 89' lang='lat' dir='ltr'><strong><em>autem</em></strong></span> <span class='ocrx_word' id='word_1_359' title='bbox 2377 2128 2474 2185; x_wconf 88' lang='lat' dir='ltr'><strong><em>hie</em></strong></span> <span class='ocrx_word' id='word_1_360' title='bbox 2521 2128 2675 2186; x_wconf 88' lang='lat' dir='ltr'><strong><em>idem</em></strong></span> <span class='ocrx_word' id='word_1_361' title='bbox 2725 2128 3037 2196; x_wconf 76' lang='lat' dir='ltr'><strong><em>AinarduS,</em></strong></span> <span class='ocrx_word' id='word_1_362' title='bbox 3076 2128 3164 2183; x_wconf 90' lang='lat' dir='ltr'><strong><em>vir</em></strong></span> <span class='ocrx_word' id='word_1_363' title='bbox 3206 2127 3596 2199; x_wconf 83' lang='lat' dir='ltr'><strong><em>prudentissi·</em></strong></span> 
     </span>
     <span class='ocr_line' id='line_1_53' title="bbox 1944 2215 3596 2290; baseline -0.002 -16"><span class='ocrx_word' id='word_1_364' title='bbox 1944 2235 2074 2274; x_wconf 89' lang='lat' dir='ltr'><strong><em>mus</em></strong></span> <span class='ocrx_word' id='word_1_365' title='bbox 2120 2224 2175 2275; x_wconf 92' lang='lat' dir='ltr'><strong><em>et</em></strong></span> <span class='ocrx_word' id='word_1_366' title='bbox 2230 2218 2426 2290; x_wconf 90' lang='lat' dir='ltr'><strong><em>populi</em></strong></span> <span class='ocrx_word' id='word_1_367' title='bbox 2483 2215 2669 2273; x_wconf 86' lang='lat' dir='ltr'><strong><em>nostri</em></strong></span> <span class='ocrx_word' id='word_1_368' title='bbox 2723 2221 2985 2285; x_wconf 88' lang='lat' dir='ltr'><strong><em>amator3</em></strong></span> <span class='ocrx_word' id='word_1_369' title='bbox 3017 2217 3141 2289; x_wconf 88' lang='lat' dir='ltr'><strong><em>qui,</em></strong></span> <span class='ocrx_word' id='word_1_370' title='bbox 3174 2232 3302 2271; x_wconf 85' lang='lat' dir='ltr'><strong><em>cum</em></strong></span> <span class='ocrx_word' id='word_1_371' title='bbox 3357 2216 3596 2272; x_wconf 87' lang='lat' dir='ltr'><strong><em>haberet</em></strong></span> 
     </span>
     <span class='ocr_line' id='line_1_54' title="bbox 1944 2306 3595 2378; baseline -0.001 -16"><span class='ocrx_word' id='word_1_372' title='bbox 1944 2311 2063 2363; x_wconf 85' lang='lat' dir='ltr'><strong><em>tres</em></strong></span> <span class='ocrx_word' id='word_1_373' title='bbox 2086 2307 2258 2375; x_wconf 86' lang='lat' dir='ltr'><strong><em>filias,</em></strong></span> <span class='ocrx_word' id='word_1_374' title='bbox 2275 2322 2450 2362; x_wconf 88' lang='lat' dir='ltr'><strong><em>unam</em></strong></span> <span class='ocrx_word' id='word_1_375' title='bbox 2474 2306 2703 2361; x_wconf 82' lang='lat' dir='ltr'><strong><em>illarum</em></strong></span> <span class='ocrx_word' id='word_1_376' title='bbox 2729 2307 2970 2362; x_wconf 86' lang='lat' dir='ltr'><strong><em>dederat</em></strong></span> <span class='ocrx_word' id='word_1_377' title='bbox 2990 2306 3260 2378; x_wconf 66' lang='lat' dir='ltr'><strong><em>praedicto</em></strong></span> <span class='ocrx_word' id='word_1_378' title='bbox 3295 2306 3595 2361; x_wconf 85' lang='lat' dir='ltr'><strong><em>Damasce-</em></strong></span> 
     </span>
     <span class='ocr_line' id='line_1_55' title="bbox 1946 2394 3596 2468; baseline 0 -17"><span class='ocrx_word' id='word_1_379' title='bbox 1946 2413 2151 2453; x_wconf 89' lang='lat' dir='ltr'><strong><em>norum</em></strong></span> <span class='ocrx_word' id='word_1_380' title='bbox 2176 2397 2321 2468; x_wconf 89' lang='lat' dir='ltr'><strong><em>regi‚</em></strong></span> <span class='ocrx_word' id='word_1_381' title='bbox 2348 2396 2590 2452; x_wconf 88' lang='lat' dir='ltr'><strong><em>alteram</em></strong></span> <span class='ocrx_word' id='word_1_382' title='bbox 2640 2395 2942 2452; x_wconf 76' lang='lat' dir='ltr'><strong><em>Noradino&#39;</em></strong></span> <span class='ocrx_word' id='word_1_383' title='bbox 2965 2394 3251 2466; x_wconf 84' lang='lat' dir='ltr'><strong><em>Sanguini</em></strong></span> <span class='ocrx_word' id='word_1_384' title='bbox 3283 2394 3444 2462; x_wconf 81' lang='lat' dir='ltr'><strong><em>filio3</em></strong></span> <span class='ocrx_word' id='word_1_385' title='bbox 3480 2404 3596 2451; x_wconf 84' lang='lat' dir='ltr'><strong><em>ter·</em></strong></span> 
     </span>
     <span class='ocr_line' id='line_1_56' title="bbox 1946 2482 3591 2558; baseline 0 -19"><span class='ocrx_word' id='word_1_386' title='bbox 1946 2485 2081 2541; x_wconf 88' lang='lat' dir='ltr'><strong><em>tiam</em></strong></span> <span class='ocrx_word' id='word_1_387' title='bbox 2131 2487 2361 2542; x_wconf 86' lang='lat' dir='ltr'><strong><em>cuidam</em></strong></span> <span class='ocrx_word' id='word_1_388' title='bbox 2409 2486 2639 2558; x_wconf 88' lang='lat' dir='ltr'><strong><em>egregio</em></strong></span> <span class='ocrx_word' id='word_1_389' title='bbox 2694 2484 2889 2554; x_wconf 90' lang='lat' dir='ltr'><strong><em>militi,</em></strong></span> <span class='ocrx_word' id='word_1_390' title='bbox 2934 2482 3287 2555; x_wconf 86' lang='lat' dir='ltr'><strong><em>Manguarth</em></strong></span> <span class='ocrx_word' id='word_1_391' title='bbox 3331 2485 3591 2539; x_wconf 89' lang='lat' dir='ltr'><strong><em>nomine.</em></strong></span> 
     </span>
     <span class='ocr_line' id='line_1_57' title="bbox 1945 2573 3594 2648; baseline -0.002 -16"><span class='ocrx_word' id='word_1_392' title='bbox 1945 2576 2202 2633; x_wconf 76' lang='lat' dir='ltr'><strong><em>Habebat</em></strong></span> <span class='ocrx_word' id='word_1_393' title='bbox 2232 2592 2368 2648; x_wconf 89' lang='lat' dir='ltr'><strong><em>ergo</em></strong></span> <span class='ocrx_word' id='word_1_394' title='bbox 2400 2578 2555 2648; x_wconf 88' lang='lat' dir='ltr'><strong><em>regni</em></strong></span> <span class='ocrx_word' id='word_1_395' title='bbox 2590 2591 2811 2644; x_wconf 89' lang='lat' dir='ltr'><strong><em>curam,</em></strong></span> <span class='ocrx_word' id='word_1_396' title='bbox 2835 2578 2960 2630; x_wconf 86' lang='lat' dir='ltr'><strong><em>tum</em></strong></span> <span class='ocrx_word' id='word_1_397' title='bbox 2994 2574 3130 2646; x_wconf 87' lang='lat' dir='ltr'><strong><em>qnia</em></strong></span> <span class='ocrx_word' id='word_1_398' title='bbox 3160 2573 3312 2646; x_wconf 88' lang='lat' dir='ltr'><strong><em>regis</em></strong></span> <span class='ocrx_word' id='word_1_399' title='bbox 3342 2578 3471 2630; x_wconf 86' lang='lat' dir='ltr'><strong><em>erat</em></strong></span> <span class='ocrx_word' id='word_1_400' title='bbox 3503 2590 3594 2630; x_wconf 86' lang='lat' dir='ltr'><strong><em>so-</em></strong></span> 
     </span>
     <span class='ocr_line' id='line_1_58' title="bbox 1945 2661 3591 2736; baseline -0.002 -16"><span class='ocrx_word' id='word_1_401' title='bbox 1945 2681 2060 2732; x_wconf 88' lang='lat' dir='ltr'><strong><em>cer,</em></strong></span> <span class='ocrx_word' id='word_1_402' title='bbox 2089 2669 2215 2720; x_wconf 88' lang='lat' dir='ltr'><strong><em>tum</em></strong></span> <span class='ocrx_word' id='word_1_403' title='bbox 2256 2665 2390 2735; x_wconf 89' lang='lat' dir='ltr'><strong><em>quia</em></strong></span> <span class='ocrx_word' id='word_1_404' title='bbox 2430 2665 2518 2719; x_wconf 87' lang='lat' dir='ltr'><strong><em>vir</em></strong></span> <span class='ocrx_word' id='word_1_405' title='bbox 2565 2663 3022 2736; x_wconf 88' lang='lat' dir='ltr'><strong><em>circumspectus</em></strong></span> <span class='ocrx_word' id='word_1_406' title='bbox 3068 2667 3193 2718; x_wconf 88' lang='lat' dir='ltr'><strong><em>erat</em></strong></span> <span class='ocrx_word' id='word_1_407' title='bbox 3243 2661 3591 2735; x_wconf 88' lang='lat' dir='ltr'><strong><em>plurimum.</em></strong></span> 
     </span>
     <span class='ocr_line' id='line_1_59' title="bbox 1946 2750 3598 2824; baseline -0.001 -14"><span class='ocrx_word' id='word_1_408' title='bbox 1946 2754 2063 2810; x_wconf 80' lang='lat' dir='ltr'><strong><em>Rex</em></strong></span> <span class='ocrx_word' id='word_1_409' title='bbox 2094 2761 2284 2809; x_wconf 88' lang='lat' dir='ltr'><strong><em>autem</em></strong></span> <span class='ocrx_word' id='word_1_410' title='bbox 2318 2755 2507 2821; x_wconf 87' lang='lat' dir='ltr'><strong><em>deses,</em></strong></span> <span class='ocrx_word' id='word_1_411' title='bbox 2532 2753 2797 2809; x_wconf 86' lang='lat' dir='ltr'><strong><em>ebriosus</em></strong></span> <span class='ocrx_word' id='word_1_412' title='bbox 2828 2760 2881 2807; x_wconf 91' lang='lat' dir='ltr'><strong><em>et</em></strong></span> <span class='ocrx_word' id='word_1_413' title='bbox 2912 2750 3151 2824; x_wconf 88' lang='lat' dir='ltr'><strong><em>populo,</em></strong></span> <span class='ocrx_word' id='word_1_414' title='bbox 3177 2751 3317 2808; x_wconf 87' lang='lat' dir='ltr'><strong><em>solis</em></strong></span> <span class='ocrx_word' id='word_1_415' title='bbox 3348 2752 3598 2808; x_wconf 83' lang='lat' dir='ltr'><strong><em>vacabat</em></strong></span> 
     </span>
     <span class='ocr_line' id='line_1_60' title="bbox 1941 2840 3597 2909; baseline -0.002 -10"><span class='ocrx_word' id='word_1_416' title='bbox 1941 2843 2167 2899; x_wconf 87' lang='lat' dir='ltr'><strong><em>deliciis</em></strong></span> <span class='ocrx_word' id='word_1_417' title='bbox 2194 2848 2251 2899; x_wconf 90' lang='lat' dir='ltr'><strong><em>et</em></strong></span> <span class='ocrx_word' id='word_1_418' title='bbox 2282 2842 2523 2899; x_wconf 83' lang='lat' dir='ltr'><strong><em>libidine</em></strong></span> <span class='ocrx_word' id='word_1_419' title='bbox 2551 2847 2708 2898; x_wconf 87' lang='lat' dir='ltr'><strong><em>totus</em></strong></span> <span class='ocrx_word' id='word_1_420' title='bbox 2738 2840 3009 2898; x_wconf 76' lang='lat' dir='ltr'><strong><em>effluebat</em></strong></span> <span class='ocrx_word' id='word_1_421' title='bbox 3047 2840 3399 2898; x_wconf 86' lang='lat' dir='ltr'><strong><em>dissolutus.</em></strong></span> <span class='ocrx_word' id='word_1_422' title='bbox 3439 2842 3597 2909; x_wconf 91' lang='lat' dir='ltr'><strong><em>Is,ut</em></strong></span> 
     </span>
     <span class='ocr_line' id='line_1_61' title="bbox 1939 2929 3597 3005; baseline -0.001 -18"><span class='ocrx_word' id='word_1_423' title='bbox 1939 2932 2213 2999; x_wconf 86' lang='lat' dir='ltr'><strong><em>diximus,</em></strong></span> <span class='ocrx_word' id='word_1_424' title='bbox 2254 2931 2446 3004; x_wconf 88' lang='lat' dir='ltr'><strong><em>gentis</em></strong></span> <span class='ocrx_word' id='word_1_425' title='bbox 2472 2935 2680 2987; x_wconf 69' lang='lat' dir='ltr'><strong><em>nostras</em></strong></span> <span class='ocrx_word' id='word_1_426' title='bbox 2712 2931 2982 3005; x_wconf 85' lang='lat' dir='ltr'><strong><em>gratiam,</em></strong></span> <span class='ocrx_word' id='word_1_427' title='bbox 3012 2929 3465 3003; x_wconf 83' lang='lat' dir='ltr'><strong><em>quibuscunque</em></strong></span> <span class='ocrx_word' id='word_1_428' title='bbox 3498 2946 3597 3004; x_wconf 91' lang='lat' dir='ltr'><strong><em>po·</em></strong></span> 
     </span>
     <span class='ocr_line' id='line_1_62' title="bbox 1940 3018 3595 3093; baseline 0 -15"><span class='ocrx_word' id='word_1_429' title='bbox 1940 3029 2085 3079; x_wconf 87' lang='lat' dir='ltr'><strong><em>terat</em></strong></span> <span class='ocrx_word' id='word_1_430' title='bbox 2113 3022 2410 3093; x_wconf 88' lang='lat' dir='ltr'><strong><em>obsequiis</em></strong></span> <span class='ocrx_word' id='word_1_431' title='bbox 2442 3022 2670 3089; x_wconf 90' lang='lat' dir='ltr'><strong><em>mereri,</em></strong></span> <span class='ocrx_word' id='word_1_432' title='bbox 2702 3020 3004 3093; x_wconf 85' lang='lat' dir='ltr'><strong><em>satagebat</em></strong></span> <span class='ocrx_word' id='word_1_433' title='bbox 3034 3036 3050 3087; x_wconf 99' lang='lat'>3</span> <span class='ocrx_word' id='word_1_434' title='bbox 3082 3025 3139 3076; x_wconf 92' lang='lat' dir='ltr'><strong><em>et</em></strong></span> <span class='ocrx_word' id='word_1_435' title='bbox 3168 3018 3595 3092; x_wconf 88' lang='lat' dir='ltr'><strong><em>quibussolent</em></strong></span> 
     </span>
    </p>
   </div>
   <div class='ocr_carea' id='block_1_10' title="bbox 175 3097 3589 3184">
    <p class='ocr_par' dir='ltr' id='par_1_10' title="bbox 175 3097 3589 3184">
     <span class='ocr_line' id='line_1_63' title="bbox 175 3097 3589 3184; baseline 0 -19"><span class='ocrx_word' id='word_1_436' title='bbox 175 3109 445 3181; x_wconf 79' lang='lat' dir='ltr'><strong><em>judicant</em></strong></span> <span class='ocrx_word' id='word_1_437' title='bbox 494 3109 943 3174; x_wconf 84' lang='lat' dir='ltr'><strong><em>incrementum,</em></strong></span> <span class='ocrx_word' id='word_1_438' title='bbox 996 3109 1042 3163; x_wconf 91' lang='lat' dir='ltr'><strong><em>si</em></strong></span> <span class='ocrx_word' id='word_1_439' title='bbox 1072 3108 1415 3164; x_wconf 65' lang='lat' dir='ltr'><strong><em>Christianis</em></strong></span> <span class='ocrx_word' id='word_1_440' title='bbox 1467 3108 1602 3164; x_wconf 79' lang='lat' dir='ltr'><strong><em>fidei</em></strong></span> <span class='ocrx_word' id='word_1_441' title='bbox 1643 3113 1700 3165; x_wconf 94' lang='lat' dir='ltr'><strong><em>et</em></strong></span> <span class='ocrx_word' id='word_1_442' title='bbox 1729 3125 1837 3163; x_wconf 88' lang='lat' dir='ltr'><strong><em>no·</em></strong></span> <span class='ocrx_word' id='word_1_443' title='bbox 1867 3097 2113 3168; x_wconf 88' lang='lat' dir='ltr'><strong><em>Camici</em></strong></span> <span class='ocrx_word' id='word_1_444' title='bbox 2157 3112 2506 3184; x_wconf 89' lang='lat' dir='ltr'><strong><em>comparari,</em></strong></span> <span class='ocrx_word' id='word_1_445' title='bbox 2548 3111 2749 3167; x_wconf 81' lang='lat' dir='ltr'><strong><em>merita</em></strong></span> <span class='ocrx_word' id='word_1_446' title='bbox 2784 3112 2842 3167; x_wconf 91' lang='lat' dir='ltr'><strong><em>in</em></strong></span> <span class='ocrx_word' id='word_1_447' title='bbox 2889 3127 2955 3167; x_wconf 88' lang='lat' dir='ltr'><strong><em>eo</em></strong></span> <span class='ocrx_word' id='word_1_448' title='bbox 3002 3127 3121 3166; x_wconf 90' lang='lat' dir='ltr'><strong><em>non</em></strong></span> <span class='ocrx_word' id='word_1_449' title='bbox 3170 3119 3333 3166; x_wconf 89' lang='lat' dir='ltr'><strong><em>erant</em></strong></span> <span class='ocrx_word' id='word_1_450' title='bbox 3380 3109 3589 3167; x_wconf 88' lang='lat' dir='ltr'><strong><em>otiosa.</em></strong></span> 
     </span>
    </p>
   </div>
   <div class='ocr_carea' id='block_1_11' title="bbox 112 3196 1825 4427">
    <p class='ocr_par' dir='ltr' id='par_1_11' title="bbox 112 3196 1825 4427">
     <span class='ocr_line' id='line_1_64' title="bbox 179 3196 1821 3269; baseline -0.001 -15"><span class='ocrx_word' id='word_1_451' title='bbox 179 3199 315 3254; x_wconf 80' lang='lat' dir='ltr'><strong><em>strae</em></strong></span> <span class='ocrx_word' id='word_1_452' title='bbox 336 3196 758 3267; x_wconf 84' lang='lat' dir='ltr'><strong><em>jurisdictioni,</em></strong></span> <span class='ocrx_word' id='word_1_453' title='bbox 783 3213 884 3268; x_wconf 89' lang='lat' dir='ltr'><strong><em>per</em></strong></span> <span class='ocrx_word' id='word_1_454' title='bbox 912 3197 1088 3266; x_wconf 88' lang='lat' dir='ltr'><strong><em>hujus</em></strong></span> <span class='ocrx_word' id='word_1_455' title='bbox 1108 3211 1366 3264; x_wconf 89' lang='lat' dir='ltr'><strong><em>operam,</em></strong></span> <span class='ocrx_word' id='word_1_456' title='bbox 1380 3198 1514 3267; x_wconf 89' lang='lat' dir='ltr'><strong><em>jure</em></strong></span> <span class='ocrx_word' id='word_1_457' title='bbox 1545 3199 1821 3269; x_wconf 89' lang='lat' dir='ltr'><strong><em>perpetuo</em></strong></span> 
     </span>
     <span class='ocr_line' id='line_1_65' title="bbox 177 3285 1825 3359; baseline -0.002 -16"><span class='ocrx_word' id='word_1_458' title='bbox 177 3288 366 3359; x_wconf 85' lang='lat' dir='ltr'><strong><em>possit</em></strong></span> <span class='ocrx_word' id='word_1_459' title='bbox 393 3302 717 3341; x_wconf 87' lang='lat' dir='ltr'><strong><em>accressere</em></strong></span> <span class='ocrx_word' id='word_1_460' title='bbox 747 3286 951 3341; x_wconf 87' lang='lat' dir='ltr'><strong><em>civitas</em></strong></span> <span class='ocrx_word' id='word_1_461' title='bbox 984 3287 1419 3356; x_wconf 63' lang='lat' dir='ltr'><strong><em>praenominata.</em></strong></span> <span class='ocrx_word' id='word_1_462' title='bbox 1438 3285 1627 3342; x_wconf 86' lang='lat' dir='ltr'><strong><em>Paetis</em></strong></span> <span class='ocrx_word' id='word_1_463' title='bbox 1649 3285 1825 3357; x_wconf 86' lang='lat' dir='ltr'><strong><em>igitur</em></strong></span> 
     </span>
     <span class='ocr_line' id='line_1_66' title="bbox 177 3374 1821 3446; baseline -0.001 -16"><span class='ocrx_word' id='word_1_464' title='bbox 177 3374 473 3430; x_wconf 89' lang='lat' dir='ltr'><strong><em>hincinde</em></strong></span> <span class='ocrx_word' id='word_1_465' title='bbox 494 3376 564 3430; x_wconf 89' lang='lat' dir='ltr'><strong><em>ad</em></strong></span> <span class='ocrx_word' id='word_1_466' title='bbox 589 3390 904 3446; x_wconf 83' lang='lat' dir='ltr'><strong><em>congruam</em></strong></span> <span class='ocrx_word' id='word_1_467' title='bbox 927 3375 1368 3431; x_wconf 79' lang='lat' dir='ltr'><strong><em>consonantiam</em></strong></span> <span class='ocrx_word' id='word_1_468' title='bbox 1402 3374 1672 3440; x_wconf 88' lang='lat' dir='ltr'><strong><em>redactis,</em></strong></span> <span class='ocrx_word' id='word_1_469' title='bbox 1688 3374 1821 3429; x_wconf 90' lang='lat' dir='ltr'><strong><em>uni-</em></strong></span> 
     </span>
     <span class='ocr_line' id='line_1_67' title="bbox 176 3463 1821 3536; baseline -0.001 -17"><span class='ocrx_word' id='word_1_470' title='bbox 176 3480 377 3520; x_wconf 75' lang='lat' dir='ltr'><strong><em>versus</em></strong></span> <span class='ocrx_word' id='word_1_471' title='bbox 405 3464 567 3536; x_wconf 86' lang='lat' dir='ltr'><strong><em>regni</em></strong></span> <span class='ocrx_word' id='word_1_472' title='bbox 622 3463 870 3535; x_wconf 88' lang='lat' dir='ltr'><strong><em>populus</em></strong></span> <span class='ocrx_word' id='word_1_473' title='bbox 925 3479 1063 3519; x_wconf 86' lang='lat' dir='ltr'><strong><em>voce</em></strong></span> <span class='ocrx_word' id='word_1_474' title='bbox 1093 3463 1376 3534; x_wconf 82' lang='lat' dir='ltr'><strong><em>praeoonia</em></strong></span> <span class='ocrx_word' id='word_1_475' title='bbox 1418 3472 1821 3535; x_wconf 84' lang='lat' dir='ltr'><strong><em>congregatur,</em></strong></span> 
     </span>
     <span class='ocr_line' id='line_1_68' title="bbox 175 3551 1821 3624; baseline -0.001 -14"><span class='ocrx_word' id='word_1_476' title='bbox 175 3556 236 3610; x_wconf 89' lang='lat' dir='ltr'><strong><em>et</em></strong></span> <span class='ocrx_word' id='word_1_477' title='bbox 281 3552 593 3624; x_wconf 90' lang='lat' dir='ltr'><strong><em>implorato</em></strong></span> <span class='ocrx_word' id='word_1_478' title='bbox 637 3552 708 3607; x_wconf 91' lang='lat' dir='ltr'><strong><em>de</em></strong></span> <span class='ocrx_word' id='word_1_479' title='bbox 758 3551 1027 3623; x_wconf 88' lang='lat' dir='ltr'><strong><em>supernis</em></strong></span> <span class='ocrx_word' id='word_1_480' title='bbox 1070 3551 1310 3620; x_wconf 87' lang='lat' dir='ltr'><strong><em>auxilio,</em></strong></span> <span class='ocrx_word' id='word_1_481' title='bbox 1341 3551 1579 3606; x_wconf 69' lang='lat' dir='ltr'><strong><em>vivificas</em></strong></span> <span class='ocrx_word' id='word_1_482' title='bbox 1628 3552 1821 3608; x_wconf 88' lang='lat' dir='ltr'><strong><em>erneis</em></strong></span> 
     </span>
     <span class='ocr_line' id='line_1_69' title="bbox 176 3640 1815 3714; baseline -0.001 -17"><span class='ocrx_word' id='word_1_483' title='bbox 176 3640 337 3714; x_wconf 89' lang='lat' dir='ltr'><strong><em>ligno</em></strong></span> <span class='ocrx_word' id='word_1_484' title='bbox 367 3657 567 3697; x_wconf 87' lang='lat' dir='ltr'><strong><em>secum</em></strong></span> <span class='ocrx_word' id='word_1_485' title='bbox 598 3652 904 3711; x_wconf 88' lang='lat' dir='ltr'><strong><em>assumpto</em></strong></span> <span class='ocrx_word' id='word_1_486' title='bbox 934 3640 1198 3706; x_wconf 88' lang='lat' dir='ltr'><strong><em>salutari,</em></strong></span> <span class='ocrx_word' id='word_1_487' title='bbox 1227 3646 1349 3697; x_wconf 91' lang='lat' dir='ltr'><strong><em>tam</em></strong></span> <span class='ocrx_word' id='word_1_488' title='bbox 1381 3641 1658 3697; x_wconf 87' lang='lat' dir='ltr'><strong><em>dominus</em></strong></span> <span class='ocrx_word' id='word_1_489' title='bbox 1699 3657 1815 3709; x_wconf 86' lang='lat' dir='ltr'><strong><em>rex,</em></strong></span> 
     </span>
     <span class='ocr_line' id='line_1_70' title="bbox 175 3730 1821 3803; baseline 0 -16"><span class='ocrx_word' id='word_1_490' title='bbox 175 3747 349 3801; x_wconf 85' lang='lat' dir='ltr'><strong><em>quam</em></strong></span> <span class='ocrx_word' id='word_1_491' title='bbox 382 3730 677 3803; x_wconf 85' lang='lat' dir='ltr'><strong><em>principes</em></strong></span> <span class='ocrx_word' id='word_1_492' title='bbox 732 3745 952 3797; x_wconf 84' lang='lat' dir='ltr'><strong><em>omnes,</em></strong></span> <span class='ocrx_word' id='word_1_493' title='bbox 981 3730 1351 3786; x_wconf 87' lang='lat' dir='ltr'><strong><em>Tiberiadem</em></strong></span> <span class='ocrx_word' id='word_1_494' title='bbox 1403 3746 1591 3801; x_wconf 89' lang='lat' dir='ltr'><strong><em>usque</em></strong></span> <span class='ocrx_word' id='word_1_495' title='bbox 1619 3745 1821 3801; x_wconf 86' lang='lat' dir='ltr'><strong><em>perve-</em></strong></span> 
     </span>
     <span class='ocr_line' id='line_1_71' title="bbox 173 3818 1822 3891; baseline 0.001 -15"><span class='ocrx_word' id='word_1_496' title='bbox 173 3821 345 3876; x_wconf 88' lang='lat' dir='ltr'><strong><em>niunt</em></strong></span> <span class='ocrx_word' id='word_1_497' title='bbox 377 3820 516 3877; x_wconf 82' lang='lat' dir='ltr'><strong><em>:ubi</em></strong></span> <span class='ocrx_word' id='word_1_498' title='bbox 558 3820 715 3875; x_wconf 88' lang='lat' dir='ltr'><strong><em>cirea</em></strong></span> <span class='ocrx_word' id='word_1_499' title='bbox 768 3825 1022 3891; x_wconf 88' lang='lat' dir='ltr'><strong><em>pontem,</em></strong></span> <span class='ocrx_word' id='word_1_500' title='bbox 1054 3820 1209 3876; x_wconf 89' lang='lat' dir='ltr'><strong><em>unde</em></strong></span> <span class='ocrx_word' id='word_1_501' title='bbox 1256 3836 1325 3875; x_wconf 84' lang='lat' dir='ltr'><strong><em>ex</em></strong></span> <span class='ocrx_word' id='word_1_502' title='bbox 1370 3820 1512 3874; x_wconf 87' lang='lat' dir='ltr'><strong><em>mari</em></strong></span> <span class='ocrx_word' id='word_1_503' title='bbox 1544 3818 1822 3877; x_wconf 80' lang='lat' dir='ltr'><strong><em>Jordanis</em></strong></span> 
     </span>
     <span class='ocr_line' id='line_1_72' title="bbox 112 3907 1816 3981; baseline 0 -16"><span class='ocrx_word' id='word_1_504' title='bbox 112 3967 121 3980; x_wconf 62' lang='lat'><strong><em>,</em></strong></span> <span class='ocrx_word' id='word_1_505' title='bbox 173 3908 394 3965; x_wconf 87' lang='lat' dir='ltr'><strong><em>fluenta</em></strong></span> <span class='ocrx_word' id='word_1_506' title='bbox 419 3925 482 3966; x_wconf 89' lang='lat' dir='ltr'><strong><em>se</em></strong></span> <span class='ocrx_word' id='word_1_507' title='bbox 526 3908 814 3978; x_wconf 81' lang='lat' dir='ltr'><strong><em>dividunt,</em></strong></span> <span class='ocrx_word' id='word_1_508' title='bbox 842 3912 1348 3966; x_wconf 85' lang='lat' dir='ltr'><strong><em>castrametantur.</em></strong></span> <span class='ocrx_word' id='word_1_509' title='bbox 1383 3907 1559 3965; x_wconf 88' lang='lat' dir='ltr'><strong><em>Porro</em></strong></span> <span class='ocrx_word' id='word_1_510' title='bbox 1607 3910 1816 3981; x_wconf 77' lang='lat' dir='ltr'><strong><em>praedi-</em></strong></span> 
     </span>
     <span class='ocr_line' id='line_1_73' title="bbox 172 3998 1816 4070; baseline -0.001 -15"><span class='ocrx_word' id='word_1_511' title='bbox 172 4002 302 4055; x_wconf 81' lang='lat' dir='ltr'><strong><em>etus</em></strong></span> <span class='ocrx_word' id='word_1_512' title='bbox 333 3998 648 4067; x_wconf 85' lang='lat' dir='ltr'><strong><em>Ainardus,</em></strong></span> <span class='ocrx_word' id='word_1_513' title='bbox 671 4013 804 4054; x_wconf 89' lang='lat' dir='ltr'><strong><em>eum</em></strong></span> <span class='ocrx_word' id='word_1_514' title='bbox 837 3998 1067 4055; x_wconf 89' lang='lat' dir='ltr'><strong><em>domino</em></strong></span> <span class='ocrx_word' id='word_1_515' title='bbox 1099 4013 1254 4070; x_wconf 89' lang='lat' dir='ltr'><strong><em>rege,</em></strong></span> <span class='ocrx_word' id='word_1_516' title='bbox 1286 3998 1440 4053; x_wconf 89' lang='lat' dir='ltr'><strong><em>sicut</em></strong></span> <span class='ocrx_word' id='word_1_517' title='bbox 1458 4002 1517 4054; x_wconf 88' lang='lat' dir='ltr'><strong><em>et</em></strong></span> <span class='ocrx_word' id='word_1_518' title='bbox 1545 4013 1681 4055; x_wconf 88' lang='lat' dir='ltr'><strong><em>eum</em></strong></span> <span class='ocrx_word' id='word_1_519' title='bbox 1708 4015 1816 4069; x_wconf 89' lang='lat' dir='ltr'><strong><em>pa·</em></strong></span> 
     </span>
     <span class='ocr_line' id='line_1_74' title="bbox 174 4088 1815 4163; baseline 0.002 -19"><span class='ocrx_word' id='word_1_520' title='bbox 174 4092 262 4144; x_wconf 92' lang='lat' dir='ltr'><strong><em>tre</em></strong></span> <span class='ocrx_word' id='word_1_521' title='bbox 285 4089 414 4160; x_wconf 88' lang='lat' dir='ltr'><strong><em>ejus</em></strong></span> <span class='ocrx_word' id='word_1_522' title='bbox 439 4090 622 4145; x_wconf 78' lang='lat' dir='ltr'><strong><em>foedus</em></strong></span> <span class='ocrx_word' id='word_1_523' title='bbox 638 4088 801 4159; x_wconf 89' lang='lat' dir='ltr'><strong><em>prius</em></strong></span> <span class='ocrx_word' id='word_1_524' title='bbox 828 4089 1058 4155; x_wconf 90' lang='lat' dir='ltr'><strong><em>inierat,</em></strong></span> <span class='ocrx_word' id='word_1_525' title='bbox 1076 4094 1134 4145; x_wconf 90' lang='lat' dir='ltr'><strong><em>et</em></strong></span> <span class='ocrx_word' id='word_1_526' title='bbox 1163 4105 1367 4163; x_wconf 88' lang='lat' dir='ltr'><strong><em>paoem</em></strong></span> <span class='ocrx_word' id='word_1_527' title='bbox 1397 4090 1815 4161; x_wconf 84' lang='lat' dir='ltr'><strong><em>temporalem:</em></strong></span> 
     </span>
     <span class='ocr_line' id='line_1_75' title="bbox 173 4177 1814 4249; baseline 0.002 -17"><span class='ocrx_word' id='word_1_528' title='bbox 173 4179 329 4234; x_wconf 90' lang='lat' dir='ltr'><strong><em>unde</em></strong></span> <span class='ocrx_word' id='word_1_529' title='bbox 360 4177 701 4249; x_wconf 86' lang='lat' dir='ltr'><strong><em>opportebat</em></strong></span> <span class='ocrx_word' id='word_1_530' title='bbox 720 4193 856 4233; x_wconf 91' lang='lat' dir='ltr'><strong><em>eum</em></strong></span> <span class='ocrx_word' id='word_1_531' title='bbox 892 4179 1233 4249; x_wconf 81' lang='lat' dir='ltr'><strong><em>praemoneri</em></strong></span> <span class='ocrx_word' id='word_1_532' title='bbox 1266 4177 1623 4248; x_wconf 88' lang='lat' dir='ltr'><strong><em>solemniter,</em></strong></span> <span class='ocrx_word' id='word_1_533' title='bbox 1655 4184 1721 4235; x_wconf 92' lang='lat' dir='ltr'><strong><em>ut</em></strong></span> <span class='ocrx_word' id='word_1_534' title='bbox 1745 4181 1814 4235; x_wconf 91' lang='lat' dir='ltr'><strong><em>ad</em></strong></span> 
     </span>
     <span class='ocr_line' id='line_1_76' title="bbox 174 4266 1814 4338; baseline 0.002 -18"><span class='ocrx_word' id='word_1_535' title='bbox 174 4282 267 4321; x_wconf 90' lang='lat' dir='ltr'><strong><em>res</em></strong></span> <span class='ocrx_word' id='word_1_536' title='bbox 293 4266 581 4321; x_wconf 76' lang='lat' dir='ltr'><strong><em>istendutn</em></strong></span> <span class='ocrx_word' id='word_1_537' title='bbox 608 4268 1170 4338; x_wconf 65' lang='lat' dir='ltr'><strong><em>praeparandumque</em></strong></span> <span class='ocrx_word' id='word_1_538' title='bbox 1187 4271 1345 4336; x_wconf 90' lang='lat' dir='ltr'><strong><em>se,et</em></strong></span> <span class='ocrx_word' id='word_1_539' title='bbox 1377 4268 1814 4324; x_wconf 83' lang='lat' dir='ltr'><strong><em>convocandum</em></strong></span> 
     </span>
     <span class='ocr_line' id='line_1_77' title="bbox 170 4352 1819 4427; baseline 0.002 -18"><span class='ocrx_word' id='word_1_540' title='bbox 170 4354 489 4409; x_wconf 85' lang='lat' dir='ltr'><strong><em>exercitum</em></strong></span> <span class='ocrx_word' id='word_1_541' title='bbox 520 4352 808 4422; x_wconf 84' lang='lat' dir='ltr'><strong><em>legitimas</em></strong></span> <span class='ocrx_word' id='word_1_542' title='bbox 858 4370 960 4425; x_wconf 90' lang='lat' dir='ltr'><strong><em>pro</em></strong></span> <span class='ocrx_word' id='word_1_543' title='bbox 994 4371 1150 4410; x_wconf 90' lang='lat' dir='ltr'><strong><em>more</em></strong></span> <span class='ocrx_word' id='word_1_544' title='bbox 1180 4354 1437 4427; x_wconf 84' lang='lat' dir='ltr'><strong><em>regionis</em></strong></span> <span class='ocrx_word' id='word_1_545' title='bbox 1482 4357 1723 4412; x_wconf 87' lang='lat' dir='ltr'><strong><em>haberet</em></strong></span> <span class='ocrx_word' id='word_1_546' title='bbox 1743 4357 1819 4413; x_wconf 78' lang='lat' dir='ltr'><strong><em>fe-</em></strong></span> 
     </span>
    </p>
   </div>
   <div class='ocr_carea' id='block_1_12' title="bbox 1929 3198 3593 3721">
    <p class='ocr_par' dir='ltr' id='par_1_12' title="bbox 1929 3198 3593 3721">
     <span class='ocr_line' id='line_1_78' title="bbox 1932 3198 3593 3265; baseline -0.001 -8"><span class='ocrx_word' id='word_1_547' title='bbox 1932 3201 2338 3265; x_wconf 86' lang='lat' dir='ltr'><strong><em>Quod&#39;utrum</em></strong></span> <span class='ocrx_word' id='word_1_548' title='bbox 2384 3218 2453 3258; x_wconf 85' lang='lat' dir='ltr'><strong><em>ex</em></strong></span> <span class='ocrx_word' id='word_1_549' title='bbox 2500 3201 2696 3258; x_wconf 86' lang='lat' dir='ltr'><strong><em>animo</em></strong></span> <span class='ocrx_word' id='word_1_550' title='bbox 2743 3204 2801 3256; x_wconf 89' lang='lat' dir='ltr'><strong><em>et</em></strong></span> <span class='ocrx_word' id='word_1_551' title='bbox 2846 3215 2914 3257; x_wconf 85' lang='lat' dir='ltr'><strong><em>ex</em></strong></span> <span class='ocrx_word' id='word_1_552' title='bbox 2962 3198 3292 3256; x_wconf 88' lang='lat' dir='ltr'><strong><em>dilectionis</em></strong></span> <span class='ocrx_word' id='word_1_553' title='bbox 3342 3199 3593 3256; x_wconf 90' lang='lat' dir='ltr'><strong><em>sinceri-</em></strong></span> 
     </span>
     <span class='ocr_line' id='line_1_79' title="bbox 1931 3288 3590 3363; baseline -0.001 -16"><span class='ocrx_word' id='word_1_554' title='bbox 1931 3295 2048 3347; x_wconf 86' lang='lat' dir='ltr'><strong><em>tate</em></strong></span> <span class='ocrx_word' id='word_1_555' title='bbox 2073 3292 2524 3363; x_wconf 89' lang='lat' dir='ltr'><strong><em>procederet,an</em></strong></span> <span class='ocrx_word' id='word_1_556' title='bbox 2572 3291 2820 3346; x_wconf 88' lang='lat' dir='ltr'><strong><em>invitum</em></strong></span> <span class='ocrx_word' id='word_1_557' title='bbox 2871 3288 3197 3360; x_wconf 88' lang='lat' dir='ltr'><strong><em>impelleret</em></strong></span> <span class='ocrx_word' id='word_1_558' title='bbox 3247 3290 3590 3355; x_wconf 78' lang='lat' dir='ltr'><strong><em>necessitaS,</em></strong></span> 
     </span>
     <span class='ocr_line' id='line_1_80' title="bbox 1930 3379 3592 3453; baseline -0.001 -15"><span class='ocrx_word' id='word_1_559' title='bbox 1930 3380 2085 3438; x_wconf 90' lang='lat' dir='ltr'><strong><em>inter</em></strong></span> <span class='ocrx_word' id='word_1_560' title='bbox 2115 3381 2429 3453; x_wconf 87' lang='lat' dir='ltr'><strong><em>prudentes</em></strong></span> <span class='ocrx_word' id='word_1_561' title='bbox 2451 3379 2838 3451; x_wconf 84' lang='lat' dir='ltr'><strong><em>quaerebatur.</em></strong></span> <span class='ocrx_word' id='word_1_562' title='bbox 2863 3379 3095 3434; x_wconf 89' lang='lat' dir='ltr'><strong><em>Poterat</em></strong></span> <span class='ocrx_word' id='word_1_563' title='bbox 3112 3394 3255 3435; x_wconf 86' lang='lat' dir='ltr'><strong><em>sane</em></strong></span> <span class='ocrx_word' id='word_1_564' title='bbox 3276 3383 3592 3451; x_wconf 87' lang='lat' dir='ltr'><strong><em>utrumque</em></strong></span> 
     </span>
     <span class='ocr_line' id='line_1_81' title="bbox 1929 3467 3590 3542; baseline -0.001 -15"><span class='ocrx_word' id='word_1_565' title='bbox 1929 3487 2054 3529; x_wconf 87' lang='lat' dir='ltr'><strong><em>esse</em></strong></span> <span class='ocrx_word' id='word_1_566' title='bbox 2084 3471 2143 3526; x_wconf 90' lang='lat' dir='ltr'><strong><em>in</em></strong></span> <span class='ocrx_word' id='word_1_567' title='bbox 2173 3487 2350 3526; x_wconf 81' lang='lat' dir='ltr'><strong><em>causa</em></strong></span> <span class='ocrx_word' id='word_1_568' title='bbox 2373 3489 2387 3538; x_wconf 88' lang='lat'>3</span> <span class='ocrx_word' id='word_1_569' title='bbox 2412 3486 2547 3526; x_wconf 91' lang='lat' dir='ltr'><strong><em>nam</em></strong></span> <span class='ocrx_word' id='word_1_570' title='bbox 2571 3485 2849 3542; x_wconf 85' lang='lat' dir='ltr'><strong><em>generum</em></strong></span> <span class='ocrx_word' id='word_1_571' title='bbox 2876 3485 3047 3525; x_wconf 89' lang='lat' dir='ltr'><strong><em>suum</em></strong></span> <span class='ocrx_word' id='word_1_572' title='bbox 3100 3467 3590 3535; x_wconf 85' lang='lat' dir='ltr'><strong><em>Noradinum,sic</em></strong></span> 
     </span>
     <span class='ocr_line' id='line_1_82' title="bbox 1930 3556 3588 3632; baseline -0.001 -15"><span class='ocrx_word' id='word_1_573' title='bbox 1930 3566 2083 3617; x_wconf 89' lang='lat' dir='ltr'><strong><em>utet</em></strong></span> <span class='ocrx_word' id='word_1_574' title='bbox 2132 3568 2350 3632; x_wconf 87' lang='lat' dir='ltr'><strong><em>patrem</em></strong></span> <span class='ocrx_word' id='word_1_575' title='bbox 2383 3561 2511 3630; x_wconf 88' lang='lat' dir='ltr'><strong><em>ejus</em></strong></span> <span class='ocrx_word' id='word_1_576' title='bbox 2558 3561 2740 3631; x_wconf 88' lang='lat' dir='ltr'><strong><em>prius,</em></strong></span> <span class='ocrx_word' id='word_1_577' title='bbox 2790 3564 3122 3628; x_wconf 89' lang='lat' dir='ltr'><strong><em>suspectum</em></strong></span> <span class='ocrx_word' id='word_1_578' title='bbox 3180 3556 3438 3614; x_wconf 86' lang='lat' dir='ltr'><strong><em>habebat</em></strong></span> <span class='ocrx_word' id='word_1_579' title='bbox 3472 3575 3588 3615; x_wconf 91' lang='lat' dir='ltr'><strong><em>non</em></strong></span> 
     </span>
     <span class='ocr_line' id='line_1_83' title="bbox 1930 3648 3587 3721; baseline -0.001 -16"><span class='ocrx_word' id='word_1_580' title='bbox 1930 3650 2248 3720; x_wconf 90' lang='lat' dir='ltr'><strong><em>modicum,</em></strong></span> <span class='ocrx_word' id='word_1_581' title='bbox 2284 3666 2354 3705; x_wconf 91' lang='lat' dir='ltr'><strong><em>ne</em></strong></span> <span class='ocrx_word' id='word_1_582' title='bbox 2385 3665 2600 3721; x_wconf 89' lang='lat' dir='ltr'><strong><em>regem,</em></strong></span> <span class='ocrx_word' id='word_1_583' title='bbox 2633 3649 2843 3705; x_wconf 89' lang='lat' dir='ltr'><strong><em>iterum</em></strong></span> <span class='ocrx_word' id='word_1_584' title='bbox 2874 3664 3151 3721; x_wconf 88' lang='lat' dir='ltr'><strong><em>generum</em></strong></span> <span class='ocrx_word' id='word_1_585' title='bbox 3176 3664 3376 3717; x_wconf 90' lang='lat' dir='ltr'><strong><em>suum,</em></strong></span> <span class='ocrx_word' id='word_1_586' title='bbox 3397 3648 3587 3704; x_wconf 84' lang='lat' dir='ltr'><strong><em>virum</em></strong></span> 
     </span>
    </p>
   </div>
   <div class='ocr_carea' id='block_1_13' title="bbox 1924 3736 3591 4431">
    <p class='ocr_par' dir='ltr' id='par_1_13' title="bbox 1924 3736 3591 4431">
     <span class='ocr_line' id='line_1_84' title="bbox 1928 3736 3588 3810; baseline 0.001 -17"><span class='ocrx_word' id='word_1_587' title='bbox 1928 3755 2170 3810; x_wconf 90' lang='lat' dir='ltr'><strong><em>prorsus</em></strong></span> <span class='ocrx_word' id='word_1_588' title='bbox 2203 3738 2568 3805; x_wconf 89' lang='lat' dir='ltr'><strong><em>inutilem,et</em></strong></span> <span class='ocrx_word' id='word_1_589' title='bbox 2597 3754 2795 3795; x_wconf 86' lang='lat' dir='ltr'><strong><em>crassa</em></strong></span> <span class='ocrx_word' id='word_1_590' title='bbox 2821 3738 3099 3810; x_wconf 88' lang='lat' dir='ltr'><strong><em>supinum</em></strong></span> <span class='ocrx_word' id='word_1_591' title='bbox 3125 3736 3588 3805; x_wconf 54' lang='lat' dir='ltr'><strong><em>ignorantiame-</em></strong></span> 
     </span>
     <span class='ocr_line' id='line_1_85' title="bbox 1927 3825 3591 3899; baseline 0.001 -19"><span class='ocrx_word' id='word_1_592' title='bbox 1927 3841 2061 3899; x_wconf 88' lang='lat' dir='ltr'><strong><em>gno,</em></strong></span> <span class='ocrx_word' id='word_1_593' title='bbox 2094 3829 2234 3881; x_wconf 90' lang='lat' dir='ltr'><strong><em>etse</em></strong></span> <span class='ocrx_word' id='word_1_594' title='bbox 2264 3825 2336 3880; x_wconf 87' lang='lat' dir='ltr'><strong><em>ab</em></strong></span> <span class='ocrx_word' id='word_1_595' title='bbox 2367 3825 2880 3881; x_wconf 87' lang='lat' dir='ltr'><strong><em>administratione</em></strong></span> <span class='ocrx_word' id='word_1_596' title='bbox 2915 3825 3271 3881; x_wconf 86' lang='lat' dir='ltr'><strong><em>detruderet.</em></strong></span> <span class='ocrx_word' id='word_1_597' title='bbox 3300 3826 3442 3882; x_wconf 81' lang='lat' dir='ltr'><strong><em>Inde</em></strong></span> <span class='ocrx_word' id='word_1_598' title='bbox 3458 3833 3591 3882; x_wconf 81' lang='lat' dir='ltr'><strong><em>erat</em></strong></span> 
     </span>
     <span class='ocr_line' id='line_1_86' title="bbox 1928 3913 3588 3987; baseline 0.001 -17"><span class='ocrx_word' id='word_1_599' title='bbox 1928 3913 2204 3981; x_wconf 81' lang='lat' dir='ltr'><strong><em>maxime,</em></strong></span> <span class='ocrx_word' id='word_1_600' title='bbox 2226 3915 2379 3987; x_wconf 89' lang='lat' dir='ltr'><strong><em>quod</em></strong></span> <span class='ocrx_word' id='word_1_601' title='bbox 2402 3919 2729 3971; x_wconf 90' lang='lat' dir='ltr'><strong><em>nostrorum</em></strong></span> <span class='ocrx_word' id='word_1_602' title='bbox 2749 3915 2858 3969; x_wconf 87' lang='lat' dir='ltr'><strong><em>sibi</em></strong></span> <span class='ocrx_word' id='word_1_603' title='bbox 2880 3914 3274 3972; x_wconf 86' lang='lat' dir='ltr'><strong><em>necessariam</em></strong></span> <span class='ocrx_word' id='word_1_604' title='bbox 3305 3920 3588 3987; x_wconf 84' lang='lat' dir='ltr'><strong><em>reputans</em></strong></span> 
     </span>
     <span class='ocr_line' id='line_1_87' title="bbox 1925 4002 3587 4077; baseline 0 -18"><span class='ocrx_word' id='word_1_605' title='bbox 1925 4002 2199 4077; x_wconf 87' lang='lat' dir='ltr'><strong><em>gratiam,</em></strong></span> <span class='ocrx_word' id='word_1_606' title='bbox 2229 4003 2387 4060; x_wconf 90' lang='lat' dir='ltr'><strong><em>omni</em></strong></span> <span class='ocrx_word' id='word_1_607' title='bbox 2416 4003 2507 4058; x_wconf 78' lang='lat' dir='ltr'><strong><em>via</em></strong></span> <span class='ocrx_word' id='word_1_608' title='bbox 2537 4018 2649 4075; x_wconf 88' lang='lat' dir='ltr'><strong><em>qua</em></strong></span> <span class='ocrx_word' id='word_1_609' title='bbox 2683 4007 2907 4074; x_wconf 84' lang='lat' dir='ltr'><strong><em>poterat</em></strong></span> <span class='ocrx_word' id='word_1_610' title='bbox 2935 4003 3008 4059; x_wconf 89' lang='lat' dir='ltr'><strong><em>ad</em></strong></span> <span class='ocrx_word' id='word_1_611' title='bbox 3041 4019 3167 4058; x_wconf 89' lang='lat' dir='ltr'><strong><em>eam</em></strong></span> <span class='ocrx_word' id='word_1_612' title='bbox 3199 4003 3587 4059; x_wconf 83' lang='lat' dir='ltr'><strong><em>obtinendam</em></strong></span> 
     </span>
     <span class='ocr_line' id='line_1_88' title="bbox 1926 4090 3587 4163; baseline -0.001 -15"><span class='ocrx_word' id='word_1_613' title='bbox 1926 4092 2247 4163; x_wconf 80' lang='lat' dir='ltr'><strong><em>aspirabat.</em></strong></span> <span class='ocrx_word' id='word_1_614' title='bbox 2269 4090 2577 4148; x_wconf 84' lang='lat' dir='ltr'><strong><em>Vitebalur</em></strong></span> <span class='ocrx_word' id='word_1_615' title='bbox 2598 4093 2686 4146; x_wconf 89' lang='lat' dir='ltr'><strong><em>vir</em></strong></span> <span class='ocrx_word' id='word_1_616' title='bbox 2705 4090 2993 4147; x_wconf 86' lang='lat' dir='ltr'><strong><em>discretus</em></strong></span> <span class='ocrx_word' id='word_1_617' title='bbox 3015 4090 3463 4163; x_wconf 66' lang='lat' dir='ltr'><strong><em>praesagientem</em></strong></span> <span class='ocrx_word' id='word_1_618' title='bbox 3488 4090 3587 4147; x_wconf 89' lang='lat' dir='ltr'><strong><em>ha·</em></strong></span> 
     </span>
     <span class='ocr_line' id='line_1_89' title="bbox 1924 4178 3585 4252; baseline -0.002 -15"><span class='ocrx_word' id='word_1_619' title='bbox 1924 4179 2060 4237; x_wconf 88' lang='lat' dir='ltr'><strong><em>bere</em></strong></span> <span class='ocrx_word' id='word_1_620' title='bbox 2090 4181 2360 4252; x_wconf 85' lang='lat' dir='ltr'><strong><em>spiritum</em></strong></span> <span class='ocrx_word' id='word_1_621' title='bbox 2391 4195 2405 4246; x_wconf 91' lang='lat'>3</span> <span class='ocrx_word' id='word_1_622' title='bbox 2440 4197 2573 4235; x_wconf 87' lang='lat' dir='ltr'><strong><em>nam</em></strong></span> <span class='ocrx_word' id='word_1_623' title='bbox 2597 4180 2748 4251; x_wconf 84' lang='lat' dir='ltr'><strong><em>quod</em></strong></span> <span class='ocrx_word' id='word_1_624' title='bbox 2784 4180 3093 4235; x_wconf 84' lang='lat' dir='ltr'><strong><em>verebatur</em></strong></span> <span class='ocrx_word' id='word_1_625' title='bbox 3120 4179 3350 4235; x_wconf 88' lang='lat' dir='ltr'><strong><em>accidit.</em></strong></span> <span class='ocrx_word' id='word_1_626' title='bbox 3371 4178 3585 4236; x_wconf 85' lang='lat' dir='ltr'><strong><em>Statim</em></strong></span> 
     </span>
     <span class='ocr_line' id='line_1_90' title="bbox 1924 4268 3588 4341; baseline -0.002 -13"><span class='ocrx_word' id='word_1_627' title='bbox 1924 4270 2080 4328; x_wconf 90' lang='lat' dir='ltr'><strong><em>enim</em></strong></span> <span class='ocrx_word' id='word_1_628' title='bbox 2112 4287 2179 4327; x_wconf 88' lang='lat' dir='ltr'><strong><em>eo</em></strong></span> <span class='ocrx_word' id='word_1_629' title='bbox 2214 4276 2465 4337; x_wconf 89' lang='lat' dir='ltr'><strong><em>mortuo,</em></strong></span> <span class='ocrx_word' id='word_1_630' title='bbox 2483 4271 2796 4341; x_wconf 82' lang='lat' dir='ltr'><strong><em>praedictus</em></strong></span> <span class='ocrx_word' id='word_1_631' title='bbox 2824 4268 3180 4338; x_wconf 87' lang='lat' dir='ltr'><strong><em>Noradinus,</em></strong></span> <span class='ocrx_word' id='word_1_632' title='bbox 3205 4269 3588 4325; x_wconf 85' lang='lat' dir='ltr'><strong><em>eonsentien-</em></strong></span> 
     </span>
     <span class='ocr_line' id='line_1_91' title="bbox 1926 4357 3588 4431; baseline -0.001 -16"><span class='ocrx_word' id='word_1_633' title='bbox 1926 4360 2085 4416; x_wconf 89' lang='lat' dir='ltr'><strong><em>tibus</em></strong></span> <span class='ocrx_word' id='word_1_634' title='bbox 2117 4359 2227 4416; x_wconf 88' lang='lat' dir='ltr'><strong><em>sibi</em></strong></span> <span class='ocrx_word' id='word_1_635' title='bbox 2284 4360 2693 4420; x_wconf 79' lang='lat' dir='ltr'><strong><em>Damascenis.</em></strong></span> <span class='ocrx_word' id='word_1_636' title='bbox 2723 4359 2819 4415; x_wconf 89' lang='lat' dir='ltr'><strong><em>illo</em></strong></span> <span class='ocrx_word' id='word_1_637' title='bbox 2851 4358 2952 4431; x_wconf 87' lang='lat' dir='ltr'><strong><em>qui</em></strong></span> <span class='ocrx_word' id='word_1_638' title='bbox 2992 4358 3269 4431; x_wconf 89' lang='lat' dir='ltr'><strong><em>regnabat</em></strong></span> <span class='ocrx_word' id='word_1_639' title='bbox 3295 4357 3588 4414; x_wconf 79' lang='lat' dir='ltr'><strong><em>violenter</em></strong></span> 
     </span>
    </p>
   </div>
   <div class='ocr_carea' id='block_1_14' title="bbox 175 4438 3582 4521">
    <p class='ocr_par' dir='ltr' id='par_1_14' title="bbox 175 4438 3582 4521">
     <span class='ocr_line' id='line_1_92' title="bbox 175 4438 3582 4521; baseline 0.001 -22"><span class='ocrx_word' id='word_1_640' title='bbox 175 4443 293 4499; x_wconf 90' lang='lat' dir='ltr'><strong><em>rias</em></strong></span> <span class='ocrx_word' id='word_1_641' title='bbox 319 4460 335 4510; x_wconf 90' lang='lat'>3</span> <span class='ocrx_word' id='word_1_642' title='bbox 358 4458 429 4498; x_wconf 90' lang='lat' dir='ltr'><strong><em>ne</em></strong></span> <span class='ocrx_word' id='word_1_643' title='bbox 458 4443 504 4497; x_wconf 88' lang='lat' dir='ltr'><strong><em>si</em></strong></span> <span class='ocrx_word' id='word_1_644' title='bbox 539 4447 774 4514; x_wconf 87' lang='lat' dir='ltr'><strong><em>repente</em></strong></span> <span class='ocrx_word' id='word_1_645' title='bbox 805 4451 862 4499; x_wconf 91' lang='lat' dir='ltr'><strong><em>et</em></strong></span> <span class='ocrx_word' id='word_1_646' title='bbox 891 4453 1026 4500; x_wconf 86' lang='lat' dir='ltr'><strong><em>ante</em></strong></span> <span class='ocrx_word' id='word_1_647' title='bbox 1055 4444 1376 4502; x_wconf 88' lang='lat' dir='ltr'><strong><em>solemnem</em></strong></span> <span class='ocrx_word' id='word_1_648' title='bbox 1408 4447 1809 4504; x_wconf 78' lang='lat' dir='ltr'><strong><em>commonitio·</em></strong></span> <span class='ocrx_word' id='word_1_649' title='bbox 1838 4438 1893 4505; x_wconf 90' lang='lat' dir='ltr'>D</span> <span class='ocrx_word' id='word_1_650' title='bbox 1922 4447 2179 4516; x_wconf 84' lang='lat' dir='ltr'><strong><em>excluso,</em></strong></span> <span class='ocrx_word' id='word_1_651' title='bbox 2212 4464 2459 4521; x_wconf 88' lang='lat' dir='ltr'><strong><em>regnum</em></strong></span> <span class='ocrx_word' id='word_1_652' title='bbox 2492 4449 2814 4516; x_wconf 78' lang='lat' dir='ltr'><strong><em>occupavit.</em></strong></span> <span class='ocrx_word' id='word_1_653' title='bbox 2849 4449 3191 4505; x_wconf 81' lang='lat' dir='ltr'><strong><em>Elaborabat</em></strong></span> <span class='ocrx_word' id='word_1_654' title='bbox 3220 4464 3357 4519; x_wconf 83' lang='lat' dir='ltr'><strong><em>ergo</em></strong></span> <span class='ocrx_word' id='word_1_655' title='bbox 3390 4446 3582 4504; x_wconf 81' lang='lat' dir='ltr'><strong><em>tideli-</em></strong></span> 
     </span>
    </p>
   </div>
   <div class='ocr_carea' id='block_1_15' title="bbox 165 4532 1817 5590">
    <p class='ocr_par' dir='ltr' id='par_1_15' title="bbox 165 4532 1817 5590">
     <span class='ocr_line' id='line_1_93' title="bbox 171 4532 1817 4607; baseline 0.003 -19"><span class='ocrx_word' id='word_1_656' title='bbox 171 4549 329 4599; x_wconf 85' lang='lat' dir='ltr'><strong><em>nem,</em></strong></span> <span class='ocrx_word' id='word_1_657' title='bbox 352 4532 500 4587; x_wconf 82' lang='lat' dir='ltr'><strong><em>infra</em></strong></span> <span class='ocrx_word' id='word_1_658' title='bbox 531 4549 670 4588; x_wconf 85' lang='lat' dir='ltr'><strong><em>suos</em></strong></span> <span class='ocrx_word' id='word_1_659' title='bbox 701 4532 1171 4603; x_wconf 85' lang='lat' dir='ltr'><strong><em>fines,hostiliter</em></strong></span> <span class='ocrx_word' id='word_1_660' title='bbox 1192 4533 1467 4591; x_wconf 86' lang='lat' dir='ltr'><strong><em>dominus</em></strong></span> <span class='ocrx_word' id='word_1_661' title='bbox 1500 4551 1595 4591; x_wconf 88' lang='lat' dir='ltr'><strong><em>rex</em></strong></span> <span class='ocrx_word' id='word_1_662' title='bbox 1625 4536 1817 4607; x_wconf 85' lang='lat' dir='ltr'><strong><em>ingre-</em></strong></span> 
     </span>
     <span class='ocr_line' id='line_1_94' title="bbox 170 4620 1813 4695; baseline 0.002 -19"><span class='ocrx_word' id='word_1_663' title='bbox 170 4620 840 4693; x_wconf 88' lang='lat' dir='ltr'><strong><em>deretur,contralegem</em></strong></span> <span class='ocrx_word' id='word_1_664' title='bbox 882 4628 1187 4695; x_wconf 87' lang='lat' dir='ltr'><strong><em>pactorum</em></strong></span> <span class='ocrx_word' id='word_1_665' title='bbox 1211 4624 1505 4681; x_wconf 88' lang='lat' dir='ltr'><strong><em>videretur</em></strong></span> <span class='ocrx_word' id='word_1_666' title='bbox 1529 4629 1813 4681; x_wconf 86' lang='lat' dir='ltr'><strong><em>versatus.</em></strong></span> 
     </span>
     <span class='ocr_line' id='line_1_95' title="bbox 173 4709 1815 4784; baseline 0.002 -19"><span class='ocrx_word' id='word_1_667' title='bbox 173 4709 368 4766; x_wconf 86' lang='lat' dir='ltr'><strong><em>Missis</em></strong></span> <span class='ocrx_word' id='word_1_668' title='bbox 412 4709 592 4782; x_wconf 88' lang='lat' dir='ltr'><strong><em>igitur</em></strong></span> <span class='ocrx_word' id='word_1_669' title='bbox 641 4710 885 4779; x_wconf 89' lang='lat' dir='ltr'><strong><em>nuntiis,</em></strong></span> <span class='ocrx_word' id='word_1_670' title='bbox 913 4712 984 4766; x_wconf 91' lang='lat' dir='ltr'><strong><em>ad</em></strong></span> <span class='ocrx_word' id='word_1_671' title='bbox 1026 4713 1298 4768; x_wconf 90' lang='lat' dir='ltr'><strong><em>eumdem</em></strong></span> <span class='ocrx_word' id='word_1_672' title='bbox 1349 4717 1815 4784; x_wconf 89' lang='lat' dir='ltr'><strong><em>procuratorem,</em></strong></span> 
     </span>
     <span class='ocr_line' id='line_1_96' title="bbox 170 4798 1816 4874; baseline 0.003 -19"><span class='ocrx_word' id='word_1_673' title='bbox 170 4800 307 4856; x_wconf 87' lang='lat' dir='ltr'><strong><em>dum</em></strong></span> <span class='ocrx_word' id='word_1_674' title='bbox 355 4798 454 4855; x_wconf 90' lang='lat' dir='ltr'><strong><em>ille</em></strong></span> <span class='ocrx_word' id='word_1_675' title='bbox 501 4803 782 4873; x_wconf 86' lang='lat' dir='ltr'><strong><em>tanquam</em></strong></span> <span class='ocrx_word' id='word_1_676' title='bbox 834 4799 918 4857; x_wconf 72' lang='lat' dir='ltr'><strong><em>vir</em></strong></span> <span class='ocrx_word' id='word_1_677' title='bbox 964 4801 1385 4874; x_wconf 87' lang='lat' dir='ltr'><strong><em>sagacissimus</em></strong></span> <span class='ocrx_word' id='word_1_678' title='bbox 1412 4819 1481 4859; x_wconf 82' lang='lat' dir='ltr'><strong><em>ex</em></strong></span> <span class='ocrx_word' id='word_1_679' title='bbox 1528 4803 1816 4860; x_wconf 87' lang='lat' dir='ltr'><strong><em>industria</em></strong></span> 
     </span>
     <span class='ocr_line' id='line_1_97' title="bbox 172 4888 1809 4964; baseline 0.005 -23"><span class='ocrx_word' id='word_1_680' title='bbox 172 4888 369 4945; x_wconf 78' lang='lat' dir='ltr'><strong><em>differt</em></strong></span> <span class='ocrx_word' id='word_1_681' title='bbox 388 4905 664 4960; x_wconf 89' lang='lat' dir='ltr'><strong><em>responsa</em></strong></span> <span class='ocrx_word' id='word_1_682' title='bbox 680 4890 974 4961; x_wconf 89' lang='lat' dir='ltr'><strong><em>dare,jam</em></strong></span> <span class='ocrx_word' id='word_1_683' title='bbox 994 4906 1169 4963; x_wconf 86' lang='lat' dir='ltr'><strong><em>pense</em></strong></span> <span class='ocrx_word' id='word_1_684' title='bbox 1190 4890 1409 4947; x_wconf 85' lang='lat' dir='ltr'><strong><em>mensis</em></strong></span> <span class='ocrx_word' id='word_1_685' title='bbox 1423 4892 1809 4964; x_wconf 68' lang='lat' dir='ltr'><strong><em>praeterierat:</em></strong></span> 
     </span>
     <span class='ocr_line' id='line_1_98' title="bbox 170 4977 1813 5054; baseline 0.004 -23"><span class='ocrx_word' id='word_1_686' title='bbox 170 4992 287 5048; x_wconf 90' lang='lat' dir='ltr'><strong><em>quo</em></strong></span> <span class='ocrx_word' id='word_1_687' title='bbox 318 4977 511 5032; x_wconf 88' lang='lat' dir='ltr'><strong><em>medio</em></strong></span> <span class='ocrx_word' id='word_1_688' title='bbox 543 4983 799 5050; x_wconf 85' lang='lat' dir='ltr'><strong><em>tempore</em></strong></span> <span class='ocrx_word' id='word_1_689' title='bbox 831 4996 946 5036; x_wconf 89' lang='lat' dir='ltr'><strong><em>non</em></strong></span> <span class='ocrx_word' id='word_1_690' title='bbox 988 4981 1252 5049; x_wconf 80' lang='lat' dir='ltr'><strong><em>cessavit,</em></strong></span> <span class='ocrx_word' id='word_1_691' title='bbox 1283 4984 1402 5036; x_wconf 90' lang='lat' dir='ltr'><strong><em>tam</em></strong></span> <span class='ocrx_word' id='word_1_692' title='bbox 1436 4997 1605 5052; x_wconf 90' lang='lat' dir='ltr'><strong><em>prece</em></strong></span> <span class='ocrx_word' id='word_1_693' title='bbox 1634 4998 1813 5054; x_wconf 88' lang='lat' dir='ltr'><strong><em>quam</em></strong></span> 
     </span>
     <span class='ocr_line' id='line_1_99' title="bbox 171 5064 1813 5141; baseline 0.002 -20"><span class='ocrx_word' id='word_1_694' title='bbox 171 5064 381 5140; x_wconf 87' lang='lat' dir='ltr'><strong><em>preti0,</em></strong></span> <span class='ocrx_word' id='word_1_695' title='bbox 412 5080 618 5122; x_wconf 86' lang='lat' dir='ltr'><strong><em>omnes</em></strong></span> <span class='ocrx_word' id='word_1_696' title='bbox 648 5068 928 5124; x_wconf 78' lang='lat' dir='ltr'><strong><em>finitimos</em></strong></span> <span class='ocrx_word' id='word_1_697' title='bbox 959 5085 1078 5125; x_wconf 62' lang='lat' dir='ltr'><strong><em>suaa</em></strong></span> <span class='ocrx_word' id='word_1_698' title='bbox 1100 5068 1291 5140; x_wconf 76' lang='lat' dir='ltr'><strong><em>gentis</em></strong></span> <span class='ocrx_word' id='word_1_699' title='bbox 1321 5085 1610 5141; x_wconf 84' lang='lat' dir='ltr'><strong><em>proceres,</em></strong></span> <span class='ocrx_word' id='word_1_700' title='bbox 1643 5069 1813 5139; x_wconf 84' lang='lat' dir='ltr'><strong><em>longe</em></strong></span> 
     </span>
     <span class='ocr_line' id='line_1_100' title="bbox 165 5154 1815 5230; baseline 0.001 -18"><span class='ocrx_word' id='word_1_701' title='bbox 165 5154 402 5228; x_wconf 87' lang='lat' dir='ltr'><strong><em>lateque</em></strong></span> <span class='ocrx_word' id='word_1_702' title='bbox 431 5154 488 5211; x_wconf 87' lang='lat' dir='ltr'><strong><em>in</em></strong></span> <span class='ocrx_word' id='word_1_703' title='bbox 522 5155 615 5211; x_wconf 90' lang='lat' dir='ltr'><strong><em>sui</em></strong></span> <span class='ocrx_word' id='word_1_704' title='bbox 647 5156 980 5213; x_wconf 87' lang='lat' dir='ltr'><strong><em>subsidium</em></strong></span> <span class='ocrx_word' id='word_1_705' title='bbox 1011 5174 1361 5227; x_wconf 84' lang='lat' dir='ltr'><strong><em>convocare3</em></strong></span> <span class='ocrx_word' id='word_1_706' title='bbox 1395 5160 1611 5230; x_wconf 83' lang='lat' dir='ltr'><strong><em>quibus</em></strong></span> <span class='ocrx_word' id='word_1_707' title='bbox 1642 5157 1815 5213; x_wconf 90' lang='lat' dir='ltr'><strong><em>undi-</em></strong></span> 
     </span>
     <span class='ocr_line' id='line_1_101' title="bbox 169 5244 1814 5320; baseline 0.002 -20"><span class='ocrx_word' id='word_1_708' title='bbox 169 5259 280 5317; x_wconf 90' lang='lat' dir='ltr'><strong><em>que</em></strong></span> <span class='ocrx_word' id='word_1_709' title='bbox 328 5244 399 5299; x_wconf 90' lang='lat' dir='ltr'><strong><em>ad</em></strong></span> <span class='ocrx_word' id='word_1_710' title='bbox 452 5245 799 5301; x_wconf 78' lang='lat' dir='ltr'><strong><em>infinitatem</em></strong></span> <span class='ocrx_word' id='word_1_711' title='bbox 845 5245 1085 5302; x_wconf 89' lang='lat' dir='ltr'><strong><em>nimiam</em></strong></span> <span class='ocrx_word' id='word_1_712' title='bbox 1152 5248 1521 5320; x_wconf 86' lang='lat' dir='ltr'><strong><em>congregatis</em></strong></span> <span class='ocrx_word' id='word_1_713' title='bbox 1576 5245 1814 5303; x_wconf 90' lang='lat' dir='ltr'><strong><em>domino</em></strong></span> 
     </span>
     <span class='ocr_line' id='line_1_102' title="bbox 170 5335 1814 5409; baseline 0.001 -17"><span class='ocrx_word' id='word_1_714' title='bbox 170 5335 289 5407; x_wconf 86' lang='lat' dir='ltr'><strong><em>regi</em></strong></span> <span class='ocrx_word' id='word_1_715' title='bbox 315 5340 370 5393; x_wconf 90' lang='lat' dir='ltr'><strong><em>et</em></strong></span> <span class='ocrx_word' id='word_1_716' title='bbox 420 5336 783 5408; x_wconf 88' lang='lat' dir='ltr'><strong><em>principibus</em></strong></span> <span class='ocrx_word' id='word_1_717' title='bbox 829 5338 1093 5403; x_wconf 87' lang='lat' dir='ltr'><strong><em>mandat,</em></strong></span> <span class='ocrx_word' id='word_1_718' title='bbox 1125 5337 1326 5395; x_wconf 84' lang='lat' dir='ltr'><strong><em>dicens</em></strong></span> <span class='ocrx_word' id='word_1_719' title='bbox 1359 5354 1372 5394; x_wconf 91' lang='lat'><strong>:</strong></span> <span class='ocrx_word' id='word_1_720' title='bbox 1409 5337 1608 5395; x_wconf 82' lang='lat' dir='ltr'><strong><em>Contra</em></strong></span> <span class='ocrx_word' id='word_1_721' title='bbox 1639 5339 1814 5409; x_wconf 70' lang='lat' dir='ltr'><strong><em>leqem</em></strong></span> 
     </span>
     <span class='ocr_line' id='line_1_103' title="bbox 167 5423 1809 5498; baseline 0.005 -19"><span class='ocrx_word' id='word_1_722' title='bbox 167 5423 298 5479; x_wconf 78' lang='lat' dir='ltr'><strong><em>initi</em></strong></span> <span class='ocrx_word' id='word_1_723' title='bbox 326 5424 545 5492; x_wconf 81' lang='lat' dir='ltr'><strong><em>soederis</em></strong></span> <span class='ocrx_word' id='word_1_724' title='bbox 592 5426 654 5480; x_wconf 81' lang='lat' dir='ltr'><strong><em>in</em></strong></span> <span class='ocrx_word' id='word_1_725' title='bbox 695 5432 905 5480; x_wconf 83' lang='lat' dir='ltr'><strong><em>terram</em></strong></span> <span class='ocrx_word' id='word_1_726' title='bbox 947 5426 1151 5481; x_wconf 81' lang='lat' dir='ltr'><strong><em>domiui</em></strong></span> <span class='ocrx_word' id='word_1_727' title='bbox 1177 5425 1289 5482; x_wconf 84' lang='lat' dir='ltr'><strong><em>mei</em></strong></span> <span class='ocrx_word' id='word_1_728' title='bbox 1317 5430 1523 5497; x_wconf 76' lang='lat' dir='ltr'><strong><em>paratis</em></strong></span> <span class='ocrx_word' id='word_1_729' title='bbox 1571 5427 1809 5498; x_wconf 84' lang='lat' dir='ltr'><strong><em>intrare,</em></strong></span> 
     </span>
     <span class='ocr_line' id='line_1_104' title="bbox 166 5514 1814 5590; baseline 0.009 -23"><span class='ocrx_word' id='word_1_730' title='bbox 166 5515 222 5568; x_wconf 85' lang='lat' dir='ltr'><strong><em>et</em></strong></span> <span class='ocrx_word' id='word_1_731' title='bbox 248 5527 466 5569; x_wconf 73' lang='lat' dir='ltr'><strong><em>servum</em></strong></span> <span class='ocrx_word' id='word_1_732' title='bbox 483 5514 606 5584; x_wconf 70' lang='lat' dir='ltr'><strong><em>eJ&#39;us</em></strong></span> <span class='ocrx_word' id='word_1_733' title='bbox 632 5519 1049 5585; x_wconf 79' lang='lat' dir='ltr'><strong><em>constumacem,</em></strong></span> <span class='ocrx_word' id='word_1_734' title='bbox 1066 5519 1119 5572; x_wconf 82' lang='lat' dir='ltr'><strong><em>et</em></strong></span> <span class='ocrx_word' id='word_1_735' title='bbox 1146 5522 1336 5572; x_wconf 70' lang='lat' dir='ltr'><strong><em>corito-a</em></strong></span> <span class='ocrx_word' id='word_1_736' title='bbox 1353 5515 1547 5576; x_wconf 66' lang='lat' dir='ltr'><strong><em>debita</em></strong></span> <span class='ocrx_word' id='word_1_737' title='bbox 1564 5520 1814 5590; x_wconf 76' lang='lat' dir='ltr'><strong><em>fidelita-</em></strong></span> 
     </span>
    </p>
   </div>
   <div class='ocr_carea' id='block_1_16' title="bbox 1922 4536 3585 5592">
    <p class='ocr_par' dir='ltr' id='par_1_16' title="bbox 1922 4536 3585 5592">
     <span class='ocr_line' id='line_1_105' title="bbox 1925 4536 3583 4610; baseline -0.001 -15"><span class='ocrx_word' id='word_1_738' title='bbox 1925 4545 2031 4605; x_wconf 90' lang='lat' dir='ltr'><strong><em>ter,</em></strong></span> <span class='ocrx_word' id='word_1_739' title='bbox 2064 4538 2425 4594; x_wconf 89' lang='lat' dir='ltr'><strong><em>utdominus</em></strong></span> <span class='ocrx_word' id='word_1_740' title='bbox 2455 4554 2576 4607; x_wconf 84' lang='lat' dir='ltr'><strong><em>rex,</em></strong></span> <span class='ocrx_word' id='word_1_741' title='bbox 2609 4538 2820 4594; x_wconf 79' lang='lat' dir='ltr'><strong><em>refusis</em></strong></span> <span class='ocrx_word' id='word_1_742' title='bbox 2850 4537 2962 4594; x_wconf 90' lang='lat' dir='ltr'><strong><em>sibi</em></strong></span> <span class='ocrx_word' id='word_1_743' title='bbox 2993 4536 3281 4608; x_wconf 85' lang='lat' dir='ltr'><strong><em>expensis,</em></strong></span> <span class='ocrx_word' id='word_1_744' title='bbox 3316 4553 3441 4607; x_wconf 77' lang='lat' dir='ltr'><strong><em>quae</em></strong></span> <span class='ocrx_word' id='word_1_745' title='bbox 3476 4553 3583 4610; x_wconf 87' lang='lat' dir='ltr'><strong><em>pro</em></strong></span> 
     </span>
     <span class='ocr_line' id='line_1_106' title="bbox 1922 4625 3585 4698; baseline -0.001 -15"><span class='ocrx_word' id='word_1_746' title='bbox 1922 4627 2184 4683; x_wconf 87' lang='lat' dir='ltr'><strong><em>vocanda</em></strong></span> <span class='ocrx_word' id='word_1_747' title='bbox 2215 4627 2427 4683; x_wconf 81' lang='lat' dir='ltr'><strong><em>fecerat</em></strong></span> <span class='ocrx_word' id='word_1_748' title='bbox 2458 4625 2848 4698; x_wconf 85' lang='lat' dir='ltr'><strong><em>expeditione,</em></strong></span> <span class='ocrx_word' id='word_1_749' title='bbox 2882 4627 2949 4680; x_wconf 84' lang='lat' dir='ltr'><strong><em>ad</em></strong></span> <span class='ocrx_word' id='word_1_750' title='bbox 2978 4629 3210 4697; x_wconf 84' lang='lat' dir='ltr'><strong><em>propria</em></strong></span> <span class='ocrx_word' id='word_1_751' title='bbox 3239 4625 3456 4681; x_wconf 86' lang='lat' dir='ltr'><strong><em>rediret</em></strong></span> <span class='ocrx_word' id='word_1_752' title='bbox 3488 4625 3585 4681; x_wconf 90' lang='lat' dir='ltr'><strong><em>in·</em></strong></span> 
     </span>
     <span class='ocr_line' id='line_1_107' title="bbox 1927 4713 3580 4787; baseline -0.001 -16"><span class='ocrx_word' id='word_1_753' title='bbox 1927 4715 2155 4772; x_wconf 90' lang='lat' dir='ltr'><strong><em>demnis</em></strong></span> <span class='ocrx_word' id='word_1_754' title='bbox 2178 4734 2193 4786; x_wconf 90' lang='lat'>3</span> <span class='ocrx_word' id='word_1_755' title='bbox 2216 4720 2276 4772; x_wconf 84' lang='lat' dir='ltr'><strong><em>et</em></strong></span> <span class='ocrx_word' id='word_1_756' title='bbox 2311 4713 2511 4787; x_wconf 88' lang='lat' dir='ltr'><strong><em>procul</em></strong></span> <span class='ocrx_word' id='word_1_757' title='bbox 2541 4713 2719 4771; x_wconf 90' lang='lat' dir='ltr'><strong><em>dubio</em></strong></span> <span class='ocrx_word' id='word_1_758' title='bbox 2753 4713 2951 4770; x_wconf 89' lang='lat' dir='ltr'><strong><em>minus</em></strong></span> <span class='ocrx_word' id='word_1_759' title='bbox 2981 4713 3269 4771; x_wconf 84' lang='lat' dir='ltr'><strong><em>hostiliter</em></strong></span> <span class='ocrx_word' id='word_1_760' title='bbox 3298 4714 3359 4770; x_wconf 89' lang='lat' dir='ltr'><strong><em>in</em></strong></span> <span class='ocrx_word' id='word_1_761' title='bbox 3391 4730 3458 4770; x_wconf 87' lang='lat' dir='ltr'><strong><em>eo</em></strong></span> <span class='ocrx_word' id='word_1_762' title='bbox 3492 4715 3580 4770; x_wconf 78' lang='lat' dir='ltr'><strong><em>sa·</em></strong></span> 
     </span>
     <span class='ocr_line' id='line_1_108' title="bbox 1926 4803 3582 4877; baseline -0.002 -14"><span class='ocrx_word' id='word_1_763' title='bbox 1926 4811 2039 4875; x_wconf 89' lang='lat' dir='ltr'><strong><em>cto,</em></strong></span> <span class='ocrx_word' id='word_1_764' title='bbox 2062 4815 2265 4861; x_wconf 85' lang='lat' dir='ltr'><strong><em>contra</em></strong></span> <span class='ocrx_word' id='word_1_765' title='bbox 2294 4804 2601 4861; x_wconf 89' lang='lat' dir='ltr'><strong><em>dominum</em></strong></span> <span class='ocrx_word' id='word_1_766' title='bbox 2651 4820 2843 4877; x_wconf 89' lang='lat' dir='ltr'><strong><em>regem</em></strong></span> <span class='ocrx_word' id='word_1_767' title='bbox 2877 4809 2934 4860; x_wconf 88' lang='lat' dir='ltr'><strong><em>et</em></strong></span> <span class='ocrx_word' id='word_1_768' title='bbox 2978 4803 3374 4860; x_wconf 85' lang='lat' dir='ltr'><strong><em>Christianum</em></strong></span> <span class='ocrx_word' id='word_1_769' title='bbox 3408 4819 3582 4860; x_wconf 83' lang='lat' dir='ltr'><strong><em>exer-</em></strong></span> 
     </span>
     <span class='ocr_line' id='line_1_109' title="bbox 1926 4892 3577 4964; baseline -0.001 -14"><span class='ocrx_word' id='word_1_770' title='bbox 1926 4895 2107 4951; x_wconf 90' lang='lat' dir='ltr'><strong><em>citum</em></strong></span> <span class='ocrx_word' id='word_1_771' title='bbox 2127 4909 2190 4950; x_wconf 87' lang='lat' dir='ltr'><strong><em>se</em></strong></span> <span class='ocrx_word' id='word_1_772' title='bbox 2220 4892 2549 4964; x_wconf 88' lang='lat' dir='ltr'><strong><em>habuisset,</em></strong></span> <span class='ocrx_word' id='word_1_773' title='bbox 2581 4895 2631 4951; x_wconf 88' lang='lat' dir='ltr'><strong><em>si</em></strong></span> <span class='ocrx_word' id='word_1_774' title='bbox 2657 4900 2999 4951; x_wconf 79' lang='lat' dir='ltr'><strong><em>convocatas</em></strong></span> <span class='ocrx_word' id='word_1_775' title='bbox 3030 4899 3253 4949; x_wconf 86' lang='lat' dir='ltr'><strong><em>exteras</em></strong></span> <span class='ocrx_word' id='word_1_776' title='bbox 3284 4893 3577 4960; x_wconf 86' lang='lat' dir='ltr'><strong><em>nationes,</em></strong></span> 
     </span>
     <span class='ocr_line' id='line_1_110' title="bbox 1926 4981 3579 5056; baseline -0.001 -18"><span class='ocrx_word' id='word_1_777' title='bbox 1926 4999 2029 5056; x_wconf 90' lang='lat' dir='ltr'><strong><em>pro</em></strong></span> <span class='ocrx_word' id='word_1_778' title='bbox 2079 4999 2189 5040; x_wconf 90' lang='lat' dir='ltr'><strong><em>suo</em></strong></span> <span class='ocrx_word' id='word_1_779' title='bbox 2237 4986 2528 5055; x_wconf 86' lang='lat' dir='ltr'><strong><em>potuisset</em></strong></span> <span class='ocrx_word' id='word_1_780' title='bbox 2568 4982 2808 5040; x_wconf 88' lang='lat' dir='ltr'><strong><em>arbitrio</em></strong></span> <span class='ocrx_word' id='word_1_781' title='bbox 2858 4981 3148 5038; x_wconf 89' lang='lat' dir='ltr'><strong><em>cohibere.</em></strong></span> <span class='ocrx_word' id='word_1_782' title='bbox 3186 4981 3372 5038; x_wconf 80' lang='lat' dir='ltr'><strong><em>Multa</em></strong></span> <span class='ocrx_word' id='word_1_783' title='bbox 3419 4981 3579 5036; x_wconf 89' lang='lat' dir='ltr'><strong><em>enim</em></strong></span> 
     </span>
     <span class='ocr_line' id='line_1_111' title="bbox 1927 5069 3580 5142; baseline 0 -15"><span class='ocrx_word' id='word_1_784' title='bbox 1927 5072 2064 5129; x_wconf 83' lang='lat' dir='ltr'><strong><em>fidei</em></strong></span> <span class='ocrx_word' id='word_1_785' title='bbox 2114 5072 2469 5129; x_wconf 88' lang='lat' dir='ltr'><strong><em>sinceritatis</em></strong></span> <span class='ocrx_word' id='word_1_786' title='bbox 2513 5076 2571 5128; x_wconf 90' lang='lat' dir='ltr'><strong><em>et</em></strong></span> <span class='ocrx_word' id='word_1_787' title='bbox 2615 5071 2956 5129; x_wconf 68' lang='lat' dir='ltr'><strong><em>constantim</em></strong></span> <span class='ocrx_word' id='word_1_788' title='bbox 2988 5071 3147 5127; x_wconf 84' lang='lat' dir='ltr'><strong><em>illius</em></strong></span> <span class='ocrx_word' id='word_1_789' title='bbox 3175 5070 3235 5126; x_wconf 86' lang='lat' dir='ltr'><strong><em>in</em></strong></span> <span class='ocrx_word' id='word_1_790' title='bbox 3286 5069 3580 5142; x_wconf 86' lang='lat' dir='ltr'><strong><em>plerisque</em></strong></span> 
     </span>
     <span class='ocr_line' id='line_1_112' title="bbox 1923 5159 3576 5235; baseline -0.002 -17"><span class='ocrx_word' id='word_1_791' title='bbox 1923 5160 2198 5235; x_wconf 86' lang='lat' dir='ltr'><strong><em>negotiis,</em></strong></span> <span class='ocrx_word' id='word_1_792' title='bbox 2219 5165 2376 5219; x_wconf 90' lang='lat' dir='ltr'><strong><em>certo</em></strong></span> <span class='ocrx_word' id='word_1_793' title='bbox 2408 5177 2606 5219; x_wconf 88' lang='lat' dir='ltr'><strong><em>rerum</em></strong></span> <span class='ocrx_word' id='word_1_794' title='bbox 2653 5160 3054 5234; x_wconf 82' lang='lat' dir='ltr'><strong><em>experimento</em></strong></span> <span class='ocrx_word' id='word_1_795' title='bbox 3082 5159 3463 5233; x_wconf 83' lang='lat' dir='ltr'><strong><em>eognovimus</em></strong></span> <span class='ocrx_word' id='word_1_796' title='bbox 3483 5176 3576 5215; x_wconf 91' lang='lat' dir='ltr'><strong><em>ar·</em></strong></span> 
     </span>
     <span class='ocr_line' id='line_1_113' title="bbox 1923 5260 2218 5325; baseline 0.003 -17"><span class='ocrx_word' id='word_1_797' title='bbox 1923 5260 2218 5325; x_wconf 88' lang='lat' dir='ltr'><strong><em>gumenta.</em></strong></span> 
     </span>
     <span class='ocr_line' id='line_1_114' title="bbox 2559 5341 2932 5399; baseline 0 -2"><span class='ocrx_word' id='word_1_798' title='bbox 2559 5341 2792 5398; x_wconf 82' lang='lat' dir='ltr'><strong>CAPUT</strong></span> <span class='ocrx_word' id='word_1_799' title='bbox 2832 5341 2932 5399; x_wconf 80' lang='lat' dir='ltr'><strong><em>lx.</em></strong></span> 
     </span>
     <span class='ocr_line' id='line_1_115' title="bbox 2032 5429 3483 5502; baseline -0.002 -14"><span class='ocrx_word' id='word_1_800' title='bbox 2032 5433 2334 5489; x_wconf 76' lang='lat' dir='ltr'><strong><em>Procedens</em></strong></span> <span class='ocrx_word' id='word_1_801' title='bbox 2364 5435 2659 5502; x_wconf 76' lang='lat' dir='ltr'><strong><em>exercitus,</em></strong></span> <span class='ocrx_word' id='word_1_802' title='bbox 2687 5430 2913 5501; x_wconf 77' lang='lat' dir='ltr'><strong><em>infinita</em></strong></span> <span class='ocrx_word' id='word_1_803' title='bbox 2948 5432 3188 5487; x_wconf 73' lang='lat' dir='ltr'><strong><em>sustinet</em></strong></span> <span class='ocrx_word' id='word_1_804' title='bbox 3212 5429 3483 5501; x_wconf 77' lang='lat' dir='ltr'><strong><em>pericula.</em></strong></span> 
     </span>
     <span class='ocr_line' id='line_1_116' title="bbox 2000 5518 3577 5592; baseline 0.001 -16"><span class='ocrx_word' id='word_1_805' title='bbox 2000 5521 2238 5592; x_wconf 83' lang='lat' dir='ltr'><strong><em>Verum,</em></strong></span> <span class='ocrx_word' id='word_1_806' title='bbox 2271 5523 2411 5579; x_wconf 88' lang='lat' dir='ltr'><strong><em>dum</em></strong></span> <span class='ocrx_word' id='word_1_807' title='bbox 2460 5522 2582 5579; x_wconf 66' lang='lat' dir='ltr'><strong><em>bne</em></strong></span> <span class='ocrx_word' id='word_1_808' title='bbox 2621 5521 2962 5580; x_wconf 87' lang='lat' dir='ltr'><strong><em>nuntiarent</em></strong></span> <span class='ocrx_word' id='word_1_809' title='bbox 3005 5518 3202 5592; x_wconf 80' lang='lat' dir='ltr'><strong><em>legati,</em></strong></span> <span class='ocrx_word' id='word_1_810' title='bbox 3224 5519 3383 5576; x_wconf 85' lang='lat' dir='ltr'><strong><em>inter</em></strong></span> <span class='ocrx_word' id='word_1_811' title='bbox 3424 5535 3577 5592; x_wconf 84' lang='lat' dir='ltr'><strong><em>quos</em></strong></span> 
     </span>
    </p>
   </div>
  </div>
 </body>
</html>
